{"_local_timestamp": "2026-01-25T23:40:39.368987+00:00", "data": [{"market": "0x16df76a155e148ef925c2a808204d5f2e2ac68d9585363616b82a6c6df765e84", "asset_id": "14657620875674906884624195454632482429719111899155632370720506398333067833005", "timestamp": "1769384401105", "hash": "a10908de7d3c2e7dc62ed5b1458a79ee3fa3e201", "bids": [{"price": "0.001", "size": "5074"}, {"price": "0.002", "size": "261.68"}, {"price": "0.003", "size": "207.75"}, {"price": "0.004", "size": "27.19"}, {"price": "0.005", "size": "10"}, {"price": "0.006", "size": "8.52"}, {"price": "0.01", "size": "510"}, {"price": "0.011", "size": "10.08"}, {"price": "0.013", "size": "500"}, {"price": "0.015", "size": "10000"}, {"price": "0.016", "size": "6.74"}, {"price": "0.017", "size": "394.11"}, {"price": "0.019", "size": "1288.11"}, {"price": "0.02", "size": "10150"}, {"price": "0.021", "size": "5.99"}, {"price": "0.026", "size": "192.3"}, {"price": "0.027", "size": "8.91"}, {"price": "0.03", "size": "319"}, {"price": "0.031", "size": "197.5"}, {"price": "0.032", "size": "1000"}, {"price": "0.033", "size": "1187.5"}, {"price": "0.035", "size": "4508.74"}, {"price": "0.036", "size": "6719.47"}, {"price": "0.038", "size": "462.7"}, {"price": "0.039", "size": "5.34"}, {"price": "0.04", "size": "725"}, {"price": "0.041", "size": "1899"}, {"price": "0.042", "size": "1500"}, {"price": "0.043", "size": "876"}, {"price": "0.045", "size": "1501"}, {"price": "0.046", "size": "2714.75"}, {"price": "0.047", "size": "6044.39"}, {"price": "0.048", "size": "431.8"}, {"price": "0.05", "size": "5"}, {"price": "0.051", "size": "717.49"}], "asks": [{"price": "0.999", "size": "3840.14"}, {"price": "0.998", "size": "14250"}, {"price": "0.997", "size": "1406.65"}, {"price": "0.994", "size": "200"}, {"price": "0.993", "size": "10.2"}, {"price": "0.99", "size": "2000"}, {"price": "0.989", "size": "10300"}, {"price": "0.98", "size": "4000"}, {"price": "0.979", "size": "250"}, {"price": "0.978", "size": "9.06"}, {"price": "0.95", "size": "330"}, {"price": "0.949", "size": "39"}, {"price": "0.93", "size": "500"}, {"price": "0.929", "size": "9.84"}, {"price": "0.886", "size": "325"}, {"price": "0.8", "size": "750"}, {"price": "0.797", "size": "838"}, {"price": "0.796", "size": "2058"}, {"price": "0.717", "size": "200"}, {"price": "0.639", "size": "750"}, {"price": "0.572", "size": "5"}, {"price": "0.571", "size": "1398"}, {"price": "0.57", "size": "3830"}, {"price": "0.4", "size": "100"}, {"price": "0.35", "size": "60"}, {"price": "0.249", "size": "3333"}, {"price": "0.15", "size": "50"}, {"price": "0.122", "size": "300"}, {"price": "0.12", "size": "100"}, {"price": "0.102", "size": "600"}, {"price": "0.086", "size": "100"}, {"price": "0.084", "size": "20000"}, {"price": "0.083", "size": "500"}, {"price": "0.08", "size": "5"}, {"price": "0.07", "size": "760"}, {"price": "0.066", "size": "6023"}, {"price": "0.065", "size": "5000"}, {"price": "0.063", "size": "889.41"}, {"price": "0.062", "size": "500"}, {"price": "0.06", "size": "1032"}, {"price": "0.058", "size": "634"}, {"price": "0.057", "size": "2472.21"}, {"price": "0.056", "size": "2976.1"}, {"price": "0.053", "size": "757.48"}], "event_type": "book", "last_trade_price": "0.947"}, {"market": "0x16df76a155e148ef925c2a808204d5f2e2ac68d9585363616b82a6c6df765e84", "asset_id": "104132822313945994667694798237261745912174886711958619988608099629798778147916", "timestamp": "1769384401105", "hash": "2dfba801d77e27b11dcf3df0e3a950b89aede9ca", "bids": [{"price": "0.001", "size": "3840.14"}, {"price": "0.002", "size": "14250"}, {"price": "0.003", "size": "1406.65"}, {"price": "0.006", "size": "200"}, {"price": "0.007", "size": "10.2"}, {"price": "0.01", "size": "2000"}, {"price": "0.011", "size": "10300"}, {"price": "0.02", "size": "4000"}, {"price": "0.021", "size": "250"}, {"price": "0.022", "size": "9.06"}, {"price": "0.05", "size": "330"}, {"price": "0.051", "size": "39"}, {"price": "0.07", "size": "500"}, {"price": "0.071", "size": "9.84"}, {"price": "0.114", "size": "325"}, {"price": "0.2", "size": "750"}, {"price": "0.203", "size": "838"}, {"price": "0.204", "size": "2058"}, {"price": "0.283", "size": "200"}, {"price": "0.361", "size": "750"}, {"price": "0.428", "size": "5"}, {"price": "0.429", "size": "1398"}, {"price": "0.43", "size": "3830"}, {"price": "0.6", "size": "100"}, {"price": "0.65", "size": "60"}, {"price": "0.751", "size": "3333"}, {"price": "0.85", "size": "50"}, {"price": "0.878", "size": "300"}, {"price": "0.88", "size": "100"}, {"price": "0.898", "size": "600"}, {"price": "0.914", "size": "100"}, {"price": "0.916", "size": "20000"}, {"price": "0.917", "size": "500"}, {"price": "0.92", "size": "5"}, {"price": "0.93", "size": "760"}, {"price": "0.934", "size": "6023"}, {"price": "0.935", "size": "5000"}, {"price": "0.937", "size": "889.41"}, {"price": "0.938", "size": "500"}, {"price": "0.94", "size": "1032"}, {"price": "0.942", "size": "634"}, {"price": "0.943", "size": "2472.21"}, {"price": "0.944", "size": "2976.1"}, {"price": "0.947", "size": "757.48"}], "asks": [{"price": "0.999", "size": "5074"}, {"price": "0.998", "size": "261.68"}, {"price": "0.997", "size": "207.75"}, {"price": "0.996", "size": "27.19"}, {"price": "0.995", "size": "10"}, {"price": "0.994", "size": "8.52"}, {"price": "0.99", "size": "510"}, {"price": "0.989", "size": "10.08"}, {"price": "0.987", "size": "500"}, {"price": "0.985", "size": "10000"}, {"price": "0.984", "size": "6.74"}, {"price": "0.983", "size": "394.11"}, {"price": "0.981", "size": "1288.11"}, {"price": "0.98", "size": "10150"}, {"price": "0.979", "size": "5.99"}, {"price": "0.974", "size": "192.3"}, {"price": "0.973", "size": "8.91"}, {"price": "0.97", "size": "319"}, {"price": "0.969", "size": "197.5"}, {"price": "0.968", "size": "1000"}, {"price": "0.967", "size": "1187.5"}, {"price": "0.965", "size": "4508.74"}, {"price": "0.964", "size": "6719.47"}, {"price": "0.962", "size": "462.7"}, {"price": "0.961", "size": "5.34"}, {"price": "0.96", "size": "725"}, {"price": "0.959", "size": "1899"}, {"price": "0.958", "size": "1500"}, {"price": "0.957", "size": "876"}, {"price": "0.955", "size": "1501"}, {"price": "0.954", "size": "2714.75"}, {"price": "0.953", "size": "6044.39"}, {"price": "0.952", "size": "431.8"}, {"price": "0.95", "size": "5"}, {"price": "0.949", "size": "717.49"}], "event_type": "book", "last_trade_price": "0.947"}]}
{"_local_timestamp": "2026-01-25T23:41:06.528199+00:00", "data": {"market": "0x16df76a155e148ef925c2a808204d5f2e2ac68d9585363616b82a6c6df765e84", "price_changes": [{"asset_id": "14657620875674906884624195454632482429719111899155632370720506398333067833005", "price": "0.043", "size": "776", "side": "BUY", "hash": "f029cf0716fa13cf518f3bf8251852aa33e2f196", "best_bid": "0.051", "best_ask": "0.053"}, {"asset_id": "104132822313945994667694798237261745912174886711958619988608099629798778147916", "price": "0.957", "size": "776", "side": "SELL", "hash": "d1d7be79c961c79e2448eedf666ca122f210bfbe", "best_bid": "0.947", "best_ask": "0.949"}], "timestamp": "1769384466196", "event_type": "price_change"}}
{"_local_timestamp": "2026-01-25T23:41:06.584767+00:00", "data": {"market": "0x16df76a155e148ef925c2a808204d5f2e2ac68d9585363616b82a6c6df765e84", "price_changes": [{"asset_id": "104132822313945994667694798237261745912174886711958619988608099629798778147916", "price": "0.937", "size": "789.41", "side": "BUY", "hash": "95c7c5b521cbd7d4b2d483585add8c719da20837", "best_bid": "0.947", "best_ask": "0.949"}, {"asset_id": "14657620875674906884624195454632482429719111899155632370720506398333067833005", "price": "0.063", "size": "789.41", "side": "SELL", "hash": "4bc2a083e53fa02be91f80251b45209f150da88a", "best_bid": "0.051", "best_ask": "0.053"}], "timestamp": "1769384466199", "event_type": "price_change"}}
{"_local_timestamp": "2026-01-25T23:41:11.250893+00:00", "data": {"market": "0x16df76a155e148ef925c2a808204d5f2e2ac68d9585363616b82a6c6df765e84", "price_changes": [{"asset_id": "104132822313945994667694798237261745912174886711958619988608099629798778147916", "price": "0.937", "size": "889.41", "side": "BUY", "hash": "6e16e963797f4e39ab441fa0f114df1637365844", "best_bid": "0.947", "best_ask": "0.949"}, {"asset_id": "14657620875674906884624195454632482429719111899155632370720506398333067833005", "price": "0.063", "size": "889.41", "side": "SELL", "hash": "23b2d5ffcb4b511f72770fa2b87697277a062be9", "best_bid": "0.051", "best_ask": "0.053"}], "timestamp": "1769384471094", "event_type": "price_change"}}
{"_local_timestamp": "2026-01-25T23:41:14.691733+00:00", "data": {"market": "0x16df76a155e148ef925c2a808204d5f2e2ac68d9585363616b82a6c6df765e84", "price_changes": [{"asset_id": "104132822313945994667694798237261745912174886711958619988608099629798778147916", "price": "0.204", "size": "0", "side": "BUY", "hash": "37e6ab26e3ac091917c0600d235ea35f2e4c7649", "best_bid": "0.947", "best_ask": "0.949"}, {"asset_id": "14657620875674906884624195454632482429719111899155632370720506398333067833005", "price": "0.796", "size": "0", "side": "SELL", "hash": "7752bcc6068086d6cbcf652a7ba7d7d110b847a1", "best_bid": "0.051", "best_ask": "0.053"}], "timestamp": "1769384474532", "event_type": "price_change"}}
{"_local_timestamp": "2026-01-25T23:41:17.530341+00:00", "data": {"market": "0x16df76a155e148ef925c2a808204d5f2e2ac68d9585363616b82a6c6df765e84", "price_changes": [{"asset_id": "14657620875674906884624195454632482429719111899155632370720506398333067833005", "price": "0.043", "size": "876", "side": "BUY", "hash": "504b8dd054e42034d8c02ad7c2df1b7b107fe763", "best_bid": "0.051", "best_ask": "0.053"}, {"asset_id": "104132822313945994667694798237261745912174886711958619988608099629798778147916", "price": "0.957", "size": "876", "side": "SELL", "hash": "e04c5d6c0baa31369bf434177481cee11473675f", "best_bid": "0.947", "best_ask": "0.949"}], "timestamp": "1769384477358", "event_type": "price_change"}}
{"_local_timestamp": "2026-01-25T23:41:37.585556+00:00", "data": {"market": "0x16df76a155e148ef925c2a808204d5f2e2ac68d9585363616b82a6c6df765e84", "price_changes": [{"asset_id": "104132822313945994667694798237261745912174886711958619988608099629798778147916", "price": "0.284", "size": "1478", "side": "BUY", "hash": "cf08502017271bdbf63fe1150c97de20f07d9702", "best_bid": "0.947", "best_ask": "0.949"}, {"asset_id": "14657620875674906884624195454632482429719111899155632370720506398333067833005", "price": "0.716", "size": "1478", "side": "SELL", "hash": "cfb09dc7d29b5a310d4cfb631680e6e474e74fa7", "best_bid": "0.051", "best_ask": "0.053"}], "timestamp": "1769384497435", "event_type": "price_change"}}
{"_local_timestamp": "2026-01-25T23:42:45.379418+00:00", "data": {"market": "0x16df76a155e148ef925c2a808204d5f2e2ac68d9585363616b82a6c6df765e84", "price_changes": [{"asset_id": "104132822313945994667694798237261745912174886711958619988608099629798778147916", "price": "0.203", "size": "788", "side": "BUY", "hash": "abd650f57cb94b501f314c6defd4ec81184282a2", "best_bid": "0.947", "best_ask": "0.949"}, {"asset_id": "14657620875674906884624195454632482429719111899155632370720506398333067833005", "price": "0.797", "size": "788", "side": "SELL", "hash": "9f90c6cbe798ad92fa86c3e0252c154409b1da53", "best_bid": "0.051", "best_ask": "0.053"}], "timestamp": "1769384565208", "event_type": "price_change"}}
{"_local_timestamp": "2026-01-25T23:42:45.799672+00:00", "data": {"market": "0x16df76a155e148ef925c2a808204d5f2e2ac68d9585363616b82a6c6df765e84", "price_changes": [{"asset_id": "104132822313945994667694798237261745912174886711958619988608099629798778147916", "price": "0.204", "size": "50", "side": "BUY", "hash": "705c791803b5f648886d4aebc90d8e3b655bb7f5", "best_bid": "0.947", "best_ask": "0.949"}, {"asset_id": "14657620875674906884624195454632482429719111899155632370720506398333067833005", "price": "0.796", "size": "50", "side": "SELL", "hash": "97fff2534cb6d30f9cd06ebbc5a66952eb8c1e9f", "best_bid": "0.051", "best_ask": "0.053"}], "timestamp": "1769384565608", "event_type": "price_change"}}
{"_local_timestamp": "2026-01-25T23:43:35.112585+00:00", "data": {"market": "0x16df76a155e148ef925c2a808204d5f2e2ac68d9585363616b82a6c6df765e84", "price_changes": [{"asset_id": "104132822313945994667694798237261745912174886711958619988608099629798778147916", "price": "0.428", "size": "0", "side": "BUY", "hash": "d0c89abb13fecfff926a84076b24a46bf71416d5", "best_bid": "0.947", "best_ask": "0.949"}, {"asset_id": "14657620875674906884624195454632482429719111899155632370720506398333067833005", "price": "0.572", "size": "0", "side": "SELL", "hash": "d5a6e920008034a4a21fa9e614d0deb42e6cdeed", "best_bid": "0.051", "best_ask": "0.053"}], "timestamp": "1769384615045", "event_type": "price_change"}}
{"_local_timestamp": "2026-01-25T23:43:35.179875+00:00", "data": {"market": "0x16df76a155e148ef925c2a808204d5f2e2ac68d9585363616b82a6c6df765e84", "price_changes": [{"asset_id": "104132822313945994667694798237261745912174886711958619988608099629798778147916", "price": "0.651", "size": "5", "side": "BUY", "hash": "0b41ae7f51bb4c2aea954ec5101a14d031217ebb", "best_bid": "0.947", "best_ask": "0.949"}, {"asset_id": "14657620875674906884624195454632482429719111899155632370720506398333067833005", "price": "0.349", "size": "5", "side": "SELL", "hash": "41c2177ecaa657e435424067271133c4a0e3a05e", "best_bid": "0.051", "best_ask": "0.053"}], "timestamp": "1769384615092", "event_type": "price_change"}}
{"_local_timestamp": "2026-01-25T23:44:08.624839+00:00", "data": {"market": "0x16df76a155e148ef925c2a808204d5f2e2ac68d9585363616b82a6c6df765e84", "price_changes": [{"asset_id": "104132822313945994667694798237261745912174886711958619988608099629798778147916", "price": "0.283", "size": "150", "side": "BUY", "hash": "b8888bfd2b6a194f8826db225914388006ca8504", "best_bid": "0.947", "best_ask": "0.949"}, {"asset_id": "14657620875674906884624195454632482429719111899155632370720506398333067833005", "price": "0.717", "size": "150", "side": "SELL", "hash": "503799c821c9351ec9a93aa97de2cd9e55a8a687", "best_bid": "0.051", "best_ask": "0.053"}], "timestamp": "1769384648432", "event_type": "price_change"}}
{"_local_timestamp": "2026-01-25T23:44:08.962604+00:00", "data": {"market": "0x16df76a155e148ef925c2a808204d5f2e2ac68d9585363616b82a6c6df765e84", "price_changes": [{"asset_id": "104132822313945994667694798237261745912174886711958619988608099629798778147916", "price": "0.284", "size": "1528", "side": "BUY", "hash": "141a2f7a9ce9d887fecb0a103d88b86143c4079d", "best_bid": "0.947", "best_ask": "0.949"}, {"asset_id": "14657620875674906884624195454632482429719111899155632370720506398333067833005", "price": "0.716", "size": "1528", "side": "SELL", "hash": "a4d4e68f59c45c5296f1c6a794cd965a7ad98b25", "best_bid": "0.051", "best_ask": "0.053"}], "timestamp": "1769384648741", "event_type": "price_change"}}
{"_local_timestamp": "2026-01-25T23:44:20.724817+00:00", "data": {"market": "0x16df76a155e148ef925c2a808204d5f2e2ac68d9585363616b82a6c6df765e84", "price_changes": [{"asset_id": "104132822313945994667694798237261745912174886711958619988608099629798778147916", "price": "0.283", "size": "50", "side": "BUY", "hash": "49f0300149a4d34385caeb36e02ab81393c4c821", "best_bid": "0.947", "best_ask": "0.949"}, {"asset_id": "14657620875674906884624195454632482429719111899155632370720506398333067833005", "price": "0.717", "size": "50", "side": "SELL", "hash": "1dd3cacc53ec2e557ab4ebb55d2c9e13701b30d9", "best_bid": "0.051", "best_ask": "0.053"}], "timestamp": "1769384660489", "event_type": "price_change"}}
{"_local_timestamp": "2026-01-25T23:44:21.300939+00:00", "data": {"market": "0x16df76a155e148ef925c2a808204d5f2e2ac68d9585363616b82a6c6df765e84", "price_changes": [{"asset_id": "104132822313945994667694798237261745912174886711958619988608099629798778147916", "price": "0.284", "size": "1628", "side": "BUY", "hash": "9c70681e172da7895ff7707dd6f7bda5993c1fb5", "best_bid": "0.947", "best_ask": "0.949"}, {"asset_id": "14657620875674906884624195454632482429719111899155632370720506398333067833005", "price": "0.716", "size": "1628", "side": "SELL", "hash": "30a2a743508ef058c33fca368b87c5e41be3b0c4", "best_bid": "0.051", "best_ask": "0.053"}], "timestamp": "1769384660866", "event_type": "price_change"}}
{"_local_timestamp": "2026-01-25T23:44:57.830154+00:00", "data": {"market": "0x16df76a155e148ef925c2a808204d5f2e2ac68d9585363616b82a6c6df765e84", "price_changes": [{"asset_id": "104132822313945994667694798237261745912174886711958619988608099629798778147916", "price": "0.283", "size": "0", "side": "BUY", "hash": "fe359e7c6d6e0d986d34fa4c580bcd1de688a41c", "best_bid": "0.947", "best_ask": "0.949"}, {"asset_id": "14657620875674906884624195454632482429719111899155632370720506398333067833005", "price": "0.717", "size": "0", "side": "SELL", "hash": "1567ce29bf158754e166ba44538a3b57d8f2da78", "best_bid": "0.051", "best_ask": "0.053"}], "timestamp": "1769384697732", "event_type": "price_change"}}
{"_local_timestamp": "2026-01-25T23:44:57.831206+00:00", "data": {"market": "0x16df76a155e148ef925c2a808204d5f2e2ac68d9585363616b82a6c6df765e84", "price_changes": [{"asset_id": "104132822313945994667694798237261745912174886711958619988608099629798778147916", "price": "0.204", "size": "0", "side": "BUY", "hash": "c15a33f1f79980fc4f44809be4919832fee3f161", "best_bid": "0.947", "best_ask": "0.949"}, {"asset_id": "14657620875674906884624195454632482429719111899155632370720506398333067833005", "price": "0.796", "size": "0", "side": "SELL", "hash": "2266ef357268513bef53f36a1651928d56d36cea", "best_bid": "0.051", "best_ask": "0.053"}], "timestamp": "1769384697738", "event_type": "price_change"}}
{"_local_timestamp": "2026-01-25T23:44:58.328273+00:00", "data": {"market": "0x16df76a155e148ef925c2a808204d5f2e2ac68d9585363616b82a6c6df765e84", "price_changes": [{"asset_id": "104132822313945994667694798237261745912174886711958619988608099629798778147916", "price": "0.284", "size": "1678", "side": "BUY", "hash": "59d8d346832d841798d7fb501ce85d1ce41cb38d", "best_bid": "0.947", "best_ask": "0.949"}, {"asset_id": "14657620875674906884624195454632482429719111899155632370720506398333067833005", "price": "0.716", "size": "1678", "side": "SELL", "hash": "c5eaba49cc0554447537cc130240ece559258c6c", "best_bid": "0.051", "best_ask": "0.053"}], "timestamp": "1769384698243", "event_type": "price_change"}}
{"_local_timestamp": "2026-01-25T23:44:58.328633+00:00", "data": {"market": "0x16df76a155e148ef925c2a808204d5f2e2ac68d9585363616b82a6c6df765e84", "price_changes": [{"asset_id": "104132822313945994667694798237261745912174886711958619988608099629798778147916", "price": "0.203", "size": "838", "side": "BUY", "hash": "9ebdbf0ff41102f73b3de356b30e08803705856d", "best_bid": "0.947", "best_ask": "0.949"}, {"asset_id": "14657620875674906884624195454632482429719111899155632370720506398333067833005", "price": "0.797", "size": "838", "side": "SELL", "hash": "000611b44c9ac49357646c634e7f3812dba42a2d", "best_bid": "0.051", "best_ask": "0.053"}], "timestamp": "1769384698245", "event_type": "price_change"}}
{"_local_timestamp": "2026-01-25T23:46:10.673440+00:00", "data": {"market": "0x16df76a155e148ef925c2a808204d5f2e2ac68d9585363616b82a6c6df765e84", "price_changes": [{"asset_id": "104132822313945994667694798237261745912174886711958619988608099629798778147916", "price": "0.284", "size": "200", "side": "BUY", "hash": "b04b25d4632a0035fb618c488954bef20694e42d", "best_bid": "0.947", "best_ask": "0.949"}, {"asset_id": "14657620875674906884624195454632482429719111899155632370720506398333067833005", "price": "0.716", "size": "200", "side": "SELL", "hash": "3c30ff3ccb56eea9fcd630d49e77cebfd42fe88b", "best_bid": "0.051", "best_ask": "0.053"}], "timestamp": "1769384770468", "event_type": "price_change"}}
