{"_local_timestamp": "2026-01-25T23:40:37.865203+00:00", "data": [{"market": "0x90c9f679e2f272caf121b7f5ec4994525cbe5887531423110783308053a1fbd5", "asset_id": "32498176592183521901175008032097809808908848921141945570289489900415454617452", "timestamp": "1769384426833", "hash": "934dd97e298780381f046c1dd43e4ab862f4a26f", "bids": [{"price": "0.01", "size": "9022.34"}, {"price": "0.02", "size": "1000"}, {"price": "0.03", "size": "634"}, {"price": "0.05", "size": "100"}, {"price": "0.06", "size": "10.94"}, {"price": "0.07", "size": "5"}, {"price": "0.08", "size": "162.5"}, {"price": "0.09", "size": "526.11"}, {"price": "0.11", "size": "20"}, {"price": "0.12", "size": "200"}, {"price": "0.13", "size": "305"}, {"price": "0.14", "size": "404.1"}, {"price": "0.15", "size": "735"}, {"price": "0.16", "size": "191.34"}], "asks": [{"price": "0.99", "size": "8509.69"}, {"price": "0.98", "size": "1500"}, {"price": "0.97", "size": "2882.96"}, {"price": "0.92", "size": "1450"}, {"price": "0.91", "size": "7.37"}, {"price": "0.87", "size": "586.53"}, {"price": "0.83", "size": "188.23"}, {"price": "0.81", "size": "1192"}, {"price": "0.79", "size": "133.33"}, {"price": "0.77", "size": "200"}, {"price": "0.75", "size": "104"}, {"price": "0.73", "size": "50"}, {"price": "0.71", "size": "82.75"}, {"price": "0.66", "size": "58.82"}, {"price": "0.63", "size": "3805"}, {"price": "0.62", "size": "380"}, {"price": "0.5", "size": "20"}, {"price": "0.32", "size": "70"}, {"price": "0.3", "size": "374.94"}, {"price": "0.29", "size": "281.21"}, {"price": "0.26", "size": "17.56"}, {"price": "0.25", "size": "14.66"}, {"price": "0.23", "size": "200"}, {"price": "0.22", "size": "93.73"}, {"price": "0.21", "size": "10"}, {"price": "0.2", "size": "200"}, {"price": "0.19", "size": "511"}, {"price": "0.18", "size": "165.47"}], "event_type": "book", "last_trade_price": "0.820"}, {"market": "0x90c9f679e2f272caf121b7f5ec4994525cbe5887531423110783308053a1fbd5", "asset_id": "79985316868987169459058435056355705563488808481067503165033231805786693497113", "timestamp": "1769384426833", "hash": "88056a8ba0a52f285f853f510f6050fd9bb1e94c", "bids": [{"price": "0.01", "size": "8509.69"}, {"price": "0.02", "size": "1500"}, {"price": "0.03", "size": "2882.96"}, {"price": "0.08", "size": "1450"}, {"price": "0.09", "size": "7.37"}, {"price": "0.13", "size": "586.53"}, {"price": "0.17", "size": "188.23"}, {"price": "0.19", "size": "1192"}, {"price": "0.21", "size": "133.33"}, {"price": "0.23", "size": "200"}, {"price": "0.25", "size": "104"}, {"price": "0.27", "size": "50"}, {"price": "0.29", "size": "82.75"}, {"price": "0.34", "size": "58.82"}, {"price": "0.37", "size": "3805"}, {"price": "0.38", "size": "380"}, {"price": "0.5", "size": "20"}, {"price": "0.68", "size": "70"}, {"price": "0.7", "size": "374.94"}, {"price": "0.71", "size": "281.21"}, {"price": "0.74", "size": "17.56"}, {"price": "0.75", "size": "14.66"}, {"price": "0.77", "size": "200"}, {"price": "0.78", "size": "93.73"}, {"price": "0.79", "size": "10"}, {"price": "0.8", "size": "200"}, {"price": "0.81", "size": "511"}, {"price": "0.82", "size": "165.47"}], "asks": [{"price": "0.99", "size": "9022.34"}, {"price": "0.98", "size": "1000"}, {"price": "0.97", "size": "634"}, {"price": "0.95", "size": "100"}, {"price": "0.94", "size": "10.94"}, {"price": "0.93", "size": "5"}, {"price": "0.92", "size": "162.5"}, {"price": "0.91", "size": "526.11"}, {"price": "0.89", "size": "20"}, {"price": "0.88", "size": "200"}, {"price": "0.87", "size": "305"}, {"price": "0.86", "size": "404.1"}, {"price": "0.85", "size": "735"}, {"price": "0.84", "size": "191.34"}], "event_type": "book", "last_trade_price": "0.820"}]}
{"_local_timestamp": "2026-01-25T23:40:41.525497+00:00", "data": {"market": "0x90c9f679e2f272caf121b7f5ec4994525cbe5887531423110783308053a1fbd5", "price_changes": [{"asset_id": "79985316868987169459058435056355705563488808481067503165033231805786693497113", "price": "0.22", "size": "1908", "side": "BUY", "hash": "5f002bf39531791799e306b225c836a65839d482", "best_bid": "0.82", "best_ask": "0.84"}, {"asset_id": "32498176592183521901175008032097809808908848921141945570289489900415454617452", "price": "0.78", "size": "1908", "side": "SELL", "hash": "85b63c2eac0470de1791b33863d274b3df99d601", "best_bid": "0.16", "best_ask": "0.18"}], "timestamp": "1769384441453", "event_type": "price_change"}}
{"_local_timestamp": "2026-01-25T23:40:52.787066+00:00", "data": {"market": "0x90c9f679e2f272caf121b7f5ec4994525cbe5887531423110783308053a1fbd5", "price_changes": [{"asset_id": "32498176592183521901175008032097809808908848921141945570289489900415454617452", "price": "0.18", "size": "92.98", "side": "SELL", "hash": "8c3d645267c99e4c24816a44f23fab68913e1cb2", "best_bid": "0.16", "best_ask": "0.18"}, {"asset_id": "79985316868987169459058435056355705563488808481067503165033231805786693497113", "price": "0.82", "size": "92.98", "side": "BUY", "hash": "dd2341c6faf511352d5e684ecb9278282241a44b", "best_bid": "0.82", "best_ask": "0.84"}], "timestamp": "1769384452708", "event_type": "price_change"}}
{"_local_timestamp": "2026-01-25T23:40:52.800938+00:00", "data": {"market": "0x90c9f679e2f272caf121b7f5ec4994525cbe5887531423110783308053a1fbd5", "price_changes": [{"asset_id": "32498176592183521901175008032097809808908848921141945570289489900415454617452", "price": "0.18", "size": "165.47", "side": "SELL", "hash": "c17b6a8a8a817f90435c7ab6638d2e452daa85bb", "best_bid": "0.16", "best_ask": "0.18"}, {"asset_id": "79985316868987169459058435056355705563488808481067503165033231805786693497113", "price": "0.82", "size": "165.47", "side": "BUY", "hash": "f87d4f948d0aa53762f86ad8c3810333803362bd", "best_bid": "0.82", "best_ask": "0.84"}], "timestamp": "1769384452734", "event_type": "price_change"}}
{"_local_timestamp": "2026-01-25T23:41:06.509230+00:00", "data": {"market": "0x90c9f679e2f272caf121b7f5ec4994525cbe5887531423110783308053a1fbd5", "price_changes": [{"asset_id": "79985316868987169459058435056355705563488808481067503165033231805786693497113", "price": "0.8", "size": "100", "side": "BUY", "hash": "87fd54eed24665ac867d06ef42e20ca6711b888c", "best_bid": "0.82", "best_ask": "0.84"}, {"asset_id": "32498176592183521901175008032097809808908848921141945570289489900415454617452", "price": "0.2", "size": "100", "side": "SELL", "hash": "db5c96cce01d581e7bfdd26ebfa59c8645973ebb", "best_bid": "0.16", "best_ask": "0.18"}], "timestamp": "1769384466195", "event_type": "price_change"}}
{"_local_timestamp": "2026-01-25T23:41:06.634737+00:00", "data": {"market": "0x90c9f679e2f272caf121b7f5ec4994525cbe5887531423110783308053a1fbd5", "price_changes": [{"asset_id": "32498176592183521901175008032097809808908848921141945570289489900415454617452", "price": "0.14", "size": "304.1", "side": "BUY", "hash": "bb15b9cb215c1074c2320a6e3a2e60c526cf82fd", "best_bid": "0.16", "best_ask": "0.18"}, {"asset_id": "79985316868987169459058435056355705563488808481067503165033231805786693497113", "price": "0.86", "size": "304.1", "side": "SELL", "hash": "3ef123c7bcb1607d99098469f31cd08ac2b6438a", "best_bid": "0.82", "best_ask": "0.84"}], "timestamp": "1769384466199", "event_type": "price_change"}}
{"_local_timestamp": "2026-01-25T23:41:08.517943+00:00", "data": {"market": "0x90c9f679e2f272caf121b7f5ec4994525cbe5887531423110783308053a1fbd5", "price_changes": [{"asset_id": "79985316868987169459058435056355705563488808481067503165033231805786693497113", "price": "0.81", "size": "411", "side": "BUY", "hash": "11fab7783e76f6929a9d2c4b82dc9bf82036ac8a", "best_bid": "0.82", "best_ask": "0.84"}, {"asset_id": "32498176592183521901175008032097809808908848921141945570289489900415454617452", "price": "0.19", "size": "411", "side": "SELL", "hash": "b4af372da1699d25ac7ae4b19958c7f03b0e8f1a", "best_bid": "0.16", "best_ask": "0.18"}], "timestamp": "1769384468450", "event_type": "price_change"}}
{"_local_timestamp": "2026-01-25T23:41:09.615087+00:00", "data": {"market": "0x90c9f679e2f272caf121b7f5ec4994525cbe5887531423110783308053a1fbd5", "price_changes": [{"asset_id": "32498176592183521901175008032097809808908848921141945570289489900415454617452", "price": "0.14", "size": "376.1", "side": "BUY", "hash": "1950c07fe2e83b182c6d68b0c0d17c613ce1f5d7", "best_bid": "0.16", "best_ask": "0.18"}, {"asset_id": "79985316868987169459058435056355705563488808481067503165033231805786693497113", "price": "0.86", "size": "376.1", "side": "SELL", "hash": "72b834c967f4ea9ec08850d05c8e9f9c0601693a", "best_bid": "0.82", "best_ask": "0.84"}], "timestamp": "1769384469534", "event_type": "price_change"}}
{"_local_timestamp": "2026-01-25T23:41:09.621356+00:00", "data": {"market": "0x90c9f679e2f272caf121b7f5ec4994525cbe5887531423110783308053a1fbd5", "price_changes": [{"asset_id": "32498176592183521901175008032097809808908848921141945570289489900415454617452", "price": "0.13", "size": "459", "side": "BUY", "hash": "36466d8e9820ce265d5bc09b04e84508af4378d0", "best_bid": "0.16", "best_ask": "0.18"}, {"asset_id": "79985316868987169459058435056355705563488808481067503165033231805786693497113", "price": "0.87", "size": "459", "side": "SELL", "hash": "24725515952add071ff951899a2bf1759bab264c", "best_bid": "0.82", "best_ask": "0.84"}], "timestamp": "1769384469535", "event_type": "price_change"}}
{"_local_timestamp": "2026-01-25T23:41:14.662230+00:00", "data": {"market": "0x90c9f679e2f272caf121b7f5ec4994525cbe5887531423110783308053a1fbd5", "price_changes": [{"asset_id": "79985316868987169459058435056355705563488808481067503165033231805786693497113", "price": "0.22", "size": "0", "side": "BUY", "hash": "40b43158769516dd8515042525e5fdd0a2716e83", "best_bid": "0.82", "best_ask": "0.84"}, {"asset_id": "32498176592183521901175008032097809808908848921141945570289489900415454617452", "price": "0.78", "size": "0", "side": "SELL", "hash": "c73971c924504e5b44ca0ef3604b4f57373de705", "best_bid": "0.16", "best_ask": "0.18"}], "timestamp": "1769384474533", "event_type": "price_change"}}
{"_local_timestamp": "2026-01-25T23:41:24.034108+00:00", "data": {"market": "0x90c9f679e2f272caf121b7f5ec4994525cbe5887531423110783308053a1fbd5", "price_changes": [{"asset_id": "32498176592183521901175008032097809808908848921141945570289489900415454617452", "price": "0.14", "size": "476.1", "side": "BUY", "hash": "a127c1751328894f774653f0e9acebbc83ecde32", "best_bid": "0.16", "best_ask": "0.18"}, {"asset_id": "79985316868987169459058435056355705563488808481067503165033231805786693497113", "price": "0.86", "size": "476.1", "side": "SELL", "hash": "9b29b01ff8cbf29aa6929352ffed2558d0777d4b", "best_bid": "0.82", "best_ask": "0.84"}], "timestamp": "1769384483946", "event_type": "price_change"}}
{"_local_timestamp": "2026-01-25T23:41:27.374503+00:00", "data": {"market": "0x90c9f679e2f272caf121b7f5ec4994525cbe5887531423110783308053a1fbd5", "price_changes": [{"asset_id": "79985316868987169459058435056355705563488808481067503165033231805786693497113", "price": "0.24", "size": "1748", "side": "BUY", "hash": "2fee1aa8478aa2e0b0641a777ec0fdb62b5f34cf", "best_bid": "0.82", "best_ask": "0.84"}, {"asset_id": "32498176592183521901175008032097809808908848921141945570289489900415454617452", "price": "0.76", "size": "1748", "side": "SELL", "hash": "78079c999315d55fa695e3cff8764803bacfe0a5", "best_bid": "0.16", "best_ask": "0.18"}], "timestamp": "1769384487308", "event_type": "price_change"}}
{"_local_timestamp": "2026-01-25T23:41:37.084068+00:00", "data": {"market": "0x90c9f679e2f272caf121b7f5ec4994525cbe5887531423110783308053a1fbd5", "price_changes": [{"asset_id": "32498176592183521901175008032097809808908848921141945570289489900415454617452", "price": "0.01", "size": "1022.34", "side": "BUY", "hash": "5be195a4fed1273840e3454c8f4ef45265a457ed", "best_bid": "0.16", "best_ask": "0.18"}, {"asset_id": "79985316868987169459058435056355705563488808481067503165033231805786693497113", "price": "0.99", "size": "1022.34", "side": "SELL", "hash": "cfb761effd4e8d3e7bcc55af9b4db2029535ea86", "best_bid": "0.82", "best_ask": "0.84"}], "timestamp": "1769384497000", "event_type": "price_change"}}
{"_local_timestamp": "2026-01-25T23:41:37.120760+00:00", "data": {"market": "0x90c9f679e2f272caf121b7f5ec4994525cbe5887531423110783308053a1fbd5", "price_changes": [{"asset_id": "32498176592183521901175008032097809808908848921141945570289489900415454617452", "price": "0.09", "size": "81.11", "side": "BUY", "hash": "904e3e8b20dd39e91497ec38d6b54fc80399c329", "best_bid": "0.16", "best_ask": "0.18"}, {"asset_id": "79985316868987169459058435056355705563488808481067503165033231805786693497113", "price": "0.91", "size": "81.11", "side": "SELL", "hash": "8256509b728f7a33b2aa11bc8044349271927761", "best_bid": "0.82", "best_ask": "0.84"}], "timestamp": "1769384497003", "event_type": "price_change"}}
{"_local_timestamp": "2026-01-25T23:41:39.426012+00:00", "data": {"market": "0x90c9f679e2f272caf121b7f5ec4994525cbe5887531423110783308053a1fbd5", "price_changes": [{"asset_id": "32498176592183521901175008032097809808908848921141945570289489900415454617452", "price": "0.01", "size": "9022.34", "side": "BUY", "hash": "8a4a85de44390fb17ce2424830c5fcf025c8ac9a", "best_bid": "0.16", "best_ask": "0.18"}, {"asset_id": "79985316868987169459058435056355705563488808481067503165033231805786693497113", "price": "0.99", "size": "9022.34", "side": "SELL", "hash": "62b964a1ca11bf1ca3215847d831e9d81f3760fa", "best_bid": "0.82", "best_ask": "0.84"}], "timestamp": "1769384499347", "event_type": "price_change"}}
{"_local_timestamp": "2026-01-25T23:41:39.432505+00:00", "data": {"market": "0x90c9f679e2f272caf121b7f5ec4994525cbe5887531423110783308053a1fbd5", "price_changes": [{"asset_id": "32498176592183521901175008032097809808908848921141945570289489900415454617452", "price": "0.09", "size": "526.11", "side": "BUY", "hash": "6c689024a3d172d343fbb9ef5fecccb15f5fdf15", "best_bid": "0.16", "best_ask": "0.18"}, {"asset_id": "79985316868987169459058435056355705563488808481067503165033231805786693497113", "price": "0.91", "size": "526.11", "side": "SELL", "hash": "afe5b89c7ed2f2d0533a4936b4092664a4745d0a", "best_bid": "0.82", "best_ask": "0.84"}], "timestamp": "1769384499350", "event_type": "price_change"}}
{"_local_timestamp": "2026-01-25T23:41:43.288445+00:00", "data": {"market": "0x90c9f679e2f272caf121b7f5ec4994525cbe5887531423110783308053a1fbd5", "price_changes": [{"asset_id": "79985316868987169459058435056355705563488808481067503165033231805786693497113", "price": "0.8", "size": "200", "side": "BUY", "hash": "c507b65ae0a0fefbe6795cfbed6dc119d075aa93", "best_bid": "0.82", "best_ask": "0.84"}, {"asset_id": "32498176592183521901175008032097809808908848921141945570289489900415454617452", "price": "0.2", "size": "200", "side": "SELL", "hash": "ea86ef942b9955bf9a2b99e3bee4838104378bc8", "best_bid": "0.16", "best_ask": "0.18"}], "timestamp": "1769384503219", "event_type": "price_change"}}
{"_local_timestamp": "2026-01-25T23:41:44.378125+00:00", "data": {"market": "0x90c9f679e2f272caf121b7f5ec4994525cbe5887531423110783308053a1fbd5", "price_changes": [{"asset_id": "79985316868987169459058435056355705563488808481067503165033231805786693497113", "price": "0.81", "size": "511", "side": "BUY", "hash": "1c2e2b572d2f1c403e840ced197cd94da7cf2945", "best_bid": "0.82", "best_ask": "0.84"}, {"asset_id": "32498176592183521901175008032097809808908848921141945570289489900415454617452", "price": "0.19", "size": "511", "side": "SELL", "hash": "8452a139eef302fe4ade37a3690b99ed1f3067db", "best_bid": "0.16", "best_ask": "0.18"}], "timestamp": "1769384504305", "event_type": "price_change"}}
