{"_local_timestamp": "2026-01-25T23:40:37.865203+00:00", "data": [{"market": "0x90c9f679e2f272caf121b7f5ec4994525cbe5887531423110783308053a1fbd5", "asset_id": "32498176592183521901175008032097809808908848921141945570289489900415454617452", "timestamp": "1769384426833", "hash": "934dd97e298780381f046c1dd43e4ab862f4a26f", "bids": [{"price": "0.01", "size": "9022.34"}, {"price": "0.02", "size": "1000"}, {"price": "0.03", "size": "634"}, {"price": "0.05", "size": "100"}, {"price": "0.06", "size": "10.94"}, {"price": "0.07", "size": "5"}, {"price": "0.08", "size": "162.5"}, {"price": "0.09", "size": "526.11"}, {"price": "0.11", "size": "20"}, {"price": "0.12", "size": "200"}, {"price": "0.13", "size": "305"}, {"price": "0.14", "size": "404.1"}, {"price": "0.15", "size": "735"}, {"price": "0.16", "size": "191.34"}], "asks": [{"price": "0.99", "size": "8509.69"}, {"price": "0.98", "size": "1500"}, {"price": "0.97", "size": "2882.96"}, {"price": "0.92", "size": "1450"}, {"price": "0.91", "size": "7.37"}, {"price": "0.87", "size": "586.53"}, {"price": "0.83", "size": "188.23"}, {"price": "0.81", "size": "1192"}, {"price": "0.79", "size": "133.33"}, {"price": "0.77", "size": "200"}, {"price": "0.75", "size": "104"}, {"price": "0.73", "size": "50"}, {"price": "0.71", "size": "82.75"}, {"price": "0.66", "size": "58.82"}, {"price": "0.63", "size": "3805"}, {"price": "0.62", "size": "380"}, {"price": "0.5", "size": "20"}, {"price": "0.32", "size": "70"}, {"price": "0.3", "size": "374.94"}, {"price": "0.29", "size": "281.21"}, {"price": "0.26", "size": "17.56"}, {"price": "0.25", "size": "14.66"}, {"price": "0.23", "size": "200"}, {"price": "0.22", "size": "93.73"}, {"price": "0.21", "size": "10"}, {"price": "0.2", "size": "200"}, {"price": "0.19", "size": "511"}, {"price": "0.18", "size": "165.47"}], "event_type": "book", "last_trade_price": "0.820"}, {"market": "0x90c9f679e2f272caf121b7f5ec4994525cbe5887531423110783308053a1fbd5", "asset_id": "79985316868987169459058435056355705563488808481067503165033231805786693497113", "timestamp": "1769384426833", "hash": "88056a8ba0a52f285f853f510f6050fd9bb1e94c", "bids": [{"price": "0.01", "size": "8509.69"}, {"price": "0.02", "size": "1500"}, {"price": "0.03", "size": "2882.96"}, {"price": "0.08", "size": "1450"}, {"price": "0.09", "size": "7.37"}, {"price": "0.13", "size": "586.53"}, {"price": "0.17", "size": "188.23"}, {"price": "0.19", "size": "1192"}, {"price": "0.21", "size": "133.33"}, {"price": "0.23", "size": "200"}, {"price": "0.25", "size": "104"}, {"price": "0.27", "size": "50"}, {"price": "0.29", "size": "82.75"}, {"price": "0.34", "size": "58.82"}, {"price": "0.37", "size": "3805"}, {"price": "0.38", "size": "380"}, {"price": "0.5", "size": "20"}, {"price": "0.68", "size": "70"}, {"price": "0.7", "size": "374.94"}, {"price": "0.71", "size": "281.21"}, {"price": "0.74", "size": "17.56"}, {"price": "0.75", "size": "14.66"}, {"price": "0.77", "size": "200"}, {"price": "0.78", "size": "93.73"}, {"price": "0.79", "size": "10"}, {"price": "0.8", "size": "200"}, {"price": "0.81", "size": "511"}, {"price": "0.82", "size": "165.47"}], "asks": [{"price": "0.99", "size": "9022.34"}, {"price": "0.98", "size": "1000"}, {"price": "0.97", "size": "634"}, {"price": "0.95", "size": "100"}, {"price": "0.94", "size": "10.94"}, {"price": "0.93", "size": "5"}, {"price": "0.92", "size": "162.5"}, {"price": "0.91", "size": "526.11"}, {"price": "0.89", "size": "20"}, {"price": "0.88", "size": "200"}, {"price": "0.87", "size": "305"}, {"price": "0.86", "size": "404.1"}, {"price": "0.85", "size": "735"}, {"price": "0.84", "size": "191.34"}], "event_type": "book", "last_trade_price": "0.820"}]}
{"_local_timestamp": "2026-01-25T23:40:41.525497+00:00", "data": {"market": "0x90c9f679e2f272caf121b7f5ec4994525cbe5887531423110783308053a1fbd5", "price_changes": [{"asset_id": "79985316868987169459058435056355705563488808481067503165033231805786693497113", "price": "0.22", "size": "1908", "side": "BUY", "hash": "5f002bf39531791799e306b225c836a65839d482", "best_bid": "0.82", "best_ask": "0.84"}, {"asset_id": "32498176592183521901175008032097809808908848921141945570289489900415454617452", "price": "0.78", "size": "1908", "side": "SELL", "hash": "85b63c2eac0470de1791b33863d274b3df99d601", "best_bid": "0.16", "best_ask": "0.18"}], "timestamp": "1769384441453", "event_type": "price_change"}}
{"_local_timestamp": "2026-01-25T23:40:52.787066+00:00", "data": {"market": "0x90c9f679e2f272caf121b7f5ec4994525cbe5887531423110783308053a1fbd5", "price_changes": [{"asset_id": "32498176592183521901175008032097809808908848921141945570289489900415454617452", "price": "0.18", "size": "92.98", "side": "SELL", "hash": "8c3d645267c99e4c24816a44f23fab68913e1cb2", "best_bid": "0.16", "best_ask": "0.18"}, {"asset_id": "79985316868987169459058435056355705563488808481067503165033231805786693497113", "price": "0.82", "size": "92.98", "side": "BUY", "hash": "dd2341c6faf511352d5e684ecb9278282241a44b", "best_bid": "0.82", "best_ask": "0.84"}], "timestamp": "1769384452708", "event_type": "price_change"}}
{"_local_timestamp": "2026-01-25T23:40:52.800938+00:00", "data": {"market": "0x90c9f679e2f272caf121b7f5ec4994525cbe5887531423110783308053a1fbd5", "price_changes": [{"asset_id": "32498176592183521901175008032097809808908848921141945570289489900415454617452", "price": "0.18", "size": "165.47", "side": "SELL", "hash": "c17b6a8a8a817f90435c7ab6638d2e452daa85bb", "best_bid": "0.16", "best_ask": "0.18"}, {"asset_id": "79985316868987169459058435056355705563488808481067503165033231805786693497113", "price": "0.82", "size": "165.47", "side": "BUY", "hash": "f87d4f948d0aa53762f86ad8c3810333803362bd", "best_bid": "0.82", "best_ask": "0.84"}], "timestamp": "1769384452734", "event_type": "price_change"}}
{"_local_timestamp": "2026-01-25T23:41:06.509230+00:00", "data": {"market": "0x90c9f679e2f272caf121b7f5ec4994525cbe5887531423110783308053a1fbd5", "price_changes": [{"asset_id": "79985316868987169459058435056355705563488808481067503165033231805786693497113", "price": "0.8", "size": "100", "side": "BUY", "hash": "87fd54eed24665ac867d06ef42e20ca6711b888c", "best_bid": "0.82", "best_ask": "0.84"}, {"asset_id": "32498176592183521901175008032097809808908848921141945570289489900415454617452", "price": "0.2", "size": "100", "side": "SELL", "hash": "db5c96cce01d581e7bfdd26ebfa59c8645973ebb", "best_bid": "0.16", "best_ask": "0.18"}], "timestamp": "1769384466195", "event_type": "price_change"}}
{"_local_timestamp": "2026-01-25T23:41:06.634737+00:00", "data": {"market": "0x90c9f679e2f272caf121b7f5ec4994525cbe5887531423110783308053a1fbd5", "price_changes": [{"asset_id": "32498176592183521901175008032097809808908848921141945570289489900415454617452", "price": "0.14", "size": "304.1", "side": "BUY", "hash": "bb15b9cb215c1074c2320a6e3a2e60c526cf82fd", "best_bid": "0.16", "best_ask": "0.18"}, {"asset_id": "79985316868987169459058435056355705563488808481067503165033231805786693497113", "price": "0.86", "size": "304.1", "side": "SELL", "hash": "3ef123c7bcb1607d99098469f31cd08ac2b6438a", "best_bid": "0.82", "best_ask": "0.84"}], "timestamp": "1769384466199", "event_type": "price_change"}}
{"_local_timestamp": "2026-01-25T23:41:08.517943+00:00", "data": {"market": "0x90c9f679e2f272caf121b7f5ec4994525cbe5887531423110783308053a1fbd5", "price_changes": [{"asset_id": "79985316868987169459058435056355705563488808481067503165033231805786693497113", "price": "0.81", "size": "411", "side": "BUY", "hash": "11fab7783e76f6929a9d2c4b82dc9bf82036ac8a", "best_bid": "0.82", "best_ask": "0.84"}, {"asset_id": "32498176592183521901175008032097809808908848921141945570289489900415454617452", "price": "0.19", "size": "411", "side": "SELL", "hash": "b4af372da1699d25ac7ae4b19958c7f03b0e8f1a", "best_bid": "0.16", "best_ask": "0.18"}], "timestamp": "1769384468450", "event_type": "price_change"}}
{"_local_timestamp": "2026-01-25T23:41:09.615087+00:00", "data": {"market": "0x90c9f679e2f272caf121b7f5ec4994525cbe5887531423110783308053a1fbd5", "price_changes": [{"asset_id": "32498176592183521901175008032097809808908848921141945570289489900415454617452", "price": "0.14", "size": "376.1", "side": "BUY", "hash": "1950c07fe2e83b182c6d68b0c0d17c613ce1f5d7", "best_bid": "0.16", "best_ask": "0.18"}, {"asset_id": "79985316868987169459058435056355705563488808481067503165033231805786693497113", "price": "0.86", "size": "376.1", "side": "SELL", "hash": "72b834c967f4ea9ec08850d05c8e9f9c0601693a", "best_bid": "0.82", "best_ask": "0.84"}], "timestamp": "1769384469534", "event_type": "price_change"}}
{"_local_timestamp": "2026-01-25T23:41:09.621356+00:00", "data": {"market": "0x90c9f679e2f272caf121b7f5ec4994525cbe5887531423110783308053a1fbd5", "price_changes": [{"asset_id": "32498176592183521901175008032097809808908848921141945570289489900415454617452", "price": "0.13", "size": "459", "side": "BUY", "hash": "36466d8e9820ce265d5bc09b04e84508af4378d0", "best_bid": "0.16", "best_ask": "0.18"}, {"asset_id": "79985316868987169459058435056355705563488808481067503165033231805786693497113", "price": "0.87", "size": "459", "side": "SELL", "hash": "24725515952add071ff951899a2bf1759bab264c", "best_bid": "0.82", "best_ask": "0.84"}], "timestamp": "1769384469535", "event_type": "price_change"}}
{"_local_timestamp": "2026-01-25T23:41:14.662230+00:00", "data": {"market": "0x90c9f679e2f272caf121b7f5ec4994525cbe5887531423110783308053a1fbd5", "price_changes": [{"asset_id": "79985316868987169459058435056355705563488808481067503165033231805786693497113", "price": "0.22", "size": "0", "side": "BUY", "hash": "40b43158769516dd8515042525e5fdd0a2716e83", "best_bid": "0.82", "best_ask": "0.84"}, {"asset_id": "32498176592183521901175008032097809808908848921141945570289489900415454617452", "price": "0.78", "size": "0", "side": "SELL", "hash": "c73971c924504e5b44ca0ef3604b4f57373de705", "best_bid": "0.16", "best_ask": "0.18"}], "timestamp": "1769384474533", "event_type": "price_change"}}
{"_local_timestamp": "2026-01-25T23:41:24.034108+00:00", "data": {"market": "0x90c9f679e2f272caf121b7f5ec4994525cbe5887531423110783308053a1fbd5", "price_changes": [{"asset_id": "32498176592183521901175008032097809808908848921141945570289489900415454617452", "price": "0.14", "size": "476.1", "side": "BUY", "hash": "a127c1751328894f774653f0e9acebbc83ecde32", "best_bid": "0.16", "best_ask": "0.18"}, {"asset_id": "79985316868987169459058435056355705563488808481067503165033231805786693497113", "price": "0.86", "size": "476.1", "side": "SELL", "hash": "9b29b01ff8cbf29aa6929352ffed2558d0777d4b", "best_bid": "0.82", "best_ask": "0.84"}], "timestamp": "1769384483946", "event_type": "price_change"}}
{"_local_timestamp": "2026-01-25T23:41:27.374503+00:00", "data": {"market": "0x90c9f679e2f272caf121b7f5ec4994525cbe5887531423110783308053a1fbd5", "price_changes": [{"asset_id": "79985316868987169459058435056355705563488808481067503165033231805786693497113", "price": "0.24", "size": "1748", "side": "BUY", "hash": "2fee1aa8478aa2e0b0641a777ec0fdb62b5f34cf", "best_bid": "0.82", "best_ask": "0.84"}, {"asset_id": "32498176592183521901175008032097809808908848921141945570289489900415454617452", "price": "0.76", "size": "1748", "side": "SELL", "hash": "78079c999315d55fa695e3cff8764803bacfe0a5", "best_bid": "0.16", "best_ask": "0.18"}], "timestamp": "1769384487308", "event_type": "price_change"}}
{"_local_timestamp": "2026-01-25T23:41:37.084068+00:00", "data": {"market": "0x90c9f679e2f272caf121b7f5ec4994525cbe5887531423110783308053a1fbd5", "price_changes": [{"asset_id": "32498176592183521901175008032097809808908848921141945570289489900415454617452", "price": "0.01", "size": "1022.34", "side": "BUY", "hash": "5be195a4fed1273840e3454c8f4ef45265a457ed", "best_bid": "0.16", "best_ask": "0.18"}, {"asset_id": "79985316868987169459058435056355705563488808481067503165033231805786693497113", "price": "0.99", "size": "1022.34", "side": "SELL", "hash": "cfb761effd4e8d3e7bcc55af9b4db2029535ea86", "best_bid": "0.82", "best_ask": "0.84"}], "timestamp": "1769384497000", "event_type": "price_change"}}
{"_local_timestamp": "2026-01-25T23:41:37.120760+00:00", "data": {"market": "0x90c9f679e2f272caf121b7f5ec4994525cbe5887531423110783308053a1fbd5", "price_changes": [{"asset_id": "32498176592183521901175008032097809808908848921141945570289489900415454617452", "price": "0.09", "size": "81.11", "side": "BUY", "hash": "904e3e8b20dd39e91497ec38d6b54fc80399c329", "best_bid": "0.16", "best_ask": "0.18"}, {"asset_id": "79985316868987169459058435056355705563488808481067503165033231805786693497113", "price": "0.91", "size": "81.11", "side": "SELL", "hash": "8256509b728f7a33b2aa11bc8044349271927761", "best_bid": "0.82", "best_ask": "0.84"}], "timestamp": "1769384497003", "event_type": "price_change"}}
{"_local_timestamp": "2026-01-25T23:41:39.426012+00:00", "data": {"market": "0x90c9f679e2f272caf121b7f5ec4994525cbe5887531423110783308053a1fbd5", "price_changes": [{"asset_id": "32498176592183521901175008032097809808908848921141945570289489900415454617452", "price": "0.01", "size": "9022.34", "side": "BUY", "hash": "8a4a85de44390fb17ce2424830c5fcf025c8ac9a", "best_bid": "0.16", "best_ask": "0.18"}, {"asset_id": "79985316868987169459058435056355705563488808481067503165033231805786693497113", "price": "0.99", "size": "9022.34", "side": "SELL", "hash": "62b964a1ca11bf1ca3215847d831e9d81f3760fa", "best_bid": "0.82", "best_ask": "0.84"}], "timestamp": "1769384499347", "event_type": "price_change"}}
{"_local_timestamp": "2026-01-25T23:41:39.432505+00:00", "data": {"market": "0x90c9f679e2f272caf121b7f5ec4994525cbe5887531423110783308053a1fbd5", "price_changes": [{"asset_id": "32498176592183521901175008032097809808908848921141945570289489900415454617452", "price": "0.09", "size": "526.11", "side": "BUY", "hash": "6c689024a3d172d343fbb9ef5fecccb15f5fdf15", "best_bid": "0.16", "best_ask": "0.18"}, {"asset_id": "79985316868987169459058435056355705563488808481067503165033231805786693497113", "price": "0.91", "size": "526.11", "side": "SELL", "hash": "afe5b89c7ed2f2d0533a4936b4092664a4745d0a", "best_bid": "0.82", "best_ask": "0.84"}], "timestamp": "1769384499350", "event_type": "price_change"}}
{"_local_timestamp": "2026-01-25T23:41:43.288445+00:00", "data": {"market": "0x90c9f679e2f272caf121b7f5ec4994525cbe5887531423110783308053a1fbd5", "price_changes": [{"asset_id": "79985316868987169459058435056355705563488808481067503165033231805786693497113", "price": "0.8", "size": "200", "side": "BUY", "hash": "c507b65ae0a0fefbe6795cfbed6dc119d075aa93", "best_bid": "0.82", "best_ask": "0.84"}, {"asset_id": "32498176592183521901175008032097809808908848921141945570289489900415454617452", "price": "0.2", "size": "200", "side": "SELL", "hash": "ea86ef942b9955bf9a2b99e3bee4838104378bc8", "best_bid": "0.16", "best_ask": "0.18"}], "timestamp": "1769384503219", "event_type": "price_change"}}
{"_local_timestamp": "2026-01-25T23:41:44.378125+00:00", "data": {"market": "0x90c9f679e2f272caf121b7f5ec4994525cbe5887531423110783308053a1fbd5", "price_changes": [{"asset_id": "79985316868987169459058435056355705563488808481067503165033231805786693497113", "price": "0.81", "size": "511", "side": "BUY", "hash": "1c2e2b572d2f1c403e840ced197cd94da7cf2945", "best_bid": "0.82", "best_ask": "0.84"}, {"asset_id": "32498176592183521901175008032097809808908848921141945570289489900415454617452", "price": "0.19", "size": "511", "side": "SELL", "hash": "8452a139eef302fe4ade37a3690b99ed1f3067db", "best_bid": "0.16", "best_ask": "0.18"}], "timestamp": "1769384504305", "event_type": "price_change"}}
{"_local_timestamp": "2026-01-25T23:41:50.971547+00:00", "data": {"market": "0x90c9f679e2f272caf121b7f5ec4994525cbe5887531423110783308053a1fbd5", "price_changes": [{"asset_id": "79985316868987169459058435056355705563488808481067503165033231805786693497113", "price": "0.23", "size": "100", "side": "BUY", "hash": "dc0626aaea12823a281a8aa456934aa61527fe75", "best_bid": "0.82", "best_ask": "0.84"}, {"asset_id": "32498176592183521901175008032097809808908848921141945570289489900415454617452", "price": "0.77", "size": "100", "side": "SELL", "hash": "194c2b8290d8031ddf961abfc9875883a2195d23", "best_bid": "0.16", "best_ask": "0.18"}], "timestamp": "1769384510758", "event_type": "price_change"}}
{"_local_timestamp": "2026-01-25T23:41:52.277777+00:00", "data": {"market": "0x90c9f679e2f272caf121b7f5ec4994525cbe5887531423110783308053a1fbd5", "price_changes": [{"asset_id": "79985316868987169459058435056355705563488808481067503165033231805786693497113", "price": "0.21", "size": "233.33", "side": "BUY", "hash": "2ceb6ff2471da44d61e24efaad178f63de997292", "best_bid": "0.82", "best_ask": "0.84"}, {"asset_id": "32498176592183521901175008032097809808908848921141945570289489900415454617452", "price": "0.79", "size": "233.33", "side": "SELL", "hash": "016edc46b3d6c3a193c5fb52e5388e1cba95d86d", "best_bid": "0.16", "best_ask": "0.18"}], "timestamp": "1769384511728", "event_type": "price_change"}}
{"_local_timestamp": "2026-01-25T23:42:24.820704+00:00", "data": {"market": "0x90c9f679e2f272caf121b7f5ec4994525cbe5887531423110783308053a1fbd5", "price_changes": [{"asset_id": "79985316868987169459058435056355705563488808481067503165033231805786693497113", "price": "0.23", "size": "50", "side": "BUY", "hash": "93c531183c68df619ccc35e3da2ff2384ed2f977", "best_bid": "0.82", "best_ask": "0.84"}, {"asset_id": "32498176592183521901175008032097809808908848921141945570289489900415454617452", "price": "0.77", "size": "50", "side": "SELL", "hash": "6d7f46f1a3d5d4687ad66a19b791bd4999e3d5ea", "best_bid": "0.16", "best_ask": "0.18"}], "timestamp": "1769384544500", "event_type": "price_change"}}
{"_local_timestamp": "2026-01-25T23:42:25.181716+00:00", "data": {"market": "0x90c9f679e2f272caf121b7f5ec4994525cbe5887531423110783308053a1fbd5", "price_changes": [{"asset_id": "79985316868987169459058435056355705563488808481067503165033231805786693497113", "price": "0.22", "size": "50", "side": "BUY", "hash": "b5ae9a3d362bf11a52b76a6c5d53c62af04b699f", "best_bid": "0.82", "best_ask": "0.84"}, {"asset_id": "32498176592183521901175008032097809808908848921141945570289489900415454617452", "price": "0.78", "size": "50", "side": "SELL", "hash": "7cb859809028669c773f5c1594a75d80f477d922", "best_bid": "0.16", "best_ask": "0.18"}], "timestamp": "1769384544923", "event_type": "price_change"}}
{"_local_timestamp": "2026-01-25T23:42:45.468396+00:00", "data": {"market": "0x90c9f679e2f272caf121b7f5ec4994525cbe5887531423110783308053a1fbd5", "price_changes": [{"asset_id": "79985316868987169459058435056355705563488808481067503165033231805786693497113", "price": "0.23", "size": "0", "side": "BUY", "hash": "5df5ac35359b6f9de850418eff52886acd8ba0c5", "best_bid": "0.82", "best_ask": "0.84"}, {"asset_id": "32498176592183521901175008032097809808908848921141945570289489900415454617452", "price": "0.77", "size": "0", "side": "SELL", "hash": "bfa817220c9b2699dff7a6658ccd29bb341583fe", "best_bid": "0.16", "best_ask": "0.18"}], "timestamp": "1769384565231", "event_type": "price_change"}}
{"_local_timestamp": "2026-01-25T23:42:45.799506+00:00", "data": {"market": "0x90c9f679e2f272caf121b7f5ec4994525cbe5887531423110783308053a1fbd5", "price_changes": [{"asset_id": "79985316868987169459058435056355705563488808481067503165033231805786693497113", "price": "0.22", "size": "100", "side": "BUY", "hash": "9f6998247abbd7b35169496194ce8752429b77e0", "best_bid": "0.82", "best_ask": "0.84"}, {"asset_id": "32498176592183521901175008032097809808908848921141945570289489900415454617452", "price": "0.78", "size": "100", "side": "SELL", "hash": "dff1d9c361c2aa2795aa0b39e3b8f1a96c6633f3", "best_bid": "0.16", "best_ask": "0.18"}], "timestamp": "1769384565612", "event_type": "price_change"}}
{"_local_timestamp": "2026-01-25T23:42:47.264831+00:00", "data": {"market": "0x90c9f679e2f272caf121b7f5ec4994525cbe5887531423110783308053a1fbd5", "price_changes": [{"asset_id": "79985316868987169459058435056355705563488808481067503165033231805786693497113", "price": "0.24", "size": "0", "side": "BUY", "hash": "25e5aa0d99580bcf05cefd21f287062a4376e510", "best_bid": "0.82", "best_ask": "0.84"}, {"asset_id": "32498176592183521901175008032097809808908848921141945570289489900415454617452", "price": "0.76", "size": "0", "side": "SELL", "hash": "24d4cbb4cd264d14d690f6889b69656c5ebc3cb1", "best_bid": "0.16", "best_ask": "0.18"}], "timestamp": "1769384566988", "event_type": "price_change"}}
{"_local_timestamp": "2026-01-25T23:42:59.890264+00:00", "data": {"market": "0x90c9f679e2f272caf121b7f5ec4994525cbe5887531423110783308053a1fbd5", "price_changes": [{"asset_id": "32498176592183521901175008032097809808908848921141945570289489900415454617452", "price": "0.06", "size": "0", "side": "BUY", "hash": "08e85e26064444c9b23c92b91f46975d9415c960", "best_bid": "0.16", "best_ask": "0.18"}, {"asset_id": "79985316868987169459058435056355705563488808481067503165033231805786693497113", "price": "0.94", "size": "0", "side": "SELL", "hash": "61c9a0e1260de94cb29dfa6acc6161798bd16e46", "best_bid": "0.82", "best_ask": "0.84"}], "timestamp": "1769384579780", "event_type": "price_change"}}
{"_local_timestamp": "2026-01-25T23:43:03.208332+00:00", "data": {"market": "0x90c9f679e2f272caf121b7f5ec4994525cbe5887531423110783308053a1fbd5", "price_changes": [{"asset_id": "32498176592183521901175008032097809808908848921141945570289489900415454617452", "price": "0.02", "size": "1008.27", "side": "BUY", "hash": "045360072d847990773a7a609b2231ad4961ba82", "best_bid": "0.16", "best_ask": "0.18"}, {"asset_id": "79985316868987169459058435056355705563488808481067503165033231805786693497113", "price": "0.98", "size": "1008.27", "side": "SELL", "hash": "1a569cb1806766610dd3811d39b4cb66843a3d68", "best_bid": "0.82", "best_ask": "0.84"}], "timestamp": "1769384583087", "event_type": "price_change"}}
{"_local_timestamp": "2026-01-25T23:43:03.213126+00:00", "data": {"market": "0x90c9f679e2f272caf121b7f5ec4994525cbe5887531423110783308053a1fbd5", "price_changes": [{"asset_id": "32498176592183521901175008032097809808908848921141945570289489900415454617452", "price": "0.07", "size": "12.01", "side": "BUY", "hash": "8a3a7f0e4702b1eda81c9eaf1e1fee3b4bcdcd07", "best_bid": "0.16", "best_ask": "0.18"}, {"asset_id": "79985316868987169459058435056355705563488808481067503165033231805786693497113", "price": "0.93", "size": "12.01", "side": "SELL", "hash": "ca021f4cf01393cefb9c3c99780486debe4be46a", "best_bid": "0.82", "best_ask": "0.84"}], "timestamp": "1769384583091", "event_type": "price_change"}}
{"_local_timestamp": "2026-01-25T23:43:08.602399+00:00", "data": {"market": "0x90c9f679e2f272caf121b7f5ec4994525cbe5887531423110783308053a1fbd5", "price_changes": [{"asset_id": "79985316868987169459058435056355705563488808481067503165033231805786693497113", "price": "0.25", "size": "1784", "side": "BUY", "hash": "78b6c6b3745915236527f83d0380b9c8a1b866c8", "best_bid": "0.82", "best_ask": "0.84"}, {"asset_id": "32498176592183521901175008032097809808908848921141945570289489900415454617452", "price": "0.75", "size": "1784", "side": "SELL", "hash": "c627d364d4115413faf983f8ad0df8b04736fb75", "best_bid": "0.16", "best_ask": "0.18"}], "timestamp": "1769384588503", "event_type": "price_change"}}
{"_local_timestamp": "2026-01-25T23:43:51.875299+00:00", "data": {"market": "0x90c9f679e2f272caf121b7f5ec4994525cbe5887531423110783308053a1fbd5", "price_changes": [{"asset_id": "32498176592183521901175008032097809808908848921141945570289489900415454617452", "price": "0.18", "size": "92.98", "side": "SELL", "hash": "30e7cb00ca6988b86557172b95db863870ccfa1a", "best_bid": "0.16", "best_ask": "0.18"}, {"asset_id": "79985316868987169459058435056355705563488808481067503165033231805786693497113", "price": "0.82", "size": "92.98", "side": "BUY", "hash": "d45954382eb6a9e7f8a878f535cc722076b19759", "best_bid": "0.82", "best_ask": "0.84"}], "timestamp": "1769384631618", "event_type": "price_change"}}
{"_local_timestamp": "2026-01-25T23:43:53.006111+00:00", "data": {"market": "0x90c9f679e2f272caf121b7f5ec4994525cbe5887531423110783308053a1fbd5", "price_changes": [{"asset_id": "32498176592183521901175008032097809808908848921141945570289489900415454617452", "price": "0.18", "size": "165.47", "side": "SELL", "hash": "9e5ea31ae93c829eb8294a56538ada5d379febdd", "best_bid": "0.16", "best_ask": "0.18"}, {"asset_id": "79985316868987169459058435056355705563488808481067503165033231805786693497113", "price": "0.82", "size": "165.47", "side": "BUY", "hash": "ea0a454a98bc7d194fb2e043dbd3b7e787852787", "best_bid": "0.82", "best_ask": "0.84"}], "timestamp": "1769384631644", "event_type": "price_change"}}
{"_local_timestamp": "2026-01-25T23:44:08.905565+00:00", "data": {"market": "0x90c9f679e2f272caf121b7f5ec4994525cbe5887531423110783308053a1fbd5", "price_changes": [{"asset_id": "79985316868987169459058435056355705563488808481067503165033231805786693497113", "price": "0.22", "size": "50", "side": "BUY", "hash": "97f16def5ca56a7109a649a25c07e017dd6ff0d1", "best_bid": "0.82", "best_ask": "0.84"}, {"asset_id": "32498176592183521901175008032097809808908848921141945570289489900415454617452", "price": "0.78", "size": "50", "side": "SELL", "hash": "ea1adbd81014ffa56875adc30d6a56f680d00028", "best_bid": "0.16", "best_ask": "0.18"}], "timestamp": "1769384648441", "event_type": "price_change"}}
{"_local_timestamp": "2026-01-25T23:44:09.217942+00:00", "data": {"market": "0x90c9f679e2f272caf121b7f5ec4994525cbe5887531423110783308053a1fbd5", "price_changes": [{"asset_id": "79985316868987169459058435056355705563488808481067503165033231805786693497113", "price": "0.24", "size": "50", "side": "BUY", "hash": "2c686dbd8099c84ffff6af4f74af62f07d99c402", "best_bid": "0.82", "best_ask": "0.84"}, {"asset_id": "32498176592183521901175008032097809808908848921141945570289489900415454617452", "price": "0.76", "size": "50", "side": "SELL", "hash": "3efd3f94cc489bdca2699fcfc05d4b2bdee53e74", "best_bid": "0.16", "best_ask": "0.18"}], "timestamp": "1769384648754", "event_type": "price_change"}}
{"_local_timestamp": "2026-01-25T23:44:13.471383+00:00", "data": {"market": "0x90c9f679e2f272caf121b7f5ec4994525cbe5887531423110783308053a1fbd5", "price_changes": [{"asset_id": "32498176592183521901175008032097809808908848921141945570289489900415454617452", "price": "0.15", "size": "635", "side": "BUY", "hash": "98176dede84fdfe38e3d2d276a5f0fbcd87d580f", "best_bid": "0.16", "best_ask": "0.18"}, {"asset_id": "79985316868987169459058435056355705563488808481067503165033231805786693497113", "price": "0.85", "size": "635", "side": "SELL", "hash": "e96e1d104ffa43b09cff705812517749328800be", "best_bid": "0.82", "best_ask": "0.84"}], "timestamp": "1769384653322", "event_type": "price_change"}}
{"_local_timestamp": "2026-01-25T23:44:13.752286+00:00", "data": {"market": "0x90c9f679e2f272caf121b7f5ec4994525cbe5887531423110783308053a1fbd5", "price_changes": [{"asset_id": "32498176592183521901175008032097809808908848921141945570289489900415454617452", "price": "0.15", "size": "745", "side": "BUY", "hash": "929679110ca5367b2501538414b7f3f9d57e3fa5", "best_bid": "0.16", "best_ask": "0.18"}, {"asset_id": "79985316868987169459058435056355705563488808481067503165033231805786693497113", "price": "0.85", "size": "745", "side": "SELL", "hash": "0a030a7fb596f82a9b916dd19e569e96353f7232", "best_bid": "0.82", "best_ask": "0.84"}], "timestamp": "1769384653556", "event_type": "price_change"}}
{"_local_timestamp": "2026-01-25T23:44:14.346785+00:00", "data": {"market": "0x90c9f679e2f272caf121b7f5ec4994525cbe5887531423110783308053a1fbd5", "price_changes": [{"asset_id": "79985316868987169459058435056355705563488808481067503165033231805786693497113", "price": "0.8", "size": "210", "side": "BUY", "hash": "c187ee17bb1a2a45eb3e342c005a4375d38c8fda", "best_bid": "0.82", "best_ask": "0.84"}, {"asset_id": "32498176592183521901175008032097809808908848921141945570289489900415454617452", "price": "0.2", "size": "210", "side": "SELL", "hash": "df6ad65089d034a144faf93257eabf6d03028769", "best_bid": "0.16", "best_ask": "0.18"}], "timestamp": "1769384654198", "event_type": "price_change"}}
{"_local_timestamp": "2026-01-25T23:44:15.124395+00:00", "data": {"market": "0x90c9f679e2f272caf121b7f5ec4994525cbe5887531423110783308053a1fbd5", "price_changes": [{"asset_id": "79985316868987169459058435056355705563488808481067503165033231805786693497113", "price": "0.8", "size": "200", "side": "BUY", "hash": "cc1567469cc2daf8f62724b9530d68362cb09c82", "best_bid": "0.82", "best_ask": "0.84"}, {"asset_id": "32498176592183521901175008032097809808908848921141945570289489900415454617452", "price": "0.2", "size": "200", "side": "SELL", "hash": "f99c3333d46cb4c367a30bb1a4112649d117bd2d", "best_bid": "0.16", "best_ask": "0.18"}], "timestamp": "1769384654972", "event_type": "price_change"}}
{"_local_timestamp": "2026-01-25T23:44:15.228059+00:00", "data": {"market": "0x90c9f679e2f272caf121b7f5ec4994525cbe5887531423110783308053a1fbd5", "price_changes": [{"asset_id": "32498176592183521901175008032097809808908848921141945570289489900415454617452", "price": "0.15", "size": "755", "side": "BUY", "hash": "c3a7d88d63612eb675272140efeb5503345d3c99", "best_bid": "0.16", "best_ask": "0.18"}, {"asset_id": "79985316868987169459058435056355705563488808481067503165033231805786693497113", "price": "0.85", "size": "755", "side": "SELL", "hash": "bcc2fa56e71c853ae12e4f746cbb273153f73d7c", "best_bid": "0.82", "best_ask": "0.84"}], "timestamp": "1769384655047", "event_type": "price_change"}}
{"_local_timestamp": "2026-01-25T23:44:15.318981+00:00", "data": {"market": "0x90c9f679e2f272caf121b7f5ec4994525cbe5887531423110783308053a1fbd5", "price_changes": [{"asset_id": "32498176592183521901175008032097809808908848921141945570289489900415454617452", "price": "0.14", "size": "486.1", "side": "BUY", "hash": "2bf1e2ca73ad25a2e3f9be4c26a306e795e9fa60", "best_bid": "0.16", "best_ask": "0.18"}, {"asset_id": "79985316868987169459058435056355705563488808481067503165033231805786693497113", "price": "0.86", "size": "486.1", "side": "SELL", "hash": "b2f01f031bbced78c61f881bd7cd1ec3bf1fe213", "best_bid": "0.82", "best_ask": "0.84"}], "timestamp": "1769384655173", "event_type": "price_change"}}
{"_local_timestamp": "2026-01-25T23:44:16.344785+00:00", "data": {"market": "0x90c9f679e2f272caf121b7f5ec4994525cbe5887531423110783308053a1fbd5", "price_changes": [{"asset_id": "32498176592183521901175008032097809808908848921141945570289489900415454617452", "price": "0.15", "size": "745", "side": "BUY", "hash": "c7adbbc8b63b0e65a8f5ba7cfd1c7461cf6e2fdf", "best_bid": "0.16", "best_ask": "0.18"}, {"asset_id": "79985316868987169459058435056355705563488808481067503165033231805786693497113", "price": "0.85", "size": "745", "side": "SELL", "hash": "face844dab397c5b390b1bb29a486019d43a14a8", "best_bid": "0.82", "best_ask": "0.84"}], "timestamp": "1769384656219", "event_type": "price_change"}}
{"_local_timestamp": "2026-01-25T23:44:16.345262+00:00", "data": {"market": "0x90c9f679e2f272caf121b7f5ec4994525cbe5887531423110783308053a1fbd5", "price_changes": [{"asset_id": "32498176592183521901175008032097809808908848921141945570289489900415454617452", "price": "0.14", "size": "476.1", "side": "BUY", "hash": "c7adbbc8b63b0e65a8f5ba7cfd1c7461cf6e2fdf", "best_bid": "0.16", "best_ask": "0.18"}, {"asset_id": "79985316868987169459058435056355705563488808481067503165033231805786693497113", "price": "0.86", "size": "476.1", "side": "SELL", "hash": "face844dab397c5b390b1bb29a486019d43a14a8", "best_bid": "0.82", "best_ask": "0.84"}], "timestamp": "1769384656219", "event_type": "price_change"}}
{"_local_timestamp": "2026-01-25T23:44:16.847496+00:00", "data": {"market": "0x90c9f679e2f272caf121b7f5ec4994525cbe5887531423110783308053a1fbd5", "price_changes": [{"asset_id": "79985316868987169459058435056355705563488808481067503165033231805786693497113", "price": "0.8", "size": "210", "side": "BUY", "hash": "a60f2f6e563834091f2ee450169f5edf9cef656c", "best_bid": "0.82", "best_ask": "0.84"}, {"asset_id": "32498176592183521901175008032097809808908848921141945570289489900415454617452", "price": "0.2", "size": "210", "side": "SELL", "hash": "781d98737058419135a9c2db9502dc93a1bd0066", "best_bid": "0.16", "best_ask": "0.18"}], "timestamp": "1769384656764", "event_type": "price_change"}}
{"_local_timestamp": "2026-01-25T23:44:17.424423+00:00", "data": {"market": "0x90c9f679e2f272caf121b7f5ec4994525cbe5887531423110783308053a1fbd5", "price_changes": [{"asset_id": "79985316868987169459058435056355705563488808481067503165033231805786693497113", "price": "0.81", "size": "411", "side": "BUY", "hash": "b7283a70f94a052a7e18816648cda8d56b31e094", "best_bid": "0.82", "best_ask": "0.84"}, {"asset_id": "32498176592183521901175008032097809808908848921141945570289489900415454617452", "price": "0.19", "size": "411", "side": "SELL", "hash": "9ff2fa9d1a9a53b23300751dc1c1783397529cd4", "best_bid": "0.16", "best_ask": "0.18"}], "timestamp": "1769384657351", "event_type": "price_change"}}
{"_local_timestamp": "2026-01-25T23:44:17.666423+00:00", "data": {"market": "0x90c9f679e2f272caf121b7f5ec4994525cbe5887531423110783308053a1fbd5", "price_changes": [{"asset_id": "79985316868987169459058435056355705563488808481067503165033231805786693497113", "price": "0.81", "size": "521", "side": "BUY", "hash": "5f838b8bcdf36f2aa877fa25781bf5021b6faf87", "best_bid": "0.82", "best_ask": "0.84"}, {"asset_id": "32498176592183521901175008032097809808908848921141945570289489900415454617452", "price": "0.19", "size": "521", "side": "SELL", "hash": "0b8c840653d9ba2aa52db1594580adfd83b248ee", "best_bid": "0.16", "best_ask": "0.18"}], "timestamp": "1769384657593", "event_type": "price_change"}}
{"_local_timestamp": "2026-01-25T23:44:20.384694+00:00", "data": {"market": "0x90c9f679e2f272caf121b7f5ec4994525cbe5887531423110783308053a1fbd5", "price_changes": [{"asset_id": "79985316868987169459058435056355705563488808481067503165033231805786693497113", "price": "0.8", "size": "200", "side": "BUY", "hash": "c4a3d180c29cffe7dd66d700b720ad37c89f5309", "best_bid": "0.82", "best_ask": "0.84"}, {"asset_id": "32498176592183521901175008032097809808908848921141945570289489900415454617452", "price": "0.2", "size": "200", "side": "SELL", "hash": "f7ad8de641497e3e5b3a09331a76f3b00e311892", "best_bid": "0.16", "best_ask": "0.18"}], "timestamp": "1769384660083", "event_type": "price_change"}}
{"_local_timestamp": "2026-01-25T23:44:20.792678+00:00", "data": {"market": "0x90c9f679e2f272caf121b7f5ec4994525cbe5887531423110783308053a1fbd5", "price_changes": [{"asset_id": "79985316868987169459058435056355705563488808481067503165033231805786693497113", "price": "0.21", "size": "133.33", "side": "BUY", "hash": "09d707c22dcd86ee5ca97d49ebcd2c05123f8f25", "best_bid": "0.82", "best_ask": "0.84"}, {"asset_id": "32498176592183521901175008032097809808908848921141945570289489900415454617452", "price": "0.79", "size": "133.33", "side": "SELL", "hash": "02d3ae86a03a3f6228e02ce4123e3bd79bac2429", "best_bid": "0.16", "best_ask": "0.18"}], "timestamp": "1769384660497", "event_type": "price_change"}}
{"_local_timestamp": "2026-01-25T23:44:21.149520+00:00", "data": {"market": "0x90c9f679e2f272caf121b7f5ec4994525cbe5887531423110783308053a1fbd5", "price_changes": [{"asset_id": "32498176592183521901175008032097809808908848921141945570289489900415454617452", "price": "0.15", "size": "755", "side": "BUY", "hash": "0fbc4c326d4380f40eb98cd9d019ce2985be57cf", "best_bid": "0.16", "best_ask": "0.18"}, {"asset_id": "79985316868987169459058435056355705563488808481067503165033231805786693497113", "price": "0.85", "size": "755", "side": "SELL", "hash": "1f72b6e21ed9b943104514c7ea082c143b030374", "best_bid": "0.82", "best_ask": "0.84"}], "timestamp": "1769384660820", "event_type": "price_change"}}
{"_local_timestamp": "2026-01-25T23:44:21.347253+00:00", "data": {"market": "0x90c9f679e2f272caf121b7f5ec4994525cbe5887531423110783308053a1fbd5", "price_changes": [{"asset_id": "79985316868987169459058435056355705563488808481067503165033231805786693497113", "price": "0.24", "size": "150", "side": "BUY", "hash": "a5831e08658ff53f49d98181b196bd5a6c20f9e2", "best_bid": "0.82", "best_ask": "0.84"}, {"asset_id": "32498176592183521901175008032097809808908848921141945570289489900415454617452", "price": "0.76", "size": "150", "side": "SELL", "hash": "20e8943222a80e8f754cb6653035e3898037b663", "best_bid": "0.16", "best_ask": "0.18"}], "timestamp": "1769384660891", "event_type": "price_change"}}
{"_local_timestamp": "2026-01-25T23:44:21.813436+00:00", "data": {"market": "0x90c9f679e2f272caf121b7f5ec4994525cbe5887531423110783308053a1fbd5", "price_changes": [{"asset_id": "32498176592183521901175008032097809808908848921141945570289489900415454617452", "price": "0.15", "size": "745", "side": "BUY", "hash": "fc9f7e9a96b782fe5e273ebcd8dc8439000850b5", "best_bid": "0.16", "best_ask": "0.18"}, {"asset_id": "79985316868987169459058435056355705563488808481067503165033231805786693497113", "price": "0.85", "size": "745", "side": "SELL", "hash": "0e0e04df4839bcd2aee6dbe934a6821ca758bfe1", "best_bid": "0.82", "best_ask": "0.84"}], "timestamp": "1769384661737", "event_type": "price_change"}}
{"_local_timestamp": "2026-01-25T23:44:21.859134+00:00", "data": {"market": "0x90c9f679e2f272caf121b7f5ec4994525cbe5887531423110783308053a1fbd5", "price_changes": [{"asset_id": "32498176592183521901175008032097809808908848921141945570289489900415454617452", "price": "0.15", "size": "755", "side": "BUY", "hash": "27e668c4b6de429548e318ff2d7d7923c0a5dfe8", "best_bid": "0.16", "best_ask": "0.18"}, {"asset_id": "79985316868987169459058435056355705563488808481067503165033231805786693497113", "price": "0.85", "size": "755", "side": "SELL", "hash": "f36df5008a06f07938ae45b2a3e6913cf8027895", "best_bid": "0.82", "best_ask": "0.84"}], "timestamp": "1769384661781", "event_type": "price_change"}}
{"_local_timestamp": "2026-01-25T23:44:22.995595+00:00", "data": {"market": "0x90c9f679e2f272caf121b7f5ec4994525cbe5887531423110783308053a1fbd5", "price_changes": [{"asset_id": "32498176592183521901175008032097809808908848921141945570289489900415454617452", "price": "0.15", "size": "745", "side": "BUY", "hash": "d6fd19159a586243757f9df43174525eeed7c448", "best_bid": "0.16", "best_ask": "0.18"}, {"asset_id": "79985316868987169459058435056355705563488808481067503165033231805786693497113", "price": "0.85", "size": "745", "side": "SELL", "hash": "9fb214bea52b3703b113ea8afd743306a7e16d63", "best_bid": "0.82", "best_ask": "0.84"}], "timestamp": "1769384662919", "event_type": "price_change"}}
{"_local_timestamp": "2026-01-25T23:44:23.448769+00:00", "data": {"market": "0x90c9f679e2f272caf121b7f5ec4994525cbe5887531423110783308053a1fbd5", "price_changes": [{"asset_id": "32498176592183521901175008032097809808908848921141945570289489900415454617452", "price": "0.15", "size": "755", "side": "BUY", "hash": "c62bb3819938c7816fe53bb827e091dce0bdf299", "best_bid": "0.16", "best_ask": "0.18"}, {"asset_id": "79985316868987169459058435056355705563488808481067503165033231805786693497113", "price": "0.85", "size": "755", "side": "SELL", "hash": "3ede5c6fa4076cd9e429831b78b9bbb07b5d4e0d", "best_bid": "0.82", "best_ask": "0.84"}], "timestamp": "1769384663377", "event_type": "price_change"}}
{"_local_timestamp": "2026-01-25T23:44:24.938508+00:00", "data": {"market": "0x90c9f679e2f272caf121b7f5ec4994525cbe5887531423110783308053a1fbd5", "price_changes": [{"asset_id": "32498176592183521901175008032097809808908848921141945570289489900415454617452", "price": "0.15", "size": "745", "side": "BUY", "hash": "f99033c7f268cc2b16d03e905e4c51203e89903a", "best_bid": "0.16", "best_ask": "0.18"}, {"asset_id": "79985316868987169459058435056355705563488808481067503165033231805786693497113", "price": "0.85", "size": "745", "side": "SELL", "hash": "32838efa536c742038a67252eeb6dde416a46274", "best_bid": "0.82", "best_ask": "0.84"}], "timestamp": "1769384664864", "event_type": "price_change"}}
{"_local_timestamp": "2026-01-25T23:44:25.118314+00:00", "data": {"market": "0x90c9f679e2f272caf121b7f5ec4994525cbe5887531423110783308053a1fbd5", "price_changes": [{"asset_id": "79985316868987169459058435056355705563488808481067503165033231805786693497113", "price": "0.8", "size": "210", "side": "BUY", "hash": "47ee0aa5f13cb622202466f7351621fe96a36614", "best_bid": "0.82", "best_ask": "0.84"}, {"asset_id": "32498176592183521901175008032097809808908848921141945570289489900415454617452", "price": "0.2", "size": "210", "side": "SELL", "hash": "373d8a0c93fbfd2eef2a31ccf0cf71d6ae35dd06", "best_bid": "0.16", "best_ask": "0.18"}], "timestamp": "1769384665037", "event_type": "price_change"}}
{"_local_timestamp": "2026-01-25T23:44:25.340745+00:00", "data": {"market": "0x90c9f679e2f272caf121b7f5ec4994525cbe5887531423110783308053a1fbd5", "price_changes": [{"asset_id": "79985316868987169459058435056355705563488808481067503165033231805786693497113", "price": "0.81", "size": "621", "side": "BUY", "hash": "b37891975927e1eda096482ba166b55f193e938e", "best_bid": "0.82", "best_ask": "0.84"}, {"asset_id": "32498176592183521901175008032097809808908848921141945570289489900415454617452", "price": "0.19", "size": "621", "side": "SELL", "hash": "d91fdfe8cb029d4ec54ac0ed976bb1dd7e0cf97d", "best_bid": "0.16", "best_ask": "0.18"}], "timestamp": "1769384665270", "event_type": "price_change"}}
{"_local_timestamp": "2026-01-25T23:44:25.343017+00:00", "data": {"market": "0x90c9f679e2f272caf121b7f5ec4994525cbe5887531423110783308053a1fbd5", "price_changes": [{"asset_id": "32498176592183521901175008032097809808908848921141945570289489900415454617452", "price": "0.15", "size": "845", "side": "BUY", "hash": "c51c92bc36e71dad06491470d85d583d64145ca8", "best_bid": "0.16", "best_ask": "0.18"}, {"asset_id": "79985316868987169459058435056355705563488808481067503165033231805786693497113", "price": "0.85", "size": "845", "side": "SELL", "hash": "37f814b26b43628430e26cf5375c993e72e5b11d", "best_bid": "0.82", "best_ask": "0.84"}], "timestamp": "1769384665270", "event_type": "price_change"}}
{"_local_timestamp": "2026-01-25T23:44:26.310683+00:00", "data": {"market": "0x90c9f679e2f272caf121b7f5ec4994525cbe5887531423110783308053a1fbd5", "price_changes": [{"asset_id": "79985316868987169459058435056355705563488808481067503165033231805786693497113", "price": "0.8", "size": "200", "side": "BUY", "hash": "dc7fce70e28e0f522e4312fb4b7a5401a89198c6", "best_bid": "0.82", "best_ask": "0.84"}, {"asset_id": "32498176592183521901175008032097809808908848921141945570289489900415454617452", "price": "0.2", "size": "200", "side": "SELL", "hash": "eaa316837f8965a8ff9fb63c5f8563fb636d0251", "best_bid": "0.16", "best_ask": "0.18"}], "timestamp": "1769384666235", "event_type": "price_change"}}
{"_local_timestamp": "2026-01-25T23:44:26.318625+00:00", "data": {"market": "0x90c9f679e2f272caf121b7f5ec4994525cbe5887531423110783308053a1fbd5", "price_changes": [{"asset_id": "32498176592183521901175008032097809808908848921141945570289489900415454617452", "price": "0.15", "size": "855", "side": "BUY", "hash": "bf32c6d613be58f72de2c5f163df7f3e8bc2fac2", "best_bid": "0.16", "best_ask": "0.18"}, {"asset_id": "79985316868987169459058435056355705563488808481067503165033231805786693497113", "price": "0.85", "size": "855", "side": "SELL", "hash": "7acddcdc6007b870c99fe534e7281e98b9ed6760", "best_bid": "0.82", "best_ask": "0.84"}], "timestamp": "1769384666247", "event_type": "price_change"}}
{"_local_timestamp": "2026-01-25T23:44:27.473447+00:00", "data": {"market": "0x90c9f679e2f272caf121b7f5ec4994525cbe5887531423110783308053a1fbd5", "price_changes": [{"asset_id": "32498176592183521901175008032097809808908848921141945570289489900415454617452", "price": "0.15", "size": "845", "side": "BUY", "hash": "08c199e999016702deb73cc061d78e44c3ecf6cd", "best_bid": "0.16", "best_ask": "0.18"}, {"asset_id": "79985316868987169459058435056355705563488808481067503165033231805786693497113", "price": "0.85", "size": "845", "side": "SELL", "hash": "231fb833a017b9469eaf183fa433dc05e28a366c", "best_bid": "0.82", "best_ask": "0.84"}], "timestamp": "1769384667401", "event_type": "price_change"}}
