{"_local_timestamp": "2026-01-25T23:33:42.072256+00:00", "data": [{"market": "0x759bd9b83c61df4cc157099bf04e82ab53ca9b4201b2d6daad8f49f53932d5f1", "asset_id": "19452398300568676106067658850867340492794730670276921757485179810502889825643", "timestamp": "1769384001656", "hash": "260bd4c267888a42976fc2b2c950ca9be6e0ce98", "bids": [{"price": "0.01", "size": "7056.01"}, {"price": "0.02", "size": "12.93"}, {"price": "0.04", "size": "2200"}, {"price": "0.05", "size": "10"}, {"price": "0.06", "size": "433"}, {"price": "0.07", "size": "9.73"}, {"price": "0.13", "size": "275"}, {"price": "0.16", "size": "150"}, {"price": "0.17", "size": "66.66"}, {"price": "0.18", "size": "11"}, {"price": "0.23", "size": "175"}, {"price": "0.26", "size": "50"}, {"price": "0.37", "size": "66.66"}, {"price": "0.38", "size": "7.5"}, {"price": "0.46", "size": "40"}, {"price": "0.47", "size": "27.65"}, {"price": "0.48", "size": "22.91"}, {"price": "0.56", "size": "129.76"}], "asks": [{"price": "0.99", "size": "1026.74"}, {"price": "0.98", "size": "1800"}, {"price": "0.97", "size": "30.6"}, {"price": "0.92", "size": "7.12"}, {"price": "0.91", "size": "20.17"}, {"price": "0.86", "size": "127.74"}, {"price": "0.85", "size": "20.17"}], "event_type": "book", "last_trade_price": "0.550"}, {"market": "0x759bd9b83c61df4cc157099bf04e82ab53ca9b4201b2d6daad8f49f53932d5f1", "asset_id": "46576417624998325536747471678018296648959603456703901975563529274196692130652", "timestamp": "1769384001656", "hash": "018ae2d4831a43b87f2636cf5f3d91e399409c07", "bids": [{"price": "0.01", "size": "1026.74"}, {"price": "0.02", "size": "1800"}, {"price": "0.03", "size": "30.6"}, {"price": "0.08", "size": "7.12"}, {"price": "0.09", "size": "20.17"}, {"price": "0.14", "size": "127.74"}, {"price": "0.15", "size": "20.17"}], "asks": [{"price": "0.99", "size": "7056.01"}, {"price": "0.98", "size": "12.93"}, {"price": "0.96", "size": "2200"}, {"price": "0.95", "size": "10"}, {"price": "0.94", "size": "433"}, {"price": "0.93", "size": "9.73"}, {"price": "0.87", "size": "275"}, {"price": "0.84", "size": "150"}, {"price": "0.83", "size": "66.66"}, {"price": "0.82", "size": "11"}, {"price": "0.77", "size": "175"}, {"price": "0.74", "size": "50"}, {"price": "0.63", "size": "66.66"}, {"price": "0.62", "size": "7.5"}, {"price": "0.54", "size": "40"}, {"price": "0.53", "size": "27.65"}, {"price": "0.52", "size": "22.91"}, {"price": "0.44", "size": "129.76"}], "event_type": "book", "last_trade_price": "0.550"}]}
{"_local_timestamp": "2026-01-25T23:33:48.950438+00:00", "data": {"market": "0x759bd9b83c61df4cc157099bf04e82ab53ca9b4201b2d6daad8f49f53932d5f1", "price_changes": [{"asset_id": "46576417624998325536747471678018296648959603456703901975563529274196692130652", "price": "0.43", "size": "68.75", "side": "SELL", "hash": "ff87396c80725d34030f46bdfc8cc53b07a1a327", "best_bid": "0.15", "best_ask": "0.43"}, {"asset_id": "19452398300568676106067658850867340492794730670276921757485179810502889825643", "price": "0.57", "size": "68.75", "side": "BUY", "hash": "7b5709f95d495461d357b5d6e1a92d09562a3f61", "best_bid": "0.57", "best_ask": "0.85"}], "timestamp": "1769384028874", "event_type": "price_change"}}
{"_local_timestamp": "2026-01-25T23:33:52.648422+00:00", "data": {"market": "0x759bd9b83c61df4cc157099bf04e82ab53ca9b4201b2d6daad8f49f53932d5f1", "price_changes": [{"asset_id": "19452398300568676106067658850867340492794730670276921757485179810502889825643", "price": "0.06", "size": "933", "side": "BUY", "hash": "eeab73affdd956a857e2e4504d3eda8c06f12956", "best_bid": "0.57", "best_ask": "0.85"}, {"asset_id": "46576417624998325536747471678018296648959603456703901975563529274196692130652", "price": "0.94", "size": "933", "side": "SELL", "hash": "2a7d410145c352fedc4c0021374826395a8f6063", "best_bid": "0.15", "best_ask": "0.43"}], "timestamp": "1769384032540", "event_type": "price_change"}}
{"_local_timestamp": "2026-01-25T23:33:52.649625+00:00", "data": {"market": "0x759bd9b83c61df4cc157099bf04e82ab53ca9b4201b2d6daad8f49f53932d5f1", "price_changes": [{"asset_id": "19452398300568676106067658850867340492794730670276921757485179810502889825643", "price": "0.13", "size": "325", "side": "BUY", "hash": "b8ed0db05515ca7c74b95b78cd1c3d49247e7ebe", "best_bid": "0.57", "best_ask": "0.85"}, {"asset_id": "46576417624998325536747471678018296648959603456703901975563529274196692130652", "price": "0.87", "size": "325", "side": "SELL", "hash": "e30ff77ad319074720203234ed65a0932d038ec0", "best_bid": "0.15", "best_ask": "0.43"}], "timestamp": "1769384032542", "event_type": "price_change"}}
{"_local_timestamp": "2026-01-25T23:34:04.667883+00:00", "data": {"market": "0x759bd9b83c61df4cc157099bf04e82ab53ca9b4201b2d6daad8f49f53932d5f1", "price_changes": [{"asset_id": "19452398300568676106067658850867340492794730670276921757485179810502889825643", "price": "0.16", "size": "0", "side": "BUY", "hash": "8ed4ad568ca24b88c8c7af69cfd0a1a259f7b54f", "best_bid": "0.57", "best_ask": "0.85"}, {"asset_id": "46576417624998325536747471678018296648959603456703901975563529274196692130652", "price": "0.84", "size": "0", "side": "SELL", "hash": "bead0fc7254cf2883aa7e82c82a706ae7f19ed0f", "best_bid": "0.15", "best_ask": "0.43"}], "timestamp": "1769384044570", "event_type": "price_change"}}
{"_local_timestamp": "2026-01-25T23:34:05.044636+00:00", "data": {"market": "0x759bd9b83c61df4cc157099bf04e82ab53ca9b4201b2d6daad8f49f53932d5f1", "price_changes": [{"asset_id": "19452398300568676106067658850867340492794730670276921757485179810502889825643", "price": "0.17", "size": "216.66", "side": "BUY", "hash": "8016f01705085c39b0918591bb54748734b371bf", "best_bid": "0.57", "best_ask": "0.85"}, {"asset_id": "46576417624998325536747471678018296648959603456703901975563529274196692130652", "price": "0.83", "size": "216.66", "side": "SELL", "hash": "07b1e39509f1ee79c7fe2c20efdd922877906e20", "best_bid": "0.15", "best_ask": "0.43"}], "timestamp": "1769384044881", "event_type": "price_change"}}
{"_local_timestamp": "2026-01-25T23:34:17.528489+00:00", "data": {"market": "0x759bd9b83c61df4cc157099bf04e82ab53ca9b4201b2d6daad8f49f53932d5f1", "price_changes": [{"asset_id": "19452398300568676106067658850867340492794730670276921757485179810502889825643", "price": "0.58", "size": "8.62", "side": "BUY", "hash": "b56d1a1db510cdcd4fae2f629f225f8fe2076328", "best_bid": "0.58", "best_ask": "0.85"}, {"asset_id": "46576417624998325536747471678018296648959603456703901975563529274196692130652", "price": "0.42", "size": "8.62", "side": "SELL", "hash": "2b4e55cd72c09a2641724226a235f1f312cc37e5", "best_bid": "0.15", "best_ask": "0.42"}], "timestamp": "1769384057459", "event_type": "price_change"}}
{"_local_timestamp": "2026-01-25T23:34:27.334340+00:00", "data": {"market": "0x759bd9b83c61df4cc157099bf04e82ab53ca9b4201b2d6daad8f49f53932d5f1", "price_changes": [{"asset_id": "19452398300568676106067658850867340492794730670276921757485179810502889825643", "price": "0.13", "size": "275", "side": "BUY", "hash": "bb44672481185d81fefce54b4a00e98533b2f94d", "best_bid": "0.58", "best_ask": "0.85"}, {"asset_id": "46576417624998325536747471678018296648959603456703901975563529274196692130652", "price": "0.87", "size": "275", "side": "SELL", "hash": "e1f335d1a2490bbf1b364ba30d6fa91c874252f5", "best_bid": "0.15", "best_ask": "0.42"}], "timestamp": "1769384067263", "event_type": "price_change"}}
{"_local_timestamp": "2026-01-25T23:34:27.868195+00:00", "data": {"market": "0x759bd9b83c61df4cc157099bf04e82ab53ca9b4201b2d6daad8f49f53932d5f1", "price_changes": [{"asset_id": "19452398300568676106067658850867340492794730670276921757485179810502889825643", "price": "0.17", "size": "266.66", "side": "BUY", "hash": "c6315a7ff42d42368b4f4fbc2bfae64757a6c890", "best_bid": "0.58", "best_ask": "0.85"}, {"asset_id": "46576417624998325536747471678018296648959603456703901975563529274196692130652", "price": "0.83", "size": "266.66", "side": "SELL", "hash": "c28e64fbd10d5baddff9c51ebf22623ceccbdfa3", "best_bid": "0.15", "best_ask": "0.42"}], "timestamp": "1769384067606", "event_type": "price_change"}}
{"_local_timestamp": "2026-01-25T23:34:28.525864+00:00", "data": {"market": "0x759bd9b83c61df4cc157099bf04e82ab53ca9b4201b2d6daad8f49f53932d5f1", "price_changes": [{"asset_id": "19452398300568676106067658850867340492794730670276921757485179810502889825643", "price": "0.04", "size": "2500", "side": "BUY", "hash": "b43954a8e2cfee6d9f2784575edb41c03e7cffc4", "best_bid": "0.58", "best_ask": "0.85"}, {"asset_id": "46576417624998325536747471678018296648959603456703901975563529274196692130652", "price": "0.96", "size": "2500", "side": "SELL", "hash": "c6047ede282f4530850d93c98d262a8f35597062", "best_bid": "0.15", "best_ask": "0.42"}], "timestamp": "1769384068155", "event_type": "price_change"}}
{"_local_timestamp": "2026-01-25T23:34:44.216309+00:00", "data": {"market": "0x759bd9b83c61df4cc157099bf04e82ab53ca9b4201b2d6daad8f49f53932d5f1", "price_changes": [{"asset_id": "46576417624998325536747471678018296648959603456703901975563529274196692130652", "price": "0.03", "size": "20.17", "side": "BUY", "hash": "98dd01970d02d5ab6fcb08fdcf9762ad3cfceea7", "best_bid": "0.15", "best_ask": "0.42"}, {"asset_id": "19452398300568676106067658850867340492794730670276921757485179810502889825643", "price": "0.97", "size": "20.17", "side": "SELL", "hash": "3840769c8cfff39747f06e15204640194a965140", "best_bid": "0.58", "best_ask": "0.85"}], "timestamp": "1769384084148", "event_type": "price_change"}}
{"_local_timestamp": "2026-01-25T23:34:44.217112+00:00", "data": {"market": "0x759bd9b83c61df4cc157099bf04e82ab53ca9b4201b2d6daad8f49f53932d5f1", "price_changes": [{"asset_id": "46576417624998325536747471678018296648959603456703901975563529274196692130652", "price": "0.08", "size": "0", "side": "BUY", "hash": "98dd01970d02d5ab6fcb08fdcf9762ad3cfceea7", "best_bid": "0.15", "best_ask": "0.42"}, {"asset_id": "19452398300568676106067658850867340492794730670276921757485179810502889825643", "price": "0.92", "size": "0", "side": "SELL", "hash": "3840769c8cfff39747f06e15204640194a965140", "best_bid": "0.58", "best_ask": "0.85"}], "timestamp": "1769384084148", "event_type": "price_change"}}
{"_local_timestamp": "2026-01-25T23:34:44.451384+00:00", "data": {"market": "0x759bd9b83c61df4cc157099bf04e82ab53ca9b4201b2d6daad8f49f53932d5f1", "price_changes": [{"asset_id": "46576417624998325536747471678018296648959603456703901975563529274196692130652", "price": "0.04", "size": "16.16", "side": "BUY", "hash": "6508d99e16cad4a164d5c3dbe7952ee10385a73d", "best_bid": "0.15", "best_ask": "0.42"}, {"asset_id": "19452398300568676106067658850867340492794730670276921757485179810502889825643", "price": "0.96", "size": "16.16", "side": "SELL", "hash": "2b007efcc9570deb314ef9769d2e6fb633fe8b75", "best_bid": "0.58", "best_ask": "0.85"}], "timestamp": "1769384084380", "event_type": "price_change"}}
{"_local_timestamp": "2026-01-25T23:34:44.451788+00:00", "data": {"market": "0x759bd9b83c61df4cc157099bf04e82ab53ca9b4201b2d6daad8f49f53932d5f1", "price_changes": [{"asset_id": "46576417624998325536747471678018296648959603456703901975563529274196692130652", "price": "0.03", "size": "28.04", "side": "BUY", "hash": "f5d8872fd62da718e5ae275665bff2b42ddbe744", "best_bid": "0.15", "best_ask": "0.42"}, {"asset_id": "19452398300568676106067658850867340492794730670276921757485179810502889825643", "price": "0.97", "size": "28.04", "side": "SELL", "hash": "ae9e3aa2c305db26f59a98c4726d7e5f41a09f58", "best_bid": "0.58", "best_ask": "0.85"}], "timestamp": "1769384084381", "event_type": "price_change"}}
{"_local_timestamp": "2026-01-25T23:34:44.680714+00:00", "data": {"market": "0x759bd9b83c61df4cc157099bf04e82ab53ca9b4201b2d6daad8f49f53932d5f1", "price_changes": [{"asset_id": "19452398300568676106067658850867340492794730670276921757485179810502889825643", "price": "0.58", "size": "0", "side": "BUY", "hash": "d584ac86eeeb3fae7a1155177e62102fad11dbe9", "best_bid": "0.57", "best_ask": "0.85"}, {"asset_id": "46576417624998325536747471678018296648959603456703901975563529274196692130652", "price": "0.42", "size": "0", "side": "SELL", "hash": "6add2c1092ebfc8e4beb220f631fd01a11d3a9ae", "best_bid": "0.15", "best_ask": "0.43"}], "timestamp": "1769384084617", "event_type": "price_change"}}
{"_local_timestamp": "2026-01-25T23:35:27.266453+00:00", "data": {"market": "0x759bd9b83c61df4cc157099bf04e82ab53ca9b4201b2d6daad8f49f53932d5f1", "price_changes": [{"asset_id": "19452398300568676106067658850867340492794730670276921757485179810502889825643", "price": "0.13", "size": "400", "side": "BUY", "hash": "289453e7eb58c43a86e233bcda730d9d55bd5001", "best_bid": "0.57", "best_ask": "0.85"}, {"asset_id": "46576417624998325536747471678018296648959603456703901975563529274196692130652", "price": "0.87", "size": "400", "side": "SELL", "hash": "68f595a622174a1808b20b36bbcf81f5f1bb9ace", "best_bid": "0.15", "best_ask": "0.43"}], "timestamp": "1769384126906", "event_type": "price_change"}}
{"_local_timestamp": "2026-01-25T23:35:27.316966+00:00", "data": {"market": "0x759bd9b83c61df4cc157099bf04e82ab53ca9b4201b2d6daad8f49f53932d5f1", "price_changes": [{"asset_id": "19452398300568676106067658850867340492794730670276921757485179810502889825643", "price": "0.23", "size": "225", "side": "BUY", "hash": "97259e8cbafc9a98d1f124a837a96f131c15307d", "best_bid": "0.57", "best_ask": "0.85"}, {"asset_id": "46576417624998325536747471678018296648959603456703901975563529274196692130652", "price": "0.77", "size": "225", "side": "SELL", "hash": "69de894715928da6698608064688c256725e840a", "best_bid": "0.15", "best_ask": "0.43"}], "timestamp": "1769384126926", "event_type": "price_change"}}
{"_local_timestamp": "2026-01-25T23:35:27.337980+00:00", "data": {"market": "0x759bd9b83c61df4cc157099bf04e82ab53ca9b4201b2d6daad8f49f53932d5f1", "price_changes": [{"asset_id": "19452398300568676106067658850867340492794730670276921757485179810502889825643", "price": "0.16", "size": "100", "side": "BUY", "hash": "11bc6a3f3dd7ab017c9e13d58eb27699e4619233", "best_bid": "0.57", "best_ask": "0.85"}, {"asset_id": "46576417624998325536747471678018296648959603456703901975563529274196692130652", "price": "0.84", "size": "100", "side": "SELL", "hash": "52d8148ac4538eb16ab2fa9019f86b0c0bd1457a", "best_bid": "0.15", "best_ask": "0.43"}], "timestamp": "1769384126932", "event_type": "price_change"}}
{"_local_timestamp": "2026-01-25T23:35:30.948881+00:00", "data": {"market": "0x759bd9b83c61df4cc157099bf04e82ab53ca9b4201b2d6daad8f49f53932d5f1", "price_changes": [{"asset_id": "19452398300568676106067658850867340492794730670276921757485179810502889825643", "price": "0.13", "size": "350", "side": "BUY", "hash": "ac9ba4cfe4163b95e4aaf77ee7e5432ba04406fe", "best_bid": "0.57", "best_ask": "0.85"}, {"asset_id": "46576417624998325536747471678018296648959603456703901975563529274196692130652", "price": "0.87", "size": "350", "side": "SELL", "hash": "1d98cf838aba32bf7fe39866d6ea9df7c23ea05e", "best_bid": "0.15", "best_ask": "0.43"}], "timestamp": "1769384130716", "event_type": "price_change"}}
{"_local_timestamp": "2026-01-25T23:35:31.264877+00:00", "data": {"market": "0x759bd9b83c61df4cc157099bf04e82ab53ca9b4201b2d6daad8f49f53932d5f1", "price_changes": [{"asset_id": "19452398300568676106067658850867340492794730670276921757485179810502889825643", "price": "0.17", "size": "316.66", "side": "BUY", "hash": "a087d2efe533ac0a29cb5b10c40742d5c37be502", "best_bid": "0.57", "best_ask": "0.85"}, {"asset_id": "46576417624998325536747471678018296648959603456703901975563529274196692130652", "price": "0.83", "size": "316.66", "side": "SELL", "hash": "1b4581e80760d0fbe2c28482655f569191098837", "best_bid": "0.15", "best_ask": "0.43"}], "timestamp": "1769384131027", "event_type": "price_change"}}
{"_local_timestamp": "2026-01-25T23:35:33.506726+00:00", "data": {"market": "0x759bd9b83c61df4cc157099bf04e82ab53ca9b4201b2d6daad8f49f53932d5f1", "price_changes": [{"asset_id": "19452398300568676106067658850867340492794730670276921757485179810502889825643", "price": "0.17", "size": "250", "side": "BUY", "hash": "f519eecf60a31ecd3a6e58e16e290b69bb9a8fa3", "best_bid": "0.57", "best_ask": "0.85"}, {"asset_id": "46576417624998325536747471678018296648959603456703901975563529274196692130652", "price": "0.83", "size": "250", "side": "SELL", "hash": "22c46319b772ebb20496156f32fa9c01e3e3459f", "best_bid": "0.15", "best_ask": "0.43"}], "timestamp": "1769384133286", "event_type": "price_change"}}
{"_local_timestamp": "2026-01-25T23:35:33.962805+00:00", "data": {"market": "0x759bd9b83c61df4cc157099bf04e82ab53ca9b4201b2d6daad8f49f53932d5f1", "price_changes": [{"asset_id": "19452398300568676106067658850867340492794730670276921757485179810502889825643", "price": "0.24", "size": "66.66", "side": "BUY", "hash": "392bd7d802d7df508685fa458cb14d53c74a1d53", "best_bid": "0.57", "best_ask": "0.85"}, {"asset_id": "46576417624998325536747471678018296648959603456703901975563529274196692130652", "price": "0.76", "size": "66.66", "side": "SELL", "hash": "cc84048a68937f0cbad0dedf71f47d5d45b9d040", "best_bid": "0.15", "best_ask": "0.43"}], "timestamp": "1769384133764", "event_type": "price_change"}}
{"_local_timestamp": "2026-01-25T23:35:39.395935+00:00", "data": {"market": "0x759bd9b83c61df4cc157099bf04e82ab53ca9b4201b2d6daad8f49f53932d5f1", "price_changes": [{"asset_id": "19452398300568676106067658850867340492794730670276921757485179810502889825643", "price": "0.06", "size": "1133", "side": "BUY", "hash": "ddfb872e7c4c8fa9a50ea48995e285a4e3b6c921", "best_bid": "0.57", "best_ask": "0.85"}, {"asset_id": "46576417624998325536747471678018296648959603456703901975563529274196692130652", "price": "0.94", "size": "1133", "side": "SELL", "hash": "e6b67c91001dd6f715178438c5f9db1444894a92", "best_bid": "0.15", "best_ask": "0.43"}], "timestamp": "1769384139289", "event_type": "price_change"}}
{"_local_timestamp": "2026-01-25T23:35:39.975096+00:00", "data": {"market": "0x759bd9b83c61df4cc157099bf04e82ab53ca9b4201b2d6daad8f49f53932d5f1", "price_changes": [{"asset_id": "19452398300568676106067658850867340492794730670276921757485179810502889825643", "price": "0.58", "size": "8.62", "side": "BUY", "hash": "9cf25d4252925cee3442ca1763ca010fbf431c94", "best_bid": "0.58", "best_ask": "0.85"}, {"asset_id": "46576417624998325536747471678018296648959603456703901975563529274196692130652", "price": "0.42", "size": "8.62", "side": "SELL", "hash": "944d7a3f328dfc742ddfce5d286469d04ed1c323", "best_bid": "0.15", "best_ask": "0.42"}], "timestamp": "1769384139911", "event_type": "price_change"}}
