{"_local_timestamp": "2026-01-25T23:33:42.072256+00:00", "data": [{"market": "0x759bd9b83c61df4cc157099bf04e82ab53ca9b4201b2d6daad8f49f53932d5f1", "asset_id": "19452398300568676106067658850867340492794730670276921757485179810502889825643", "timestamp": "1769384001656", "hash": "260bd4c267888a42976fc2b2c950ca9be6e0ce98", "bids": [{"price": "0.01", "size": "7056.01"}, {"price": "0.02", "size": "12.93"}, {"price": "0.04", "size": "2200"}, {"price": "0.05", "size": "10"}, {"price": "0.06", "size": "433"}, {"price": "0.07", "size": "9.73"}, {"price": "0.13", "size": "275"}, {"price": "0.16", "size": "150"}, {"price": "0.17", "size": "66.66"}, {"price": "0.18", "size": "11"}, {"price": "0.23", "size": "175"}, {"price": "0.26", "size": "50"}, {"price": "0.37", "size": "66.66"}, {"price": "0.38", "size": "7.5"}, {"price": "0.46", "size": "40"}, {"price": "0.47", "size": "27.65"}, {"price": "0.48", "size": "22.91"}, {"price": "0.56", "size": "129.76"}], "asks": [{"price": "0.99", "size": "1026.74"}, {"price": "0.98", "size": "1800"}, {"price": "0.97", "size": "30.6"}, {"price": "0.92", "size": "7.12"}, {"price": "0.91", "size": "20.17"}, {"price": "0.86", "size": "127.74"}, {"price": "0.85", "size": "20.17"}], "event_type": "book", "last_trade_price": "0.550"}, {"market": "0x759bd9b83c61df4cc157099bf04e82ab53ca9b4201b2d6daad8f49f53932d5f1", "asset_id": "46576417624998325536747471678018296648959603456703901975563529274196692130652", "timestamp": "1769384001656", "hash": "018ae2d4831a43b87f2636cf5f3d91e399409c07", "bids": [{"price": "0.01", "size": "1026.74"}, {"price": "0.02", "size": "1800"}, {"price": "0.03", "size": "30.6"}, {"price": "0.08", "size": "7.12"}, {"price": "0.09", "size": "20.17"}, {"price": "0.14", "size": "127.74"}, {"price": "0.15", "size": "20.17"}], "asks": [{"price": "0.99", "size": "7056.01"}, {"price": "0.98", "size": "12.93"}, {"price": "0.96", "size": "2200"}, {"price": "0.95", "size": "10"}, {"price": "0.94", "size": "433"}, {"price": "0.93", "size": "9.73"}, {"price": "0.87", "size": "275"}, {"price": "0.84", "size": "150"}, {"price": "0.83", "size": "66.66"}, {"price": "0.82", "size": "11"}, {"price": "0.77", "size": "175"}, {"price": "0.74", "size": "50"}, {"price": "0.63", "size": "66.66"}, {"price": "0.62", "size": "7.5"}, {"price": "0.54", "size": "40"}, {"price": "0.53", "size": "27.65"}, {"price": "0.52", "size": "22.91"}, {"price": "0.44", "size": "129.76"}], "event_type": "book", "last_trade_price": "0.550"}]}
{"_local_timestamp": "2026-01-25T23:33:48.950438+00:00", "data": {"market": "0x759bd9b83c61df4cc157099bf04e82ab53ca9b4201b2d6daad8f49f53932d5f1", "price_changes": [{"asset_id": "46576417624998325536747471678018296648959603456703901975563529274196692130652", "price": "0.43", "size": "68.75", "side": "SELL", "hash": "ff87396c80725d34030f46bdfc8cc53b07a1a327", "best_bid": "0.15", "best_ask": "0.43"}, {"asset_id": "19452398300568676106067658850867340492794730670276921757485179810502889825643", "price": "0.57", "size": "68.75", "side": "BUY", "hash": "7b5709f95d495461d357b5d6e1a92d09562a3f61", "best_bid": "0.57", "best_ask": "0.85"}], "timestamp": "1769384028874", "event_type": "price_change"}}
{"_local_timestamp": "2026-01-25T23:33:52.648422+00:00", "data": {"market": "0x759bd9b83c61df4cc157099bf04e82ab53ca9b4201b2d6daad8f49f53932d5f1", "price_changes": [{"asset_id": "19452398300568676106067658850867340492794730670276921757485179810502889825643", "price": "0.06", "size": "933", "side": "BUY", "hash": "eeab73affdd956a857e2e4504d3eda8c06f12956", "best_bid": "0.57", "best_ask": "0.85"}, {"asset_id": "46576417624998325536747471678018296648959603456703901975563529274196692130652", "price": "0.94", "size": "933", "side": "SELL", "hash": "2a7d410145c352fedc4c0021374826395a8f6063", "best_bid": "0.15", "best_ask": "0.43"}], "timestamp": "1769384032540", "event_type": "price_change"}}
{"_local_timestamp": "2026-01-25T23:33:52.649625+00:00", "data": {"market": "0x759bd9b83c61df4cc157099bf04e82ab53ca9b4201b2d6daad8f49f53932d5f1", "price_changes": [{"asset_id": "19452398300568676106067658850867340492794730670276921757485179810502889825643", "price": "0.13", "size": "325", "side": "BUY", "hash": "b8ed0db05515ca7c74b95b78cd1c3d49247e7ebe", "best_bid": "0.57", "best_ask": "0.85"}, {"asset_id": "46576417624998325536747471678018296648959603456703901975563529274196692130652", "price": "0.87", "size": "325", "side": "SELL", "hash": "e30ff77ad319074720203234ed65a0932d038ec0", "best_bid": "0.15", "best_ask": "0.43"}], "timestamp": "1769384032542", "event_type": "price_change"}}
{"_local_timestamp": "2026-01-25T23:34:04.667883+00:00", "data": {"market": "0x759bd9b83c61df4cc157099bf04e82ab53ca9b4201b2d6daad8f49f53932d5f1", "price_changes": [{"asset_id": "19452398300568676106067658850867340492794730670276921757485179810502889825643", "price": "0.16", "size": "0", "side": "BUY", "hash": "8ed4ad568ca24b88c8c7af69cfd0a1a259f7b54f", "best_bid": "0.57", "best_ask": "0.85"}, {"asset_id": "46576417624998325536747471678018296648959603456703901975563529274196692130652", "price": "0.84", "size": "0", "side": "SELL", "hash": "bead0fc7254cf2883aa7e82c82a706ae7f19ed0f", "best_bid": "0.15", "best_ask": "0.43"}], "timestamp": "1769384044570", "event_type": "price_change"}}
{"_local_timestamp": "2026-01-25T23:34:05.044636+00:00", "data": {"market": "0x759bd9b83c61df4cc157099bf04e82ab53ca9b4201b2d6daad8f49f53932d5f1", "price_changes": [{"asset_id": "19452398300568676106067658850867340492794730670276921757485179810502889825643", "price": "0.17", "size": "216.66", "side": "BUY", "hash": "8016f01705085c39b0918591bb54748734b371bf", "best_bid": "0.57", "best_ask": "0.85"}, {"asset_id": "46576417624998325536747471678018296648959603456703901975563529274196692130652", "price": "0.83", "size": "216.66", "side": "SELL", "hash": "07b1e39509f1ee79c7fe2c20efdd922877906e20", "best_bid": "0.15", "best_ask": "0.43"}], "timestamp": "1769384044881", "event_type": "price_change"}}
{"_local_timestamp": "2026-01-25T23:34:17.528489+00:00", "data": {"market": "0x759bd9b83c61df4cc157099bf04e82ab53ca9b4201b2d6daad8f49f53932d5f1", "price_changes": [{"asset_id": "19452398300568676106067658850867340492794730670276921757485179810502889825643", "price": "0.58", "size": "8.62", "side": "BUY", "hash": "b56d1a1db510cdcd4fae2f629f225f8fe2076328", "best_bid": "0.58", "best_ask": "0.85"}, {"asset_id": "46576417624998325536747471678018296648959603456703901975563529274196692130652", "price": "0.42", "size": "8.62", "side": "SELL", "hash": "2b4e55cd72c09a2641724226a235f1f312cc37e5", "best_bid": "0.15", "best_ask": "0.42"}], "timestamp": "1769384057459", "event_type": "price_change"}}
{"_local_timestamp": "2026-01-25T23:34:27.334340+00:00", "data": {"market": "0x759bd9b83c61df4cc157099bf04e82ab53ca9b4201b2d6daad8f49f53932d5f1", "price_changes": [{"asset_id": "19452398300568676106067658850867340492794730670276921757485179810502889825643", "price": "0.13", "size": "275", "side": "BUY", "hash": "bb44672481185d81fefce54b4a00e98533b2f94d", "best_bid": "0.58", "best_ask": "0.85"}, {"asset_id": "46576417624998325536747471678018296648959603456703901975563529274196692130652", "price": "0.87", "size": "275", "side": "SELL", "hash": "e1f335d1a2490bbf1b364ba30d6fa91c874252f5", "best_bid": "0.15", "best_ask": "0.42"}], "timestamp": "1769384067263", "event_type": "price_change"}}
{"_local_timestamp": "2026-01-25T23:34:27.868195+00:00", "data": {"market": "0x759bd9b83c61df4cc157099bf04e82ab53ca9b4201b2d6daad8f49f53932d5f1", "price_changes": [{"asset_id": "19452398300568676106067658850867340492794730670276921757485179810502889825643", "price": "0.17", "size": "266.66", "side": "BUY", "hash": "c6315a7ff42d42368b4f4fbc2bfae64757a6c890", "best_bid": "0.58", "best_ask": "0.85"}, {"asset_id": "46576417624998325536747471678018296648959603456703901975563529274196692130652", "price": "0.83", "size": "266.66", "side": "SELL", "hash": "c28e64fbd10d5baddff9c51ebf22623ceccbdfa3", "best_bid": "0.15", "best_ask": "0.42"}], "timestamp": "1769384067606", "event_type": "price_change"}}
{"_local_timestamp": "2026-01-25T23:34:28.525864+00:00", "data": {"market": "0x759bd9b83c61df4cc157099bf04e82ab53ca9b4201b2d6daad8f49f53932d5f1", "price_changes": [{"asset_id": "19452398300568676106067658850867340492794730670276921757485179810502889825643", "price": "0.04", "size": "2500", "side": "BUY", "hash": "b43954a8e2cfee6d9f2784575edb41c03e7cffc4", "best_bid": "0.58", "best_ask": "0.85"}, {"asset_id": "46576417624998325536747471678018296648959603456703901975563529274196692130652", "price": "0.96", "size": "2500", "side": "SELL", "hash": "c6047ede282f4530850d93c98d262a8f35597062", "best_bid": "0.15", "best_ask": "0.42"}], "timestamp": "1769384068155", "event_type": "price_change"}}
