{"_local_timestamp": "2026-01-25T23:33:42.072256+00:00", "data": [{"market": "0x759bd9b83c61df4cc157099bf04e82ab53ca9b4201b2d6daad8f49f53932d5f1", "asset_id": "19452398300568676106067658850867340492794730670276921757485179810502889825643", "timestamp": "1769384001656", "hash": "260bd4c267888a42976fc2b2c950ca9be6e0ce98", "bids": [{"price": "0.01", "size": "7056.01"}, {"price": "0.02", "size": "12.93"}, {"price": "0.04", "size": "2200"}, {"price": "0.05", "size": "10"}, {"price": "0.06", "size": "433"}, {"price": "0.07", "size": "9.73"}, {"price": "0.13", "size": "275"}, {"price": "0.16", "size": "150"}, {"price": "0.17", "size": "66.66"}, {"price": "0.18", "size": "11"}, {"price": "0.23", "size": "175"}, {"price": "0.26", "size": "50"}, {"price": "0.37", "size": "66.66"}, {"price": "0.38", "size": "7.5"}, {"price": "0.46", "size": "40"}, {"price": "0.47", "size": "27.65"}, {"price": "0.48", "size": "22.91"}, {"price": "0.56", "size": "129.76"}], "asks": [{"price": "0.99", "size": "1026.74"}, {"price": "0.98", "size": "1800"}, {"price": "0.97", "size": "30.6"}, {"price": "0.92", "size": "7.12"}, {"price": "0.91", "size": "20.17"}, {"price": "0.86", "size": "127.74"}, {"price": "0.85", "size": "20.17"}], "event_type": "book", "last_trade_price": "0.550"}, {"market": "0x759bd9b83c61df4cc157099bf04e82ab53ca9b4201b2d6daad8f49f53932d5f1", "asset_id": "46576417624998325536747471678018296648959603456703901975563529274196692130652", "timestamp": "1769384001656", "hash": "018ae2d4831a43b87f2636cf5f3d91e399409c07", "bids": [{"price": "0.01", "size": "1026.74"}, {"price": "0.02", "size": "1800"}, {"price": "0.03", "size": "30.6"}, {"price": "0.08", "size": "7.12"}, {"price": "0.09", "size": "20.17"}, {"price": "0.14", "size": "127.74"}, {"price": "0.15", "size": "20.17"}], "asks": [{"price": "0.99", "size": "7056.01"}, {"price": "0.98", "size": "12.93"}, {"price": "0.96", "size": "2200"}, {"price": "0.95", "size": "10"}, {"price": "0.94", "size": "433"}, {"price": "0.93", "size": "9.73"}, {"price": "0.87", "size": "275"}, {"price": "0.84", "size": "150"}, {"price": "0.83", "size": "66.66"}, {"price": "0.82", "size": "11"}, {"price": "0.77", "size": "175"}, {"price": "0.74", "size": "50"}, {"price": "0.63", "size": "66.66"}, {"price": "0.62", "size": "7.5"}, {"price": "0.54", "size": "40"}, {"price": "0.53", "size": "27.65"}, {"price": "0.52", "size": "22.91"}, {"price": "0.44", "size": "129.76"}], "event_type": "book", "last_trade_price": "0.550"}]}
{"_local_timestamp": "2026-01-25T23:33:48.950438+00:00", "data": {"market": "0x759bd9b83c61df4cc157099bf04e82ab53ca9b4201b2d6daad8f49f53932d5f1", "price_changes": [{"asset_id": "46576417624998325536747471678018296648959603456703901975563529274196692130652", "price": "0.43", "size": "68.75", "side": "SELL", "hash": "ff87396c80725d34030f46bdfc8cc53b07a1a327", "best_bid": "0.15", "best_ask": "0.43"}, {"asset_id": "19452398300568676106067658850867340492794730670276921757485179810502889825643", "price": "0.57", "size": "68.75", "side": "BUY", "hash": "7b5709f95d495461d357b5d6e1a92d09562a3f61", "best_bid": "0.57", "best_ask": "0.85"}], "timestamp": "1769384028874", "event_type": "price_change"}}
{"_local_timestamp": "2026-01-25T23:33:52.648422+00:00", "data": {"market": "0x759bd9b83c61df4cc157099bf04e82ab53ca9b4201b2d6daad8f49f53932d5f1", "price_changes": [{"asset_id": "19452398300568676106067658850867340492794730670276921757485179810502889825643", "price": "0.06", "size": "933", "side": "BUY", "hash": "eeab73affdd956a857e2e4504d3eda8c06f12956", "best_bid": "0.57", "best_ask": "0.85"}, {"asset_id": "46576417624998325536747471678018296648959603456703901975563529274196692130652", "price": "0.94", "size": "933", "side": "SELL", "hash": "2a7d410145c352fedc4c0021374826395a8f6063", "best_bid": "0.15", "best_ask": "0.43"}], "timestamp": "1769384032540", "event_type": "price_change"}}
{"_local_timestamp": "2026-01-25T23:33:52.649625+00:00", "data": {"market": "0x759bd9b83c61df4cc157099bf04e82ab53ca9b4201b2d6daad8f49f53932d5f1", "price_changes": [{"asset_id": "19452398300568676106067658850867340492794730670276921757485179810502889825643", "price": "0.13", "size": "325", "side": "BUY", "hash": "b8ed0db05515ca7c74b95b78cd1c3d49247e7ebe", "best_bid": "0.57", "best_ask": "0.85"}, {"asset_id": "46576417624998325536747471678018296648959603456703901975563529274196692130652", "price": "0.87", "size": "325", "side": "SELL", "hash": "e30ff77ad319074720203234ed65a0932d038ec0", "best_bid": "0.15", "best_ask": "0.43"}], "timestamp": "1769384032542", "event_type": "price_change"}}
{"_local_timestamp": "2026-01-25T23:34:04.667883+00:00", "data": {"market": "0x759bd9b83c61df4cc157099bf04e82ab53ca9b4201b2d6daad8f49f53932d5f1", "price_changes": [{"asset_id": "19452398300568676106067658850867340492794730670276921757485179810502889825643", "price": "0.16", "size": "0", "side": "BUY", "hash": "8ed4ad568ca24b88c8c7af69cfd0a1a259f7b54f", "best_bid": "0.57", "best_ask": "0.85"}, {"asset_id": "46576417624998325536747471678018296648959603456703901975563529274196692130652", "price": "0.84", "size": "0", "side": "SELL", "hash": "bead0fc7254cf2883aa7e82c82a706ae7f19ed0f", "best_bid": "0.15", "best_ask": "0.43"}], "timestamp": "1769384044570", "event_type": "price_change"}}
{"_local_timestamp": "2026-01-25T23:34:05.044636+00:00", "data": {"market": "0x759bd9b83c61df4cc157099bf04e82ab53ca9b4201b2d6daad8f49f53932d5f1", "price_changes": [{"asset_id": "19452398300568676106067658850867340492794730670276921757485179810502889825643", "price": "0.17", "size": "216.66", "side": "BUY", "hash": "8016f01705085c39b0918591bb54748734b371bf", "best_bid": "0.57", "best_ask": "0.85"}, {"asset_id": "46576417624998325536747471678018296648959603456703901975563529274196692130652", "price": "0.83", "size": "216.66", "side": "SELL", "hash": "07b1e39509f1ee79c7fe2c20efdd922877906e20", "best_bid": "0.15", "best_ask": "0.43"}], "timestamp": "1769384044881", "event_type": "price_change"}}
{"_local_timestamp": "2026-01-25T23:34:17.528489+00:00", "data": {"market": "0x759bd9b83c61df4cc157099bf04e82ab53ca9b4201b2d6daad8f49f53932d5f1", "price_changes": [{"asset_id": "19452398300568676106067658850867340492794730670276921757485179810502889825643", "price": "0.58", "size": "8.62", "side": "BUY", "hash": "b56d1a1db510cdcd4fae2f629f225f8fe2076328", "best_bid": "0.58", "best_ask": "0.85"}, {"asset_id": "46576417624998325536747471678018296648959603456703901975563529274196692130652", "price": "0.42", "size": "8.62", "side": "SELL", "hash": "2b4e55cd72c09a2641724226a235f1f312cc37e5", "best_bid": "0.15", "best_ask": "0.42"}], "timestamp": "1769384057459", "event_type": "price_change"}}
{"_local_timestamp": "2026-01-25T23:34:27.334340+00:00", "data": {"market": "0x759bd9b83c61df4cc157099bf04e82ab53ca9b4201b2d6daad8f49f53932d5f1", "price_changes": [{"asset_id": "19452398300568676106067658850867340492794730670276921757485179810502889825643", "price": "0.13", "size": "275", "side": "BUY", "hash": "bb44672481185d81fefce54b4a00e98533b2f94d", "best_bid": "0.58", "best_ask": "0.85"}, {"asset_id": "46576417624998325536747471678018296648959603456703901975563529274196692130652", "price": "0.87", "size": "275", "side": "SELL", "hash": "e1f335d1a2490bbf1b364ba30d6fa91c874252f5", "best_bid": "0.15", "best_ask": "0.42"}], "timestamp": "1769384067263", "event_type": "price_change"}}
{"_local_timestamp": "2026-01-25T23:34:27.868195+00:00", "data": {"market": "0x759bd9b83c61df4cc157099bf04e82ab53ca9b4201b2d6daad8f49f53932d5f1", "price_changes": [{"asset_id": "19452398300568676106067658850867340492794730670276921757485179810502889825643", "price": "0.17", "size": "266.66", "side": "BUY", "hash": "c6315a7ff42d42368b4f4fbc2bfae64757a6c890", "best_bid": "0.58", "best_ask": "0.85"}, {"asset_id": "46576417624998325536747471678018296648959603456703901975563529274196692130652", "price": "0.83", "size": "266.66", "side": "SELL", "hash": "c28e64fbd10d5baddff9c51ebf22623ceccbdfa3", "best_bid": "0.15", "best_ask": "0.42"}], "timestamp": "1769384067606", "event_type": "price_change"}}
{"_local_timestamp": "2026-01-25T23:34:28.525864+00:00", "data": {"market": "0x759bd9b83c61df4cc157099bf04e82ab53ca9b4201b2d6daad8f49f53932d5f1", "price_changes": [{"asset_id": "19452398300568676106067658850867340492794730670276921757485179810502889825643", "price": "0.04", "size": "2500", "side": "BUY", "hash": "b43954a8e2cfee6d9f2784575edb41c03e7cffc4", "best_bid": "0.58", "best_ask": "0.85"}, {"asset_id": "46576417624998325536747471678018296648959603456703901975563529274196692130652", "price": "0.96", "size": "2500", "side": "SELL", "hash": "c6047ede282f4530850d93c98d262a8f35597062", "best_bid": "0.15", "best_ask": "0.42"}], "timestamp": "1769384068155", "event_type": "price_change"}}
{"_local_timestamp": "2026-01-25T23:34:44.216309+00:00", "data": {"market": "0x759bd9b83c61df4cc157099bf04e82ab53ca9b4201b2d6daad8f49f53932d5f1", "price_changes": [{"asset_id": "46576417624998325536747471678018296648959603456703901975563529274196692130652", "price": "0.03", "size": "20.17", "side": "BUY", "hash": "98dd01970d02d5ab6fcb08fdcf9762ad3cfceea7", "best_bid": "0.15", "best_ask": "0.42"}, {"asset_id": "19452398300568676106067658850867340492794730670276921757485179810502889825643", "price": "0.97", "size": "20.17", "side": "SELL", "hash": "3840769c8cfff39747f06e15204640194a965140", "best_bid": "0.58", "best_ask": "0.85"}], "timestamp": "1769384084148", "event_type": "price_change"}}
{"_local_timestamp": "2026-01-25T23:34:44.217112+00:00", "data": {"market": "0x759bd9b83c61df4cc157099bf04e82ab53ca9b4201b2d6daad8f49f53932d5f1", "price_changes": [{"asset_id": "46576417624998325536747471678018296648959603456703901975563529274196692130652", "price": "0.08", "size": "0", "side": "BUY", "hash": "98dd01970d02d5ab6fcb08fdcf9762ad3cfceea7", "best_bid": "0.15", "best_ask": "0.42"}, {"asset_id": "19452398300568676106067658850867340492794730670276921757485179810502889825643", "price": "0.92", "size": "0", "side": "SELL", "hash": "3840769c8cfff39747f06e15204640194a965140", "best_bid": "0.58", "best_ask": "0.85"}], "timestamp": "1769384084148", "event_type": "price_change"}}
{"_local_timestamp": "2026-01-25T23:34:44.451384+00:00", "data": {"market": "0x759bd9b83c61df4cc157099bf04e82ab53ca9b4201b2d6daad8f49f53932d5f1", "price_changes": [{"asset_id": "46576417624998325536747471678018296648959603456703901975563529274196692130652", "price": "0.04", "size": "16.16", "side": "BUY", "hash": "6508d99e16cad4a164d5c3dbe7952ee10385a73d", "best_bid": "0.15", "best_ask": "0.42"}, {"asset_id": "19452398300568676106067658850867340492794730670276921757485179810502889825643", "price": "0.96", "size": "16.16", "side": "SELL", "hash": "2b007efcc9570deb314ef9769d2e6fb633fe8b75", "best_bid": "0.58", "best_ask": "0.85"}], "timestamp": "1769384084380", "event_type": "price_change"}}
{"_local_timestamp": "2026-01-25T23:34:44.451788+00:00", "data": {"market": "0x759bd9b83c61df4cc157099bf04e82ab53ca9b4201b2d6daad8f49f53932d5f1", "price_changes": [{"asset_id": "46576417624998325536747471678018296648959603456703901975563529274196692130652", "price": "0.03", "size": "28.04", "side": "BUY", "hash": "f5d8872fd62da718e5ae275665bff2b42ddbe744", "best_bid": "0.15", "best_ask": "0.42"}, {"asset_id": "19452398300568676106067658850867340492794730670276921757485179810502889825643", "price": "0.97", "size": "28.04", "side": "SELL", "hash": "ae9e3aa2c305db26f59a98c4726d7e5f41a09f58", "best_bid": "0.58", "best_ask": "0.85"}], "timestamp": "1769384084381", "event_type": "price_change"}}
{"_local_timestamp": "2026-01-25T23:34:44.680714+00:00", "data": {"market": "0x759bd9b83c61df4cc157099bf04e82ab53ca9b4201b2d6daad8f49f53932d5f1", "price_changes": [{"asset_id": "19452398300568676106067658850867340492794730670276921757485179810502889825643", "price": "0.58", "size": "0", "side": "BUY", "hash": "d584ac86eeeb3fae7a1155177e62102fad11dbe9", "best_bid": "0.57", "best_ask": "0.85"}, {"asset_id": "46576417624998325536747471678018296648959603456703901975563529274196692130652", "price": "0.42", "size": "0", "side": "SELL", "hash": "6add2c1092ebfc8e4beb220f631fd01a11d3a9ae", "best_bid": "0.15", "best_ask": "0.43"}], "timestamp": "1769384084617", "event_type": "price_change"}}
{"_local_timestamp": "2026-01-25T23:35:27.266453+00:00", "data": {"market": "0x759bd9b83c61df4cc157099bf04e82ab53ca9b4201b2d6daad8f49f53932d5f1", "price_changes": [{"asset_id": "19452398300568676106067658850867340492794730670276921757485179810502889825643", "price": "0.13", "size": "400", "side": "BUY", "hash": "289453e7eb58c43a86e233bcda730d9d55bd5001", "best_bid": "0.57", "best_ask": "0.85"}, {"asset_id": "46576417624998325536747471678018296648959603456703901975563529274196692130652", "price": "0.87", "size": "400", "side": "SELL", "hash": "68f595a622174a1808b20b36bbcf81f5f1bb9ace", "best_bid": "0.15", "best_ask": "0.43"}], "timestamp": "1769384126906", "event_type": "price_change"}}
{"_local_timestamp": "2026-01-25T23:35:27.316966+00:00", "data": {"market": "0x759bd9b83c61df4cc157099bf04e82ab53ca9b4201b2d6daad8f49f53932d5f1", "price_changes": [{"asset_id": "19452398300568676106067658850867340492794730670276921757485179810502889825643", "price": "0.23", "size": "225", "side": "BUY", "hash": "97259e8cbafc9a98d1f124a837a96f131c15307d", "best_bid": "0.57", "best_ask": "0.85"}, {"asset_id": "46576417624998325536747471678018296648959603456703901975563529274196692130652", "price": "0.77", "size": "225", "side": "SELL", "hash": "69de894715928da6698608064688c256725e840a", "best_bid": "0.15", "best_ask": "0.43"}], "timestamp": "1769384126926", "event_type": "price_change"}}
{"_local_timestamp": "2026-01-25T23:35:27.337980+00:00", "data": {"market": "0x759bd9b83c61df4cc157099bf04e82ab53ca9b4201b2d6daad8f49f53932d5f1", "price_changes": [{"asset_id": "19452398300568676106067658850867340492794730670276921757485179810502889825643", "price": "0.16", "size": "100", "side": "BUY", "hash": "11bc6a3f3dd7ab017c9e13d58eb27699e4619233", "best_bid": "0.57", "best_ask": "0.85"}, {"asset_id": "46576417624998325536747471678018296648959603456703901975563529274196692130652", "price": "0.84", "size": "100", "side": "SELL", "hash": "52d8148ac4538eb16ab2fa9019f86b0c0bd1457a", "best_bid": "0.15", "best_ask": "0.43"}], "timestamp": "1769384126932", "event_type": "price_change"}}
{"_local_timestamp": "2026-01-25T23:35:30.948881+00:00", "data": {"market": "0x759bd9b83c61df4cc157099bf04e82ab53ca9b4201b2d6daad8f49f53932d5f1", "price_changes": [{"asset_id": "19452398300568676106067658850867340492794730670276921757485179810502889825643", "price": "0.13", "size": "350", "side": "BUY", "hash": "ac9ba4cfe4163b95e4aaf77ee7e5432ba04406fe", "best_bid": "0.57", "best_ask": "0.85"}, {"asset_id": "46576417624998325536747471678018296648959603456703901975563529274196692130652", "price": "0.87", "size": "350", "side": "SELL", "hash": "1d98cf838aba32bf7fe39866d6ea9df7c23ea05e", "best_bid": "0.15", "best_ask": "0.43"}], "timestamp": "1769384130716", "event_type": "price_change"}}
{"_local_timestamp": "2026-01-25T23:35:31.264877+00:00", "data": {"market": "0x759bd9b83c61df4cc157099bf04e82ab53ca9b4201b2d6daad8f49f53932d5f1", "price_changes": [{"asset_id": "19452398300568676106067658850867340492794730670276921757485179810502889825643", "price": "0.17", "size": "316.66", "side": "BUY", "hash": "a087d2efe533ac0a29cb5b10c40742d5c37be502", "best_bid": "0.57", "best_ask": "0.85"}, {"asset_id": "46576417624998325536747471678018296648959603456703901975563529274196692130652", "price": "0.83", "size": "316.66", "side": "SELL", "hash": "1b4581e80760d0fbe2c28482655f569191098837", "best_bid": "0.15", "best_ask": "0.43"}], "timestamp": "1769384131027", "event_type": "price_change"}}
{"_local_timestamp": "2026-01-25T23:35:33.506726+00:00", "data": {"market": "0x759bd9b83c61df4cc157099bf04e82ab53ca9b4201b2d6daad8f49f53932d5f1", "price_changes": [{"asset_id": "19452398300568676106067658850867340492794730670276921757485179810502889825643", "price": "0.17", "size": "250", "side": "BUY", "hash": "f519eecf60a31ecd3a6e58e16e290b69bb9a8fa3", "best_bid": "0.57", "best_ask": "0.85"}, {"asset_id": "46576417624998325536747471678018296648959603456703901975563529274196692130652", "price": "0.83", "size": "250", "side": "SELL", "hash": "22c46319b772ebb20496156f32fa9c01e3e3459f", "best_bid": "0.15", "best_ask": "0.43"}], "timestamp": "1769384133286", "event_type": "price_change"}}
{"_local_timestamp": "2026-01-25T23:35:33.962805+00:00", "data": {"market": "0x759bd9b83c61df4cc157099bf04e82ab53ca9b4201b2d6daad8f49f53932d5f1", "price_changes": [{"asset_id": "19452398300568676106067658850867340492794730670276921757485179810502889825643", "price": "0.24", "size": "66.66", "side": "BUY", "hash": "392bd7d802d7df508685fa458cb14d53c74a1d53", "best_bid": "0.57", "best_ask": "0.85"}, {"asset_id": "46576417624998325536747471678018296648959603456703901975563529274196692130652", "price": "0.76", "size": "66.66", "side": "SELL", "hash": "cc84048a68937f0cbad0dedf71f47d5d45b9d040", "best_bid": "0.15", "best_ask": "0.43"}], "timestamp": "1769384133764", "event_type": "price_change"}}
{"_local_timestamp": "2026-01-25T23:35:39.395935+00:00", "data": {"market": "0x759bd9b83c61df4cc157099bf04e82ab53ca9b4201b2d6daad8f49f53932d5f1", "price_changes": [{"asset_id": "19452398300568676106067658850867340492794730670276921757485179810502889825643", "price": "0.06", "size": "1133", "side": "BUY", "hash": "ddfb872e7c4c8fa9a50ea48995e285a4e3b6c921", "best_bid": "0.57", "best_ask": "0.85"}, {"asset_id": "46576417624998325536747471678018296648959603456703901975563529274196692130652", "price": "0.94", "size": "1133", "side": "SELL", "hash": "e6b67c91001dd6f715178438c5f9db1444894a92", "best_bid": "0.15", "best_ask": "0.43"}], "timestamp": "1769384139289", "event_type": "price_change"}}
{"_local_timestamp": "2026-01-25T23:35:39.975096+00:00", "data": {"market": "0x759bd9b83c61df4cc157099bf04e82ab53ca9b4201b2d6daad8f49f53932d5f1", "price_changes": [{"asset_id": "19452398300568676106067658850867340492794730670276921757485179810502889825643", "price": "0.58", "size": "8.62", "side": "BUY", "hash": "9cf25d4252925cee3442ca1763ca010fbf431c94", "best_bid": "0.58", "best_ask": "0.85"}, {"asset_id": "46576417624998325536747471678018296648959603456703901975563529274196692130652", "price": "0.42", "size": "8.62", "side": "SELL", "hash": "944d7a3f328dfc742ddfce5d286469d04ed1c323", "best_bid": "0.15", "best_ask": "0.42"}], "timestamp": "1769384139911", "event_type": "price_change"}}
{"_local_timestamp": "2026-01-25T23:35:45.954912+00:00", "data": {"market": "0x759bd9b83c61df4cc157099bf04e82ab53ca9b4201b2d6daad8f49f53932d5f1", "price_changes": [{"asset_id": "19452398300568676106067658850867340492794730670276921757485179810502889825643", "price": "0.02", "size": "1012.93", "side": "BUY", "hash": "ba3b8671191b70a5937586701272efabd6781184", "best_bid": "0.58", "best_ask": "0.85"}, {"asset_id": "46576417624998325536747471678018296648959603456703901975563529274196692130652", "price": "0.98", "size": "1012.93", "side": "SELL", "hash": "fea03229e2503a48351488311d5a6e90ac6d3580", "best_bid": "0.15", "best_ask": "0.42"}], "timestamp": "1769384145884", "event_type": "price_change"}}
{"_local_timestamp": "2026-01-25T23:35:53.579411+00:00", "data": {"market": "0x759bd9b83c61df4cc157099bf04e82ab53ca9b4201b2d6daad8f49f53932d5f1", "price_changes": [{"asset_id": "19452398300568676106067658850867340492794730670276921757485179810502889825643", "price": "0.17", "size": "200", "side": "BUY", "hash": "3080bba95c978a56aa3e570caf657e2f06ef4a83", "best_bid": "0.58", "best_ask": "0.85"}, {"asset_id": "46576417624998325536747471678018296648959603456703901975563529274196692130652", "price": "0.83", "size": "200", "side": "SELL", "hash": "f4440ba7bc34f69a559543d97b691c90bd831e99", "best_bid": "0.15", "best_ask": "0.42"}], "timestamp": "1769384153506", "event_type": "price_change"}}
{"_local_timestamp": "2026-01-25T23:35:53.848766+00:00", "data": {"market": "0x759bd9b83c61df4cc157099bf04e82ab53ca9b4201b2d6daad8f49f53932d5f1", "price_changes": [{"asset_id": "19452398300568676106067658850867340492794730670276921757485179810502889825643", "price": "0.13", "size": "400", "side": "BUY", "hash": "96c0baf7a4e919942489d9ae21d5bdd4aebf51ac", "best_bid": "0.58", "best_ask": "0.85"}, {"asset_id": "46576417624998325536747471678018296648959603456703901975563529274196692130652", "price": "0.87", "size": "400", "side": "SELL", "hash": "45f8b181524b7533eff593c53536eac30ed8b2f6", "best_bid": "0.15", "best_ask": "0.42"}], "timestamp": "1769384153783", "event_type": "price_change"}}
{"_local_timestamp": "2026-01-25T23:35:56.861966+00:00", "data": {"market": "0x759bd9b83c61df4cc157099bf04e82ab53ca9b4201b2d6daad8f49f53932d5f1", "price_changes": [{"asset_id": "19452398300568676106067658850867340492794730670276921757485179810502889825643", "price": "0.23", "size": "275", "side": "BUY", "hash": "ee6e90c8c0b86a8f57705926b4e078b3055d9770", "best_bid": "0.58", "best_ask": "0.85"}, {"asset_id": "46576417624998325536747471678018296648959603456703901975563529274196692130652", "price": "0.77", "size": "275", "side": "SELL", "hash": "6465f278972e8fb18243e8bd11fcc1a102faada0", "best_bid": "0.15", "best_ask": "0.42"}], "timestamp": "1769384156717", "event_type": "price_change"}}
{"_local_timestamp": "2026-01-25T23:36:07.781147+00:00", "data": {"market": "0x759bd9b83c61df4cc157099bf04e82ab53ca9b4201b2d6daad8f49f53932d5f1", "price_changes": [{"asset_id": "19452398300568676106067658850867340492794730670276921757485179810502889825643", "price": "0.58", "size": "0", "side": "BUY", "hash": "46ed92cc5602cfd69cc237dfbcac14255bd1ba08", "best_bid": "0.57", "best_ask": "0.85"}, {"asset_id": "46576417624998325536747471678018296648959603456703901975563529274196692130652", "price": "0.42", "size": "0", "side": "SELL", "hash": "5d998cd8167398d2b28cc414e61c90afe6aea83a", "best_bid": "0.15", "best_ask": "0.43"}], "timestamp": "1769384167704", "event_type": "price_change"}}
{"_local_timestamp": "2026-01-25T23:36:11.351267+00:00", "data": {"market": "0x759bd9b83c61df4cc157099bf04e82ab53ca9b4201b2d6daad8f49f53932d5f1", "price_changes": [{"asset_id": "19452398300568676106067658850867340492794730670276921757485179810502889825643", "price": "0.17", "size": "150", "side": "BUY", "hash": "dc1acf0a4bd8917217a855fa26baa3c3c5a7ec11", "best_bid": "0.57", "best_ask": "0.85"}, {"asset_id": "46576417624998325536747471678018296648959603456703901975563529274196692130652", "price": "0.83", "size": "150", "side": "SELL", "hash": "8f3219c73a3c6280cc5e7694fae141a2ae5cbfe2", "best_bid": "0.15", "best_ask": "0.43"}], "timestamp": "1769384171277", "event_type": "price_change"}}
{"_local_timestamp": "2026-01-25T23:36:11.631284+00:00", "data": {"market": "0x759bd9b83c61df4cc157099bf04e82ab53ca9b4201b2d6daad8f49f53932d5f1", "price_changes": [{"asset_id": "19452398300568676106067658850867340492794730670276921757485179810502889825643", "price": "0.13", "size": "450", "side": "BUY", "hash": "9377aa4ee1d2a0b05d3faba1a4e1a032b3960d34", "best_bid": "0.57", "best_ask": "0.85"}, {"asset_id": "46576417624998325536747471678018296648959603456703901975563529274196692130652", "price": "0.87", "size": "450", "side": "SELL", "hash": "00dde9a3d04583aa3c9a88284a1e7ba612be4c3c", "best_bid": "0.15", "best_ask": "0.43"}], "timestamp": "1769384171562", "event_type": "price_change"}}
{"_local_timestamp": "2026-01-25T23:36:35.375870+00:00", "data": {"market": "0x759bd9b83c61df4cc157099bf04e82ab53ca9b4201b2d6daad8f49f53932d5f1", "price_changes": [{"asset_id": "19452398300568676106067658850867340492794730670276921757485179810502889825643", "price": "0.58", "size": "8.62", "side": "BUY", "hash": "b7f8a1a5c87e0535986980bce38fc431f1b906f7", "best_bid": "0.58", "best_ask": "0.85"}, {"asset_id": "46576417624998325536747471678018296648959603456703901975563529274196692130652", "price": "0.42", "size": "8.62", "side": "SELL", "hash": "0282d6fc811ee4ea399fba96ef60092c29567176", "best_bid": "0.15", "best_ask": "0.42"}], "timestamp": "1769384195305", "event_type": "price_change"}}
{"_local_timestamp": "2026-01-25T23:36:43.345315+00:00", "data": {"market": "0x759bd9b83c61df4cc157099bf04e82ab53ca9b4201b2d6daad8f49f53932d5f1", "price_changes": [{"asset_id": "19452398300568676106067658850867340492794730670276921757485179810502889825643", "price": "0.17", "size": "0", "side": "BUY", "hash": "3c5360b46e070acb3383d050cf32b25d30cb708c", "best_bid": "0.58", "best_ask": "0.85"}, {"asset_id": "46576417624998325536747471678018296648959603456703901975563529274196692130652", "price": "0.83", "size": "0", "side": "SELL", "hash": "8ace6753191cb8d309e4ab0dee5f98c7fa75cbc8", "best_bid": "0.15", "best_ask": "0.42"}], "timestamp": "1769384203233", "event_type": "price_change"}}
{"_local_timestamp": "2026-01-25T23:36:43.683184+00:00", "data": {"market": "0x759bd9b83c61df4cc157099bf04e82ab53ca9b4201b2d6daad8f49f53932d5f1", "price_changes": [{"asset_id": "19452398300568676106067658850867340492794730670276921757485179810502889825643", "price": "0.16", "size": "250", "side": "BUY", "hash": "5d5035136b7be4169dda878ab01ce04ed9bdb1e2", "best_bid": "0.58", "best_ask": "0.85"}, {"asset_id": "46576417624998325536747471678018296648959603456703901975563529274196692130652", "price": "0.84", "size": "250", "side": "SELL", "hash": "c5b51747ba7e7a5bf33a10671c486680c0f39d42", "best_bid": "0.15", "best_ask": "0.42"}], "timestamp": "1769384203573", "event_type": "price_change"}}
{"_local_timestamp": "2026-01-25T23:36:55.872594+00:00", "data": {"market": "0x759bd9b83c61df4cc157099bf04e82ab53ca9b4201b2d6daad8f49f53932d5f1", "price_changes": [{"asset_id": "19452398300568676106067658850867340492794730670276921757485179810502889825643", "price": "0.17", "size": "150", "side": "BUY", "hash": "ef7b68d5d3f4e68830094dc1b9075e2e0aa4cf60", "best_bid": "0.58", "best_ask": "0.85"}, {"asset_id": "46576417624998325536747471678018296648959603456703901975563529274196692130652", "price": "0.83", "size": "150", "side": "SELL", "hash": "69ef7b0cfe5970b7c34a745931d6a9034dad1d64", "best_bid": "0.15", "best_ask": "0.42"}], "timestamp": "1769384215638", "event_type": "price_change"}}
{"_local_timestamp": "2026-01-25T23:36:55.889043+00:00", "data": {"market": "0x759bd9b83c61df4cc157099bf04e82ab53ca9b4201b2d6daad8f49f53932d5f1", "price_changes": [{"asset_id": "19452398300568676106067658850867340492794730670276921757485179810502889825643", "price": "0.13", "size": "650", "side": "BUY", "hash": "0810a78e7fad1a34987e2f2839b3c8b06dc56643", "best_bid": "0.58", "best_ask": "0.85"}, {"asset_id": "46576417624998325536747471678018296648959603456703901975563529274196692130652", "price": "0.87", "size": "650", "side": "SELL", "hash": "79cdc5c810ec44109d5907674252c3e4a8b6d525", "best_bid": "0.15", "best_ask": "0.42"}], "timestamp": "1769384215701", "event_type": "price_change"}}
{"_local_timestamp": "2026-01-25T23:36:56.134738+00:00", "data": {"market": "0x759bd9b83c61df4cc157099bf04e82ab53ca9b4201b2d6daad8f49f53932d5f1", "price_changes": [{"asset_id": "19452398300568676106067658850867340492794730670276921757485179810502889825643", "price": "0.26", "size": "150", "side": "BUY", "hash": "dc915491f874917826c8f368994a8ec1c05f8848", "best_bid": "0.58", "best_ask": "0.85"}, {"asset_id": "46576417624998325536747471678018296648959603456703901975563529274196692130652", "price": "0.74", "size": "150", "side": "SELL", "hash": "d33c3721e3a590961ad08e6432c4bc57751e30e6", "best_bid": "0.15", "best_ask": "0.42"}], "timestamp": "1769384215704", "event_type": "price_change"}}
{"_local_timestamp": "2026-01-25T23:36:57.615455+00:00", "data": {"market": "0x759bd9b83c61df4cc157099bf04e82ab53ca9b4201b2d6daad8f49f53932d5f1", "price_changes": [{"asset_id": "19452398300568676106067658850867340492794730670276921757485179810502889825643", "price": "0.23", "size": "200", "side": "BUY", "hash": "ed4a5c6251139f719d687d4d0a16c277c02e49ba", "best_bid": "0.58", "best_ask": "0.85"}, {"asset_id": "46576417624998325536747471678018296648959603456703901975563529274196692130652", "price": "0.77", "size": "200", "side": "SELL", "hash": "51d5172d96dedc8ec961a040ea24ed6778e46553", "best_bid": "0.15", "best_ask": "0.42"}], "timestamp": "1769384217224", "event_type": "price_change"}}
{"_local_timestamp": "2026-01-25T23:36:57.615920+00:00", "data": {"market": "0x759bd9b83c61df4cc157099bf04e82ab53ca9b4201b2d6daad8f49f53932d5f1", "price_changes": [{"asset_id": "46576417624998325536747471678018296648959603456703901975563529274196692130652", "price": "0.14", "size": "29.74", "side": "BUY", "hash": "443ac77bcfae0b2e6e178eb40cf5516ec6efcdfe", "best_bid": "0.15", "best_ask": "0.42"}, {"asset_id": "19452398300568676106067658850867340492794730670276921757485179810502889825643", "price": "0.86", "size": "29.74", "side": "SELL", "hash": "8be09fd35fb91f70ff1c3ed09c8cc9a8e9305ade", "best_bid": "0.58", "best_ask": "0.85"}], "timestamp": "1769384217265", "event_type": "price_change"}}
{"_local_timestamp": "2026-01-25T23:37:03.116759+00:00", "data": {"market": "0x759bd9b83c61df4cc157099bf04e82ab53ca9b4201b2d6daad8f49f53932d5f1", "price_changes": [{"asset_id": "19452398300568676106067658850867340492794730670276921757485179810502889825643", "price": "0.58", "size": "0", "side": "BUY", "hash": "977690513724534268988419ba4946d0be8db59f", "best_bid": "0.57", "best_ask": "0.85"}, {"asset_id": "46576417624998325536747471678018296648959603456703901975563529274196692130652", "price": "0.42", "size": "0", "side": "SELL", "hash": "9f83374425af2cd7b9133c1247db0964d97d96fd", "best_bid": "0.15", "best_ask": "0.43"}], "timestamp": "1769384223048", "event_type": "price_change"}}
{"_local_timestamp": "2026-01-25T23:37:13.105750+00:00", "data": {"market": "0x759bd9b83c61df4cc157099bf04e82ab53ca9b4201b2d6daad8f49f53932d5f1", "price_changes": [{"asset_id": "19452398300568676106067658850867340492794730670276921757485179810502889825643", "price": "0.16", "size": "150", "side": "BUY", "hash": "f102b788ddcfcb5e77d7270f141a0bf19cff96c2", "best_bid": "0.57", "best_ask": "0.85"}, {"asset_id": "46576417624998325536747471678018296648959603456703901975563529274196692130652", "price": "0.84", "size": "150", "side": "SELL", "hash": "d30f9639bceba44d0d2fc573cfaabc23701d2491", "best_bid": "0.15", "best_ask": "0.43"}], "timestamp": "1769384233005", "event_type": "price_change"}}
{"_local_timestamp": "2026-01-25T23:37:13.544379+00:00", "data": {"market": "0x759bd9b83c61df4cc157099bf04e82ab53ca9b4201b2d6daad8f49f53932d5f1", "price_changes": [{"asset_id": "19452398300568676106067658850867340492794730670276921757485179810502889825643", "price": "0.17", "size": "250", "side": "BUY", "hash": "7c3d7d085d13a766489ad7421eb85ebe07339b9c", "best_bid": "0.57", "best_ask": "0.85"}, {"asset_id": "46576417624998325536747471678018296648959603456703901975563529274196692130652", "price": "0.83", "size": "250", "side": "SELL", "hash": "600836196ffd3f23a15bedfe7c319a34493c5474", "best_bid": "0.15", "best_ask": "0.43"}], "timestamp": "1769384233388", "event_type": "price_change"}}
{"_local_timestamp": "2026-01-25T23:37:17.916105+00:00", "data": {"market": "0x759bd9b83c61df4cc157099bf04e82ab53ca9b4201b2d6daad8f49f53932d5f1", "price_changes": [{"asset_id": "46576417624998325536747471678018296648959603456703901975563529274196692130652", "price": "0.02", "size": "1000", "side": "BUY", "hash": "6db609377302305c9d8e05944c7c48bd36509f8d", "best_bid": "0.15", "best_ask": "0.43"}, {"asset_id": "19452398300568676106067658850867340492794730670276921757485179810502889825643", "price": "0.98", "size": "1000", "side": "SELL", "hash": "406f6c08b400c84f0c3ca57d32a71c6a34f0eb22", "best_bid": "0.57", "best_ask": "0.85"}], "timestamp": "1769384237841", "event_type": "price_change"}}
