{"_local_timestamp": "2026-01-25T23:33:38.176163+00:00", "data": [{"market": "0x1c66ddebd71554a554cbdeeab22baf19898a1c6f8bd50302d7b54e47c4c91106", "asset_id": "92604862914280675755527519611659159429468281566727323091522502302684190466316", "timestamp": "1769384016135", "hash": "e7bd871c6a137dc3dbb075ec752ece3f359983c6", "bids": [{"price": "0.01", "size": "5255.4"}, {"price": "0.02", "size": "1605.01"}, {"price": "0.03", "size": "250"}, {"price": "0.04", "size": "7.03"}, {"price": "0.05", "size": "1720"}, {"price": "0.08", "size": "725"}, {"price": "0.1", "size": "320"}, {"price": "0.11", "size": "1459.12"}, {"price": "0.12", "size": "233.33"}, {"price": "0.13", "size": "3555"}, {"price": "0.15", "size": "173.33"}, {"price": "0.17", "size": "141.17"}, {"price": "0.2", "size": "3376"}, {"price": "0.21", "size": "30"}, {"price": "0.25", "size": "943.67"}, {"price": "0.26", "size": "7"}, {"price": "0.31", "size": "600"}, {"price": "0.45", "size": "1010.03"}, {"price": "0.46", "size": "1000"}, {"price": "0.47", "size": "2313.96"}, {"price": "0.48", "size": "2206.17"}, {"price": "0.49", "size": "17.91"}], "asks": [{"price": "0.99", "size": "106325.36"}, {"price": "0.98", "size": "4850"}, {"price": "0.97", "size": "2000"}, {"price": "0.96", "size": "507"}, {"price": "0.95", "size": "2420"}, {"price": "0.94", "size": "650"}, {"price": "0.93", "size": "500"}, {"price": "0.92", "size": "1326"}, {"price": "0.9", "size": "320"}, {"price": "0.89", "size": "405.14"}, {"price": "0.88", "size": "1332"}, {"price": "0.87", "size": "3012.38"}, {"price": "0.85", "size": "373.33"}, {"price": "0.84", "size": "2644"}, {"price": "0.83", "size": "200"}, {"price": "0.82", "size": "133.33"}, {"price": "0.81", "size": "3448"}, {"price": "0.8", "size": "2150"}, {"price": "0.79", "size": "400"}, {"price": "0.78", "size": "1032"}, {"price": "0.76", "size": "150"}, {"price": "0.75", "size": "5"}, {"price": "0.74", "size": "100"}, {"price": "0.72", "size": "100"}, {"price": "0.68", "size": "100"}, {"price": "0.67", "size": "100"}, {"price": "0.66", "size": "100"}, {"price": "0.65", "size": "325.32"}, {"price": "0.6", "size": "220.81"}, {"price": "0.59", "size": "64"}, {"price": "0.53", "size": "2222"}, {"price": "0.52", "size": "675.87"}, {"price": "0.51", "size": "1762.12"}, {"price": "0.5", "size": "12"}], "event_type": "book", "last_trade_price": "0.490"}, {"market": "0x1c66ddebd71554a554cbdeeab22baf19898a1c6f8bd50302d7b54e47c4c91106", "asset_id": "100830894412052252126474210679586760999398120653687309086983729387070830149789", "timestamp": "1769384016135", "hash": "6fe7ef7ff6ff71c0da34bf34f55b8ba00f488272", "bids": [{"price": "0.01", "size": "106325.36"}, {"price": "0.02", "size": "4850"}, {"price": "0.03", "size": "2000"}, {"price": "0.04", "size": "507"}, {"price": "0.05", "size": "2420"}, {"price": "0.06", "size": "650"}, {"price": "0.07", "size": "500"}, {"price": "0.08", "size": "1326"}, {"price": "0.1", "size": "320"}, {"price": "0.11", "size": "405.14"}, {"price": "0.12", "size": "1332"}, {"price": "0.13", "size": "3012.38"}, {"price": "0.15", "size": "373.33"}, {"price": "0.16", "size": "2644"}, {"price": "0.17", "size": "200"}, {"price": "0.18", "size": "133.33"}, {"price": "0.19", "size": "3448"}, {"price": "0.2", "size": "2150"}, {"price": "0.21", "size": "400"}, {"price": "0.22", "size": "1032"}, {"price": "0.24", "size": "150"}, {"price": "0.25", "size": "5"}, {"price": "0.26", "size": "100"}, {"price": "0.28", "size": "100"}, {"price": "0.32", "size": "100"}, {"price": "0.33", "size": "100"}, {"price": "0.34", "size": "100"}, {"price": "0.35", "size": "325.32"}, {"price": "0.4", "size": "220.81"}, {"price": "0.41", "size": "64"}, {"price": "0.47", "size": "2222"}, {"price": "0.48", "size": "675.87"}, {"price": "0.49", "size": "1762.12"}, {"price": "0.5", "size": "12"}], "asks": [{"price": "0.99", "size": "5255.4"}, {"price": "0.98", "size": "1605.01"}, {"price": "0.97", "size": "250"}, {"price": "0.96", "size": "7.03"}, {"price": "0.95", "size": "1720"}, {"price": "0.92", "size": "725"}, {"price": "0.9", "size": "320"}, {"price": "0.89", "size": "1459.12"}, {"price": "0.88", "size": "233.33"}, {"price": "0.87", "size": "3555"}, {"price": "0.85", "size": "173.33"}, {"price": "0.83", "size": "141.17"}, {"price": "0.8", "size": "3376"}, {"price": "0.79", "size": "30"}, {"price": "0.75", "size": "943.67"}, {"price": "0.74", "size": "7"}, {"price": "0.69", "size": "600"}, {"price": "0.55", "size": "1010.03"}, {"price": "0.54", "size": "1000"}, {"price": "0.53", "size": "2313.96"}, {"price": "0.52", "size": "2206.17"}, {"price": "0.51", "size": "17.91"}], "event_type": "book", "last_trade_price": "0.490"}]}
{"_local_timestamp": "2026-01-25T23:33:38.351565+00:00", "data": {"market": "0x1c66ddebd71554a554cbdeeab22baf19898a1c6f8bd50302d7b54e47c4c91106", "price_changes": [{"asset_id": "92604862914280675755527519611659159429468281566727323091522502302684190466316", "price": "0.48", "size": "2196.17", "side": "BUY", "hash": "06e659d790cee3e3ee41e7667c7de4040b88bb1d", "best_bid": "0.49", "best_ask": "0.5"}, {"asset_id": "100830894412052252126474210679586760999398120653687309086983729387070830149789", "price": "0.52", "size": "2196.17", "side": "SELL", "hash": "4a4620210cc00a5f6ba37611af3f0f09825955b0", "best_bid": "0.5", "best_ask": "0.51"}], "timestamp": "1769384018286", "event_type": "price_change"}}
{"_local_timestamp": "2026-01-25T23:33:38.570111+00:00", "data": {"market": "0x1c66ddebd71554a554cbdeeab22baf19898a1c6f8bd50302d7b54e47c4c91106", "price_changes": [{"asset_id": "100830894412052252126474210679586760999398120653687309086983729387070830149789", "price": "0.49", "size": "1772.12", "side": "BUY", "hash": "fe4ec6998f5c1fa8e0d75136752997e252e819a6", "best_bid": "0.5", "best_ask": "0.51"}, {"asset_id": "92604862914280675755527519611659159429468281566727323091522502302684190466316", "price": "0.51", "size": "1772.12", "side": "SELL", "hash": "b4e9af9e0bf88ae347f263830960fa1204f22b57", "best_bid": "0.49", "best_ask": "0.5"}], "timestamp": "1769384018503", "event_type": "price_change"}}
{"_local_timestamp": "2026-01-25T23:33:40.044513+00:00", "data": {"market": "0x1c66ddebd71554a554cbdeeab22baf19898a1c6f8bd50302d7b54e47c4c91106", "price_changes": [{"asset_id": "100830894412052252126474210679586760999398120653687309086983729387070830149789", "price": "0.49", "size": "1762.12", "side": "BUY", "hash": "9b71e5ce46a906ec7a50990b155eb434f3ac97a4", "best_bid": "0.5", "best_ask": "0.51"}, {"asset_id": "92604862914280675755527519611659159429468281566727323091522502302684190466316", "price": "0.51", "size": "1762.12", "side": "SELL", "hash": "105199964b27b54aff6e7b2d69f980b44587a541", "best_bid": "0.49", "best_ask": "0.5"}], "timestamp": "1769384019970", "event_type": "price_change"}}
{"_local_timestamp": "2026-01-25T23:33:40.489428+00:00", "data": {"market": "0x1c66ddebd71554a554cbdeeab22baf19898a1c6f8bd50302d7b54e47c4c91106", "price_changes": [{"asset_id": "100830894412052252126474210679586760999398120653687309086983729387070830149789", "price": "0.49", "size": "1772.12", "side": "BUY", "hash": "1736df8940f426999d26f3ce7529613ee1b3eb5a", "best_bid": "0.5", "best_ask": "0.51"}, {"asset_id": "92604862914280675755527519611659159429468281566727323091522502302684190466316", "price": "0.51", "size": "1772.12", "side": "SELL", "hash": "02f50211476113ec66cc3e6cd6ca7367e1dc8f50", "best_bid": "0.49", "best_ask": "0.5"}], "timestamp": "1769384020396", "event_type": "price_change"}}
{"_local_timestamp": "2026-01-25T23:33:40.553140+00:00", "data": {"market": "0x1c66ddebd71554a554cbdeeab22baf19898a1c6f8bd50302d7b54e47c4c91106", "price_changes": [{"asset_id": "100830894412052252126474210679586760999398120653687309086983729387070830149789", "price": "0.49", "size": "1762.12", "side": "BUY", "hash": "bf1ba2c011ff42bb2c0b181c0a9837b29f9093b8", "best_bid": "0.5", "best_ask": "0.51"}, {"asset_id": "92604862914280675755527519611659159429468281566727323091522502302684190466316", "price": "0.51", "size": "1762.12", "side": "SELL", "hash": "7dbfd24d6b4a7e0046c8b921515e171ba72d07f4", "best_bid": "0.49", "best_ask": "0.5"}], "timestamp": "1769384020488", "event_type": "price_change"}}
{"_local_timestamp": "2026-01-25T23:33:40.850951+00:00", "data": {"market": "0x1c66ddebd71554a554cbdeeab22baf19898a1c6f8bd50302d7b54e47c4c91106", "price_changes": [{"asset_id": "92604862914280675755527519611659159429468281566727323091522502302684190466316", "price": "0.48", "size": "2206.17", "side": "BUY", "hash": "71c4dbe48040a2e29cc40d2db99a93b34fd5c244", "best_bid": "0.49", "best_ask": "0.5"}, {"asset_id": "100830894412052252126474210679586760999398120653687309086983729387070830149789", "price": "0.52", "size": "2206.17", "side": "SELL", "hash": "4edeb81ab645ec702a1d392302ef596ce7959270", "best_bid": "0.5", "best_ask": "0.51"}], "timestamp": "1769384020603", "event_type": "price_change"}}
{"_local_timestamp": "2026-01-25T23:33:44.458561+00:00", "data": {"market": "0x1c66ddebd71554a554cbdeeab22baf19898a1c6f8bd50302d7b54e47c4c91106", "price_changes": [{"asset_id": "92604862914280675755527519611659159429468281566727323091522502302684190466316", "price": "0.48", "size": "2196.17", "side": "BUY", "hash": "02c8fe87e2593002f428e437184b824b47e0f8e2", "best_bid": "0.49", "best_ask": "0.5"}, {"asset_id": "100830894412052252126474210679586760999398120653687309086983729387070830149789", "price": "0.52", "size": "2196.17", "side": "SELL", "hash": "033a2ef37068ba8a107d9cb230eea3fccd086248", "best_bid": "0.5", "best_ask": "0.51"}], "timestamp": "1769384024388", "event_type": "price_change"}}
{"_local_timestamp": "2026-01-25T23:33:46.623420+00:00", "data": {"market": "0x1c66ddebd71554a554cbdeeab22baf19898a1c6f8bd50302d7b54e47c4c91106", "price_changes": [{"asset_id": "100830894412052252126474210679586760999398120653687309086983729387070830149789", "price": "0.49", "size": "1772.12", "side": "BUY", "hash": "f931e55b40fba531136b581f171f59083dccbbda", "best_bid": "0.5", "best_ask": "0.51"}, {"asset_id": "92604862914280675755527519611659159429468281566727323091522502302684190466316", "price": "0.51", "size": "1772.12", "side": "SELL", "hash": "6cc4da408b016f508d89da0e46134b60bbd9106f", "best_bid": "0.49", "best_ask": "0.5"}], "timestamp": "1769384026557", "event_type": "price_change"}}
{"_local_timestamp": "2026-01-25T23:33:49.840142+00:00", "data": {"market": "0x1c66ddebd71554a554cbdeeab22baf19898a1c6f8bd50302d7b54e47c4c91106", "price_changes": [{"asset_id": "100830894412052252126474210679586760999398120653687309086983729387070830149789", "price": "0.49", "size": "1762.12", "side": "BUY", "hash": "b35fb3350df3577aa6c84d8b810248f8518ab053", "best_bid": "0.5", "best_ask": "0.51"}, {"asset_id": "92604862914280675755527519611659159429468281566727323091522502302684190466316", "price": "0.51", "size": "1762.12", "side": "SELL", "hash": "92bf5a445548c14c8342f7717d6dde7117907812", "best_bid": "0.49", "best_ask": "0.5"}], "timestamp": "1769384029769", "event_type": "price_change"}}
{"_local_timestamp": "2026-01-25T23:33:51.404389+00:00", "data": {"market": "0x1c66ddebd71554a554cbdeeab22baf19898a1c6f8bd50302d7b54e47c4c91106", "price_changes": [{"asset_id": "92604862914280675755527519611659159429468281566727323091522502302684190466316", "price": "0.48", "size": "2206.17", "side": "BUY", "hash": "429445b3798f545602f196155e3a4d7da22b4b84", "best_bid": "0.49", "best_ask": "0.5"}, {"asset_id": "100830894412052252126474210679586760999398120653687309086983729387070830149789", "price": "0.52", "size": "2206.17", "side": "SELL", "hash": "9689cbf03bbaf65efa87b6266c723943db40a7ca", "best_bid": "0.5", "best_ask": "0.51"}], "timestamp": "1769384031333", "event_type": "price_change"}}
{"_local_timestamp": "2026-01-25T23:33:51.426461+00:00", "data": {"market": "0x1c66ddebd71554a554cbdeeab22baf19898a1c6f8bd50302d7b54e47c4c91106", "price_changes": [{"asset_id": "92604862914280675755527519611659159429468281566727323091522502302684190466316", "price": "0.48", "size": "2196.17", "side": "BUY", "hash": "42e171ef7550cb91506d7dc8893157ad27482ec0", "best_bid": "0.49", "best_ask": "0.5"}, {"asset_id": "100830894412052252126474210679586760999398120653687309086983729387070830149789", "price": "0.52", "size": "2196.17", "side": "SELL", "hash": "4f9c1890c0714ab69eae7c7f84bf16eb4603373c", "best_bid": "0.5", "best_ask": "0.51"}], "timestamp": "1769384031355", "event_type": "price_change"}}
{"_local_timestamp": "2026-01-25T23:33:51.452514+00:00", "data": {"market": "0x1c66ddebd71554a554cbdeeab22baf19898a1c6f8bd50302d7b54e47c4c91106", "price_changes": [{"asset_id": "100830894412052252126474210679586760999398120653687309086983729387070830149789", "price": "0.49", "size": "1772.12", "side": "BUY", "hash": "d0f40e0fa6c6dc6c7e4b0546319ca9b4f5e85fe9", "best_bid": "0.5", "best_ask": "0.51"}, {"asset_id": "92604862914280675755527519611659159429468281566727323091522502302684190466316", "price": "0.51", "size": "1772.12", "side": "SELL", "hash": "4c7f3ca98413c0a063b494064d3b0c3c50f0c62c", "best_bid": "0.49", "best_ask": "0.5"}], "timestamp": "1769384031370", "event_type": "price_change"}}
{"_local_timestamp": "2026-01-25T23:33:56.086521+00:00", "data": {"market": "0x1c66ddebd71554a554cbdeeab22baf19898a1c6f8bd50302d7b54e47c4c91106", "price_changes": [{"asset_id": "100830894412052252126474210679586760999398120653687309086983729387070830149789", "price": "0.49", "size": "1762.12", "side": "BUY", "hash": "3b78bb85a43477fd4a819efe8cb9076366c6af4d", "best_bid": "0.5", "best_ask": "0.51"}, {"asset_id": "92604862914280675755527519611659159429468281566727323091522502302684190466316", "price": "0.51", "size": "1762.12", "side": "SELL", "hash": "71ebd8b9be962a71cc2145976ab2eeeeb6cf4d8a", "best_bid": "0.49", "best_ask": "0.5"}], "timestamp": "1769384035983", "event_type": "price_change"}}
{"_local_timestamp": "2026-01-25T23:33:57.429716+00:00", "data": {"market": "0x1c66ddebd71554a554cbdeeab22baf19898a1c6f8bd50302d7b54e47c4c91106", "price_changes": [{"asset_id": "92604862914280675755527519611659159429468281566727323091522502302684190466316", "price": "0.48", "size": "2206.17", "side": "BUY", "hash": "fb73a435f0abdd47288456478e3e105c50f16405", "best_bid": "0.49", "best_ask": "0.5"}, {"asset_id": "100830894412052252126474210679586760999398120653687309086983729387070830149789", "price": "0.52", "size": "2206.17", "side": "SELL", "hash": "e9ff251857fdf11ef1af9837cdcc62f2f990caa4", "best_bid": "0.5", "best_ask": "0.51"}], "timestamp": "1769384037365", "event_type": "price_change"}}
{"_local_timestamp": "2026-01-25T23:33:59.091316+00:00", "data": {"market": "0x1c66ddebd71554a554cbdeeab22baf19898a1c6f8bd50302d7b54e47c4c91106", "price_changes": [{"asset_id": "92604862914280675755527519611659159429468281566727323091522502302684190466316", "price": "0.48", "size": "2196.17", "side": "BUY", "hash": "f506fc1baa04b0d40615238dd039dadd83d76ec8", "best_bid": "0.49", "best_ask": "0.5"}, {"asset_id": "100830894412052252126474210679586760999398120653687309086983729387070830149789", "price": "0.52", "size": "2196.17", "side": "SELL", "hash": "871818d62041613ee5cdbfe66df637be8e6d0234", "best_bid": "0.5", "best_ask": "0.51"}], "timestamp": "1769384039005", "event_type": "price_change"}}
{"_local_timestamp": "2026-01-25T23:33:59.860350+00:00", "data": {"market": "0x1c66ddebd71554a554cbdeeab22baf19898a1c6f8bd50302d7b54e47c4c91106", "price_changes": [{"asset_id": "100830894412052252126474210679586760999398120653687309086983729387070830149789", "price": "0.49", "size": "1772.12", "side": "BUY", "hash": "ce72328176890e965e5d00e13d006bc49757f8e8", "best_bid": "0.5", "best_ask": "0.51"}, {"asset_id": "92604862914280675755527519611659159429468281566727323091522502302684190466316", "price": "0.51", "size": "1772.12", "side": "SELL", "hash": "3b7f3c94538a83a8516074b440c1b5103cc76c40", "best_bid": "0.49", "best_ask": "0.5"}], "timestamp": "1769384039792", "event_type": "price_change"}}
{"_local_timestamp": "2026-01-25T23:34:00.481981+00:00", "data": {"market": "0x1c66ddebd71554a554cbdeeab22baf19898a1c6f8bd50302d7b54e47c4c91106", "price_changes": [{"asset_id": "100830894412052252126474210679586760999398120653687309086983729387070830149789", "price": "0.49", "size": "1762.12", "side": "BUY", "hash": "9aae96d5ab7399a2fbebbfe3ab35982e54905886", "best_bid": "0.5", "best_ask": "0.51"}, {"asset_id": "92604862914280675755527519611659159429468281566727323091522502302684190466316", "price": "0.51", "size": "1762.12", "side": "SELL", "hash": "3e92d6c307a68e81a817fb1af03738340ebc658b", "best_bid": "0.49", "best_ask": "0.5"}], "timestamp": "1769384040410", "event_type": "price_change"}}
{"_local_timestamp": "2026-01-25T23:34:00.549324+00:00", "data": {"market": "0x1c66ddebd71554a554cbdeeab22baf19898a1c6f8bd50302d7b54e47c4c91106", "price_changes": [{"asset_id": "92604862914280675755527519611659159429468281566727323091522502302684190466316", "price": "0.48", "size": "2206.17", "side": "BUY", "hash": "9b045a1c9d85cfc901a5cba1e63372884fc0ca0d", "best_bid": "0.49", "best_ask": "0.5"}, {"asset_id": "100830894412052252126474210679586760999398120653687309086983729387070830149789", "price": "0.52", "size": "2206.17", "side": "SELL", "hash": "4158ab3328f62dd4a2e4963c516a9bb221af2199", "best_bid": "0.5", "best_ask": "0.51"}], "timestamp": "1769384040483", "event_type": "price_change"}}
{"_local_timestamp": "2026-01-25T23:34:01.932194+00:00", "data": {"market": "0x1c66ddebd71554a554cbdeeab22baf19898a1c6f8bd50302d7b54e47c4c91106", "price_changes": [{"asset_id": "92604862914280675755527519611659159429468281566727323091522502302684190466316", "price": "0.48", "size": "2196.17", "side": "BUY", "hash": "262240a517c1dfcf27a16c4c8eb011e66640c692", "best_bid": "0.49", "best_ask": "0.5"}, {"asset_id": "100830894412052252126474210679586760999398120653687309086983729387070830149789", "price": "0.52", "size": "2196.17", "side": "SELL", "hash": "e8e2132c12b63f5e362e1c585c3126e9da1f3430", "best_bid": "0.5", "best_ask": "0.51"}], "timestamp": "1769384041865", "event_type": "price_change"}}
{"_local_timestamp": "2026-01-25T23:34:02.131859+00:00", "data": {"market": "0x1c66ddebd71554a554cbdeeab22baf19898a1c6f8bd50302d7b54e47c4c91106", "price_changes": [{"asset_id": "100830894412052252126474210679586760999398120653687309086983729387070830149789", "price": "0.49", "size": "1772.12", "side": "BUY", "hash": "6730b7e5dada276a185a5f046d874d03a9f0ee79", "best_bid": "0.5", "best_ask": "0.51"}, {"asset_id": "92604862914280675755527519611659159429468281566727323091522502302684190466316", "price": "0.51", "size": "1772.12", "side": "SELL", "hash": "b25d157159dec2a83bcd10c9843367a3cda3597f", "best_bid": "0.49", "best_ask": "0.5"}], "timestamp": "1769384042044", "event_type": "price_change"}}
{"_local_timestamp": "2026-01-25T23:34:03.855399+00:00", "data": {"market": "0x1c66ddebd71554a554cbdeeab22baf19898a1c6f8bd50302d7b54e47c4c91106", "price_changes": [{"asset_id": "100830894412052252126474210679586760999398120653687309086983729387070830149789", "price": "0.49", "size": "1762.12", "side": "BUY", "hash": "19bd5591d2735e71d9bccffb6ab6632585c5150f", "best_bid": "0.5", "best_ask": "0.51"}, {"asset_id": "92604862914280675755527519611659159429468281566727323091522502302684190466316", "price": "0.51", "size": "1762.12", "side": "SELL", "hash": "0772c8e10ce3c231c6a8d30b503170883c01a21b", "best_bid": "0.49", "best_ask": "0.5"}], "timestamp": "1769384043636", "event_type": "price_change"}}
{"_local_timestamp": "2026-01-25T23:34:03.961089+00:00", "data": {"market": "0x1c66ddebd71554a554cbdeeab22baf19898a1c6f8bd50302d7b54e47c4c91106", "price_changes": [{"asset_id": "100830894412052252126474210679586760999398120653687309086983729387070830149789", "price": "0.49", "size": "1772.12", "side": "BUY", "hash": "2dc8a986091e9b805537fce871db795499099191", "best_bid": "0.5", "best_ask": "0.51"}, {"asset_id": "92604862914280675755527519611659159429468281566727323091522502302684190466316", "price": "0.51", "size": "1772.12", "side": "SELL", "hash": "a576f84a4097142bd32bef4e15ea5c7200f4d07e", "best_bid": "0.49", "best_ask": "0.5"}], "timestamp": "1769384043743", "event_type": "price_change"}}
{"_local_timestamp": "2026-01-25T23:34:06.012702+00:00", "data": {"market": "0x1c66ddebd71554a554cbdeeab22baf19898a1c6f8bd50302d7b54e47c4c91106", "price_changes": [{"asset_id": "100830894412052252126474210679586760999398120653687309086983729387070830149789", "price": "0.49", "size": "1762.12", "side": "BUY", "hash": "3f47c91fff94a6fd440790492b6aa8ab129bb786", "best_bid": "0.5", "best_ask": "0.51"}, {"asset_id": "92604862914280675755527519611659159429468281566727323091522502302684190466316", "price": "0.51", "size": "1762.12", "side": "SELL", "hash": "e1f1a0e77d6be79814b547ad6534f5d8790dc740", "best_bid": "0.49", "best_ask": "0.5"}], "timestamp": "1769384045772", "event_type": "price_change"}}
{"_local_timestamp": "2026-01-25T23:34:06.250654+00:00", "data": {"market": "0x1c66ddebd71554a554cbdeeab22baf19898a1c6f8bd50302d7b54e47c4c91106", "price_changes": [{"asset_id": "92604862914280675755527519611659159429468281566727323091522502302684190466316", "price": "0.48", "size": "2206.17", "side": "BUY", "hash": "26bcbb3ce776bc3abbbf334c769586229d941b54", "best_bid": "0.49", "best_ask": "0.5"}, {"asset_id": "100830894412052252126474210679586760999398120653687309086983729387070830149789", "price": "0.52", "size": "2206.17", "side": "SELL", "hash": "8951604f178568d5e31200847c0297824b1c4bed", "best_bid": "0.5", "best_ask": "0.51"}], "timestamp": "1769384046001", "event_type": "price_change"}}
{"_local_timestamp": "2026-01-25T23:34:07.957452+00:00", "data": {"market": "0x1c66ddebd71554a554cbdeeab22baf19898a1c6f8bd50302d7b54e47c4c91106", "price_changes": [{"asset_id": "92604862914280675755527519611659159429468281566727323091522502302684190466316", "price": "0.48", "size": "2196.17", "side": "BUY", "hash": "59941edb73624312d52d6dbf0a4a1a08dce739b0", "best_bid": "0.49", "best_ask": "0.5"}, {"asset_id": "100830894412052252126474210679586760999398120653687309086983729387070830149789", "price": "0.52", "size": "2196.17", "side": "SELL", "hash": "d239585b9149291554d9467ebaa8cdd640c91f9f", "best_bid": "0.5", "best_ask": "0.51"}], "timestamp": "1769384047735", "event_type": "price_change"}}
{"_local_timestamp": "2026-01-25T23:34:08.069700+00:00", "data": {"market": "0x1c66ddebd71554a554cbdeeab22baf19898a1c6f8bd50302d7b54e47c4c91106", "price_changes": [{"asset_id": "100830894412052252126474210679586760999398120653687309086983729387070830149789", "price": "0.49", "size": "1772.12", "side": "BUY", "hash": "058d1cfaa6c189c206ed63c16bab2887ced4b7d8", "best_bid": "0.5", "best_ask": "0.51"}, {"asset_id": "92604862914280675755527519611659159429468281566727323091522502302684190466316", "price": "0.51", "size": "1772.12", "side": "SELL", "hash": "2c02abc746877b7fa06f53ee753c44bc4ddccd81", "best_bid": "0.49", "best_ask": "0.5"}], "timestamp": "1769384047846", "event_type": "price_change"}}
