{"_local_timestamp": "2026-01-25T23:33:38.176163+00:00", "data": [{"market": "0x1c66ddebd71554a554cbdeeab22baf19898a1c6f8bd50302d7b54e47c4c91106", "asset_id": "92604862914280675755527519611659159429468281566727323091522502302684190466316", "timestamp": "1769384016135", "hash": "e7bd871c6a137dc3dbb075ec752ece3f359983c6", "bids": [{"price": "0.01", "size": "5255.4"}, {"price": "0.02", "size": "1605.01"}, {"price": "0.03", "size": "250"}, {"price": "0.04", "size": "7.03"}, {"price": "0.05", "size": "1720"}, {"price": "0.08", "size": "725"}, {"price": "0.1", "size": "320"}, {"price": "0.11", "size": "1459.12"}, {"price": "0.12", "size": "233.33"}, {"price": "0.13", "size": "3555"}, {"price": "0.15", "size": "173.33"}, {"price": "0.17", "size": "141.17"}, {"price": "0.2", "size": "3376"}, {"price": "0.21", "size": "30"}, {"price": "0.25", "size": "943.67"}, {"price": "0.26", "size": "7"}, {"price": "0.31", "size": "600"}, {"price": "0.45", "size": "1010.03"}, {"price": "0.46", "size": "1000"}, {"price": "0.47", "size": "2313.96"}, {"price": "0.48", "size": "2206.17"}, {"price": "0.49", "size": "17.91"}], "asks": [{"price": "0.99", "size": "106325.36"}, {"price": "0.98", "size": "4850"}, {"price": "0.97", "size": "2000"}, {"price": "0.96", "size": "507"}, {"price": "0.95", "size": "2420"}, {"price": "0.94", "size": "650"}, {"price": "0.93", "size": "500"}, {"price": "0.92", "size": "1326"}, {"price": "0.9", "size": "320"}, {"price": "0.89", "size": "405.14"}, {"price": "0.88", "size": "1332"}, {"price": "0.87", "size": "3012.38"}, {"price": "0.85", "size": "373.33"}, {"price": "0.84", "size": "2644"}, {"price": "0.83", "size": "200"}, {"price": "0.82", "size": "133.33"}, {"price": "0.81", "size": "3448"}, {"price": "0.8", "size": "2150"}, {"price": "0.79", "size": "400"}, {"price": "0.78", "size": "1032"}, {"price": "0.76", "size": "150"}, {"price": "0.75", "size": "5"}, {"price": "0.74", "size": "100"}, {"price": "0.72", "size": "100"}, {"price": "0.68", "size": "100"}, {"price": "0.67", "size": "100"}, {"price": "0.66", "size": "100"}, {"price": "0.65", "size": "325.32"}, {"price": "0.6", "size": "220.81"}, {"price": "0.59", "size": "64"}, {"price": "0.53", "size": "2222"}, {"price": "0.52", "size": "675.87"}, {"price": "0.51", "size": "1762.12"}, {"price": "0.5", "size": "12"}], "event_type": "book", "last_trade_price": "0.490"}, {"market": "0x1c66ddebd71554a554cbdeeab22baf19898a1c6f8bd50302d7b54e47c4c91106", "asset_id": "100830894412052252126474210679586760999398120653687309086983729387070830149789", "timestamp": "1769384016135", "hash": "6fe7ef7ff6ff71c0da34bf34f55b8ba00f488272", "bids": [{"price": "0.01", "size": "106325.36"}, {"price": "0.02", "size": "4850"}, {"price": "0.03", "size": "2000"}, {"price": "0.04", "size": "507"}, {"price": "0.05", "size": "2420"}, {"price": "0.06", "size": "650"}, {"price": "0.07", "size": "500"}, {"price": "0.08", "size": "1326"}, {"price": "0.1", "size": "320"}, {"price": "0.11", "size": "405.14"}, {"price": "0.12", "size": "1332"}, {"price": "0.13", "size": "3012.38"}, {"price": "0.15", "size": "373.33"}, {"price": "0.16", "size": "2644"}, {"price": "0.17", "size": "200"}, {"price": "0.18", "size": "133.33"}, {"price": "0.19", "size": "3448"}, {"price": "0.2", "size": "2150"}, {"price": "0.21", "size": "400"}, {"price": "0.22", "size": "1032"}, {"price": "0.24", "size": "150"}, {"price": "0.25", "size": "5"}, {"price": "0.26", "size": "100"}, {"price": "0.28", "size": "100"}, {"price": "0.32", "size": "100"}, {"price": "0.33", "size": "100"}, {"price": "0.34", "size": "100"}, {"price": "0.35", "size": "325.32"}, {"price": "0.4", "size": "220.81"}, {"price": "0.41", "size": "64"}, {"price": "0.47", "size": "2222"}, {"price": "0.48", "size": "675.87"}, {"price": "0.49", "size": "1762.12"}, {"price": "0.5", "size": "12"}], "asks": [{"price": "0.99", "size": "5255.4"}, {"price": "0.98", "size": "1605.01"}, {"price": "0.97", "size": "250"}, {"price": "0.96", "size": "7.03"}, {"price": "0.95", "size": "1720"}, {"price": "0.92", "size": "725"}, {"price": "0.9", "size": "320"}, {"price": "0.89", "size": "1459.12"}, {"price": "0.88", "size": "233.33"}, {"price": "0.87", "size": "3555"}, {"price": "0.85", "size": "173.33"}, {"price": "0.83", "size": "141.17"}, {"price": "0.8", "size": "3376"}, {"price": "0.79", "size": "30"}, {"price": "0.75", "size": "943.67"}, {"price": "0.74", "size": "7"}, {"price": "0.69", "size": "600"}, {"price": "0.55", "size": "1010.03"}, {"price": "0.54", "size": "1000"}, {"price": "0.53", "size": "2313.96"}, {"price": "0.52", "size": "2206.17"}, {"price": "0.51", "size": "17.91"}], "event_type": "book", "last_trade_price": "0.490"}]}
{"_local_timestamp": "2026-01-25T23:33:38.351565+00:00", "data": {"market": "0x1c66ddebd71554a554cbdeeab22baf19898a1c6f8bd50302d7b54e47c4c91106", "price_changes": [{"asset_id": "92604862914280675755527519611659159429468281566727323091522502302684190466316", "price": "0.48", "size": "2196.17", "side": "BUY", "hash": "06e659d790cee3e3ee41e7667c7de4040b88bb1d", "best_bid": "0.49", "best_ask": "0.5"}, {"asset_id": "100830894412052252126474210679586760999398120653687309086983729387070830149789", "price": "0.52", "size": "2196.17", "side": "SELL", "hash": "4a4620210cc00a5f6ba37611af3f0f09825955b0", "best_bid": "0.5", "best_ask": "0.51"}], "timestamp": "1769384018286", "event_type": "price_change"}}
{"_local_timestamp": "2026-01-25T23:33:38.570111+00:00", "data": {"market": "0x1c66ddebd71554a554cbdeeab22baf19898a1c6f8bd50302d7b54e47c4c91106", "price_changes": [{"asset_id": "100830894412052252126474210679586760999398120653687309086983729387070830149789", "price": "0.49", "size": "1772.12", "side": "BUY", "hash": "fe4ec6998f5c1fa8e0d75136752997e252e819a6", "best_bid": "0.5", "best_ask": "0.51"}, {"asset_id": "92604862914280675755527519611659159429468281566727323091522502302684190466316", "price": "0.51", "size": "1772.12", "side": "SELL", "hash": "b4e9af9e0bf88ae347f263830960fa1204f22b57", "best_bid": "0.49", "best_ask": "0.5"}], "timestamp": "1769384018503", "event_type": "price_change"}}
{"_local_timestamp": "2026-01-25T23:33:40.044513+00:00", "data": {"market": "0x1c66ddebd71554a554cbdeeab22baf19898a1c6f8bd50302d7b54e47c4c91106", "price_changes": [{"asset_id": "100830894412052252126474210679586760999398120653687309086983729387070830149789", "price": "0.49", "size": "1762.12", "side": "BUY", "hash": "9b71e5ce46a906ec7a50990b155eb434f3ac97a4", "best_bid": "0.5", "best_ask": "0.51"}, {"asset_id": "92604862914280675755527519611659159429468281566727323091522502302684190466316", "price": "0.51", "size": "1762.12", "side": "SELL", "hash": "105199964b27b54aff6e7b2d69f980b44587a541", "best_bid": "0.49", "best_ask": "0.5"}], "timestamp": "1769384019970", "event_type": "price_change"}}
{"_local_timestamp": "2026-01-25T23:33:40.489428+00:00", "data": {"market": "0x1c66ddebd71554a554cbdeeab22baf19898a1c6f8bd50302d7b54e47c4c91106", "price_changes": [{"asset_id": "100830894412052252126474210679586760999398120653687309086983729387070830149789", "price": "0.49", "size": "1772.12", "side": "BUY", "hash": "1736df8940f426999d26f3ce7529613ee1b3eb5a", "best_bid": "0.5", "best_ask": "0.51"}, {"asset_id": "92604862914280675755527519611659159429468281566727323091522502302684190466316", "price": "0.51", "size": "1772.12", "side": "SELL", "hash": "02f50211476113ec66cc3e6cd6ca7367e1dc8f50", "best_bid": "0.49", "best_ask": "0.5"}], "timestamp": "1769384020396", "event_type": "price_change"}}
{"_local_timestamp": "2026-01-25T23:33:40.553140+00:00", "data": {"market": "0x1c66ddebd71554a554cbdeeab22baf19898a1c6f8bd50302d7b54e47c4c91106", "price_changes": [{"asset_id": "100830894412052252126474210679586760999398120653687309086983729387070830149789", "price": "0.49", "size": "1762.12", "side": "BUY", "hash": "bf1ba2c011ff42bb2c0b181c0a9837b29f9093b8", "best_bid": "0.5", "best_ask": "0.51"}, {"asset_id": "92604862914280675755527519611659159429468281566727323091522502302684190466316", "price": "0.51", "size": "1762.12", "side": "SELL", "hash": "7dbfd24d6b4a7e0046c8b921515e171ba72d07f4", "best_bid": "0.49", "best_ask": "0.5"}], "timestamp": "1769384020488", "event_type": "price_change"}}
{"_local_timestamp": "2026-01-25T23:33:40.850951+00:00", "data": {"market": "0x1c66ddebd71554a554cbdeeab22baf19898a1c6f8bd50302d7b54e47c4c91106", "price_changes": [{"asset_id": "92604862914280675755527519611659159429468281566727323091522502302684190466316", "price": "0.48", "size": "2206.17", "side": "BUY", "hash": "71c4dbe48040a2e29cc40d2db99a93b34fd5c244", "best_bid": "0.49", "best_ask": "0.5"}, {"asset_id": "100830894412052252126474210679586760999398120653687309086983729387070830149789", "price": "0.52", "size": "2206.17", "side": "SELL", "hash": "4edeb81ab645ec702a1d392302ef596ce7959270", "best_bid": "0.5", "best_ask": "0.51"}], "timestamp": "1769384020603", "event_type": "price_change"}}
{"_local_timestamp": "2026-01-25T23:33:44.458561+00:00", "data": {"market": "0x1c66ddebd71554a554cbdeeab22baf19898a1c6f8bd50302d7b54e47c4c91106", "price_changes": [{"asset_id": "92604862914280675755527519611659159429468281566727323091522502302684190466316", "price": "0.48", "size": "2196.17", "side": "BUY", "hash": "02c8fe87e2593002f428e437184b824b47e0f8e2", "best_bid": "0.49", "best_ask": "0.5"}, {"asset_id": "100830894412052252126474210679586760999398120653687309086983729387070830149789", "price": "0.52", "size": "2196.17", "side": "SELL", "hash": "033a2ef37068ba8a107d9cb230eea3fccd086248", "best_bid": "0.5", "best_ask": "0.51"}], "timestamp": "1769384024388", "event_type": "price_change"}}
{"_local_timestamp": "2026-01-25T23:33:46.623420+00:00", "data": {"market": "0x1c66ddebd71554a554cbdeeab22baf19898a1c6f8bd50302d7b54e47c4c91106", "price_changes": [{"asset_id": "100830894412052252126474210679586760999398120653687309086983729387070830149789", "price": "0.49", "size": "1772.12", "side": "BUY", "hash": "f931e55b40fba531136b581f171f59083dccbbda", "best_bid": "0.5", "best_ask": "0.51"}, {"asset_id": "92604862914280675755527519611659159429468281566727323091522502302684190466316", "price": "0.51", "size": "1772.12", "side": "SELL", "hash": "6cc4da408b016f508d89da0e46134b60bbd9106f", "best_bid": "0.49", "best_ask": "0.5"}], "timestamp": "1769384026557", "event_type": "price_change"}}
{"_local_timestamp": "2026-01-25T23:33:49.840142+00:00", "data": {"market": "0x1c66ddebd71554a554cbdeeab22baf19898a1c6f8bd50302d7b54e47c4c91106", "price_changes": [{"asset_id": "100830894412052252126474210679586760999398120653687309086983729387070830149789", "price": "0.49", "size": "1762.12", "side": "BUY", "hash": "b35fb3350df3577aa6c84d8b810248f8518ab053", "best_bid": "0.5", "best_ask": "0.51"}, {"asset_id": "92604862914280675755527519611659159429468281566727323091522502302684190466316", "price": "0.51", "size": "1762.12", "side": "SELL", "hash": "92bf5a445548c14c8342f7717d6dde7117907812", "best_bid": "0.49", "best_ask": "0.5"}], "timestamp": "1769384029769", "event_type": "price_change"}}
{"_local_timestamp": "2026-01-25T23:33:51.404389+00:00", "data": {"market": "0x1c66ddebd71554a554cbdeeab22baf19898a1c6f8bd50302d7b54e47c4c91106", "price_changes": [{"asset_id": "92604862914280675755527519611659159429468281566727323091522502302684190466316", "price": "0.48", "size": "2206.17", "side": "BUY", "hash": "429445b3798f545602f196155e3a4d7da22b4b84", "best_bid": "0.49", "best_ask": "0.5"}, {"asset_id": "100830894412052252126474210679586760999398120653687309086983729387070830149789", "price": "0.52", "size": "2206.17", "side": "SELL", "hash": "9689cbf03bbaf65efa87b6266c723943db40a7ca", "best_bid": "0.5", "best_ask": "0.51"}], "timestamp": "1769384031333", "event_type": "price_change"}}
{"_local_timestamp": "2026-01-25T23:33:51.426461+00:00", "data": {"market": "0x1c66ddebd71554a554cbdeeab22baf19898a1c6f8bd50302d7b54e47c4c91106", "price_changes": [{"asset_id": "92604862914280675755527519611659159429468281566727323091522502302684190466316", "price": "0.48", "size": "2196.17", "side": "BUY", "hash": "42e171ef7550cb91506d7dc8893157ad27482ec0", "best_bid": "0.49", "best_ask": "0.5"}, {"asset_id": "100830894412052252126474210679586760999398120653687309086983729387070830149789", "price": "0.52", "size": "2196.17", "side": "SELL", "hash": "4f9c1890c0714ab69eae7c7f84bf16eb4603373c", "best_bid": "0.5", "best_ask": "0.51"}], "timestamp": "1769384031355", "event_type": "price_change"}}
{"_local_timestamp": "2026-01-25T23:33:51.452514+00:00", "data": {"market": "0x1c66ddebd71554a554cbdeeab22baf19898a1c6f8bd50302d7b54e47c4c91106", "price_changes": [{"asset_id": "100830894412052252126474210679586760999398120653687309086983729387070830149789", "price": "0.49", "size": "1772.12", "side": "BUY", "hash": "d0f40e0fa6c6dc6c7e4b0546319ca9b4f5e85fe9", "best_bid": "0.5", "best_ask": "0.51"}, {"asset_id": "92604862914280675755527519611659159429468281566727323091522502302684190466316", "price": "0.51", "size": "1772.12", "side": "SELL", "hash": "4c7f3ca98413c0a063b494064d3b0c3c50f0c62c", "best_bid": "0.49", "best_ask": "0.5"}], "timestamp": "1769384031370", "event_type": "price_change"}}
{"_local_timestamp": "2026-01-25T23:33:56.086521+00:00", "data": {"market": "0x1c66ddebd71554a554cbdeeab22baf19898a1c6f8bd50302d7b54e47c4c91106", "price_changes": [{"asset_id": "100830894412052252126474210679586760999398120653687309086983729387070830149789", "price": "0.49", "size": "1762.12", "side": "BUY", "hash": "3b78bb85a43477fd4a819efe8cb9076366c6af4d", "best_bid": "0.5", "best_ask": "0.51"}, {"asset_id": "92604862914280675755527519611659159429468281566727323091522502302684190466316", "price": "0.51", "size": "1762.12", "side": "SELL", "hash": "71ebd8b9be962a71cc2145976ab2eeeeb6cf4d8a", "best_bid": "0.49", "best_ask": "0.5"}], "timestamp": "1769384035983", "event_type": "price_change"}}
{"_local_timestamp": "2026-01-25T23:33:57.429716+00:00", "data": {"market": "0x1c66ddebd71554a554cbdeeab22baf19898a1c6f8bd50302d7b54e47c4c91106", "price_changes": [{"asset_id": "92604862914280675755527519611659159429468281566727323091522502302684190466316", "price": "0.48", "size": "2206.17", "side": "BUY", "hash": "fb73a435f0abdd47288456478e3e105c50f16405", "best_bid": "0.49", "best_ask": "0.5"}, {"asset_id": "100830894412052252126474210679586760999398120653687309086983729387070830149789", "price": "0.52", "size": "2206.17", "side": "SELL", "hash": "e9ff251857fdf11ef1af9837cdcc62f2f990caa4", "best_bid": "0.5", "best_ask": "0.51"}], "timestamp": "1769384037365", "event_type": "price_change"}}
{"_local_timestamp": "2026-01-25T23:33:59.091316+00:00", "data": {"market": "0x1c66ddebd71554a554cbdeeab22baf19898a1c6f8bd50302d7b54e47c4c91106", "price_changes": [{"asset_id": "92604862914280675755527519611659159429468281566727323091522502302684190466316", "price": "0.48", "size": "2196.17", "side": "BUY", "hash": "f506fc1baa04b0d40615238dd039dadd83d76ec8", "best_bid": "0.49", "best_ask": "0.5"}, {"asset_id": "100830894412052252126474210679586760999398120653687309086983729387070830149789", "price": "0.52", "size": "2196.17", "side": "SELL", "hash": "871818d62041613ee5cdbfe66df637be8e6d0234", "best_bid": "0.5", "best_ask": "0.51"}], "timestamp": "1769384039005", "event_type": "price_change"}}
{"_local_timestamp": "2026-01-25T23:33:59.860350+00:00", "data": {"market": "0x1c66ddebd71554a554cbdeeab22baf19898a1c6f8bd50302d7b54e47c4c91106", "price_changes": [{"asset_id": "100830894412052252126474210679586760999398120653687309086983729387070830149789", "price": "0.49", "size": "1772.12", "side": "BUY", "hash": "ce72328176890e965e5d00e13d006bc49757f8e8", "best_bid": "0.5", "best_ask": "0.51"}, {"asset_id": "92604862914280675755527519611659159429468281566727323091522502302684190466316", "price": "0.51", "size": "1772.12", "side": "SELL", "hash": "3b7f3c94538a83a8516074b440c1b5103cc76c40", "best_bid": "0.49", "best_ask": "0.5"}], "timestamp": "1769384039792", "event_type": "price_change"}}
{"_local_timestamp": "2026-01-25T23:34:00.481981+00:00", "data": {"market": "0x1c66ddebd71554a554cbdeeab22baf19898a1c6f8bd50302d7b54e47c4c91106", "price_changes": [{"asset_id": "100830894412052252126474210679586760999398120653687309086983729387070830149789", "price": "0.49", "size": "1762.12", "side": "BUY", "hash": "9aae96d5ab7399a2fbebbfe3ab35982e54905886", "best_bid": "0.5", "best_ask": "0.51"}, {"asset_id": "92604862914280675755527519611659159429468281566727323091522502302684190466316", "price": "0.51", "size": "1762.12", "side": "SELL", "hash": "3e92d6c307a68e81a817fb1af03738340ebc658b", "best_bid": "0.49", "best_ask": "0.5"}], "timestamp": "1769384040410", "event_type": "price_change"}}
{"_local_timestamp": "2026-01-25T23:34:00.549324+00:00", "data": {"market": "0x1c66ddebd71554a554cbdeeab22baf19898a1c6f8bd50302d7b54e47c4c91106", "price_changes": [{"asset_id": "92604862914280675755527519611659159429468281566727323091522502302684190466316", "price": "0.48", "size": "2206.17", "side": "BUY", "hash": "9b045a1c9d85cfc901a5cba1e63372884fc0ca0d", "best_bid": "0.49", "best_ask": "0.5"}, {"asset_id": "100830894412052252126474210679586760999398120653687309086983729387070830149789", "price": "0.52", "size": "2206.17", "side": "SELL", "hash": "4158ab3328f62dd4a2e4963c516a9bb221af2199", "best_bid": "0.5", "best_ask": "0.51"}], "timestamp": "1769384040483", "event_type": "price_change"}}
{"_local_timestamp": "2026-01-25T23:34:01.932194+00:00", "data": {"market": "0x1c66ddebd71554a554cbdeeab22baf19898a1c6f8bd50302d7b54e47c4c91106", "price_changes": [{"asset_id": "92604862914280675755527519611659159429468281566727323091522502302684190466316", "price": "0.48", "size": "2196.17", "side": "BUY", "hash": "262240a517c1dfcf27a16c4c8eb011e66640c692", "best_bid": "0.49", "best_ask": "0.5"}, {"asset_id": "100830894412052252126474210679586760999398120653687309086983729387070830149789", "price": "0.52", "size": "2196.17", "side": "SELL", "hash": "e8e2132c12b63f5e362e1c585c3126e9da1f3430", "best_bid": "0.5", "best_ask": "0.51"}], "timestamp": "1769384041865", "event_type": "price_change"}}
{"_local_timestamp": "2026-01-25T23:34:02.131859+00:00", "data": {"market": "0x1c66ddebd71554a554cbdeeab22baf19898a1c6f8bd50302d7b54e47c4c91106", "price_changes": [{"asset_id": "100830894412052252126474210679586760999398120653687309086983729387070830149789", "price": "0.49", "size": "1772.12", "side": "BUY", "hash": "6730b7e5dada276a185a5f046d874d03a9f0ee79", "best_bid": "0.5", "best_ask": "0.51"}, {"asset_id": "92604862914280675755527519611659159429468281566727323091522502302684190466316", "price": "0.51", "size": "1772.12", "side": "SELL", "hash": "b25d157159dec2a83bcd10c9843367a3cda3597f", "best_bid": "0.49", "best_ask": "0.5"}], "timestamp": "1769384042044", "event_type": "price_change"}}
{"_local_timestamp": "2026-01-25T23:34:03.855399+00:00", "data": {"market": "0x1c66ddebd71554a554cbdeeab22baf19898a1c6f8bd50302d7b54e47c4c91106", "price_changes": [{"asset_id": "100830894412052252126474210679586760999398120653687309086983729387070830149789", "price": "0.49", "size": "1762.12", "side": "BUY", "hash": "19bd5591d2735e71d9bccffb6ab6632585c5150f", "best_bid": "0.5", "best_ask": "0.51"}, {"asset_id": "92604862914280675755527519611659159429468281566727323091522502302684190466316", "price": "0.51", "size": "1762.12", "side": "SELL", "hash": "0772c8e10ce3c231c6a8d30b503170883c01a21b", "best_bid": "0.49", "best_ask": "0.5"}], "timestamp": "1769384043636", "event_type": "price_change"}}
{"_local_timestamp": "2026-01-25T23:34:03.961089+00:00", "data": {"market": "0x1c66ddebd71554a554cbdeeab22baf19898a1c6f8bd50302d7b54e47c4c91106", "price_changes": [{"asset_id": "100830894412052252126474210679586760999398120653687309086983729387070830149789", "price": "0.49", "size": "1772.12", "side": "BUY", "hash": "2dc8a986091e9b805537fce871db795499099191", "best_bid": "0.5", "best_ask": "0.51"}, {"asset_id": "92604862914280675755527519611659159429468281566727323091522502302684190466316", "price": "0.51", "size": "1772.12", "side": "SELL", "hash": "a576f84a4097142bd32bef4e15ea5c7200f4d07e", "best_bid": "0.49", "best_ask": "0.5"}], "timestamp": "1769384043743", "event_type": "price_change"}}
{"_local_timestamp": "2026-01-25T23:34:06.012702+00:00", "data": {"market": "0x1c66ddebd71554a554cbdeeab22baf19898a1c6f8bd50302d7b54e47c4c91106", "price_changes": [{"asset_id": "100830894412052252126474210679586760999398120653687309086983729387070830149789", "price": "0.49", "size": "1762.12", "side": "BUY", "hash": "3f47c91fff94a6fd440790492b6aa8ab129bb786", "best_bid": "0.5", "best_ask": "0.51"}, {"asset_id": "92604862914280675755527519611659159429468281566727323091522502302684190466316", "price": "0.51", "size": "1762.12", "side": "SELL", "hash": "e1f1a0e77d6be79814b547ad6534f5d8790dc740", "best_bid": "0.49", "best_ask": "0.5"}], "timestamp": "1769384045772", "event_type": "price_change"}}
{"_local_timestamp": "2026-01-25T23:34:06.250654+00:00", "data": {"market": "0x1c66ddebd71554a554cbdeeab22baf19898a1c6f8bd50302d7b54e47c4c91106", "price_changes": [{"asset_id": "92604862914280675755527519611659159429468281566727323091522502302684190466316", "price": "0.48", "size": "2206.17", "side": "BUY", "hash": "26bcbb3ce776bc3abbbf334c769586229d941b54", "best_bid": "0.49", "best_ask": "0.5"}, {"asset_id": "100830894412052252126474210679586760999398120653687309086983729387070830149789", "price": "0.52", "size": "2206.17", "side": "SELL", "hash": "8951604f178568d5e31200847c0297824b1c4bed", "best_bid": "0.5", "best_ask": "0.51"}], "timestamp": "1769384046001", "event_type": "price_change"}}
{"_local_timestamp": "2026-01-25T23:34:07.957452+00:00", "data": {"market": "0x1c66ddebd71554a554cbdeeab22baf19898a1c6f8bd50302d7b54e47c4c91106", "price_changes": [{"asset_id": "92604862914280675755527519611659159429468281566727323091522502302684190466316", "price": "0.48", "size": "2196.17", "side": "BUY", "hash": "59941edb73624312d52d6dbf0a4a1a08dce739b0", "best_bid": "0.49", "best_ask": "0.5"}, {"asset_id": "100830894412052252126474210679586760999398120653687309086983729387070830149789", "price": "0.52", "size": "2196.17", "side": "SELL", "hash": "d239585b9149291554d9467ebaa8cdd640c91f9f", "best_bid": "0.5", "best_ask": "0.51"}], "timestamp": "1769384047735", "event_type": "price_change"}}
{"_local_timestamp": "2026-01-25T23:34:08.069700+00:00", "data": {"market": "0x1c66ddebd71554a554cbdeeab22baf19898a1c6f8bd50302d7b54e47c4c91106", "price_changes": [{"asset_id": "100830894412052252126474210679586760999398120653687309086983729387070830149789", "price": "0.49", "size": "1772.12", "side": "BUY", "hash": "058d1cfaa6c189c206ed63c16bab2887ced4b7d8", "best_bid": "0.5", "best_ask": "0.51"}, {"asset_id": "92604862914280675755527519611659159429468281566727323091522502302684190466316", "price": "0.51", "size": "1772.12", "side": "SELL", "hash": "2c02abc746877b7fa06f53ee753c44bc4ddccd81", "best_bid": "0.49", "best_ask": "0.5"}], "timestamp": "1769384047846", "event_type": "price_change"}}
{"_local_timestamp": "2026-01-25T23:34:09.300886+00:00", "data": {"market": "0x1c66ddebd71554a554cbdeeab22baf19898a1c6f8bd50302d7b54e47c4c91106", "price_changes": [{"asset_id": "100830894412052252126474210679586760999398120653687309086983729387070830149789", "price": "0.49", "size": "1762.12", "side": "BUY", "hash": "564e23d5e9551cc7b56e6780ad0c2d209be0c8bf", "best_bid": "0.5", "best_ask": "0.51"}, {"asset_id": "92604862914280675755527519611659159429468281566727323091522502302684190466316", "price": "0.51", "size": "1762.12", "side": "SELL", "hash": "4e0c5431b84d1466c759962fbc955bda9d671f2c", "best_bid": "0.49", "best_ask": "0.5"}], "timestamp": "1769384049073", "event_type": "price_change"}}
{"_local_timestamp": "2026-01-25T23:34:11.117331+00:00", "data": {"market": "0x1c66ddebd71554a554cbdeeab22baf19898a1c6f8bd50302d7b54e47c4c91106", "price_changes": [{"asset_id": "100830894412052252126474210679586760999398120653687309086983729387070830149789", "price": "0.49", "size": "1772.12", "side": "BUY", "hash": "a8c0248184dd5f692a48c8edc18a90aef2fe9974", "best_bid": "0.5", "best_ask": "0.51"}, {"asset_id": "92604862914280675755527519611659159429468281566727323091522502302684190466316", "price": "0.51", "size": "1772.12", "side": "SELL", "hash": "e20ef816f85bc9f730899b38c8a6a4ab286628ec", "best_bid": "0.49", "best_ask": "0.5"}], "timestamp": "1769384050924", "event_type": "price_change"}}
{"_local_timestamp": "2026-01-25T23:34:14.756530+00:00", "data": {"market": "0x1c66ddebd71554a554cbdeeab22baf19898a1c6f8bd50302d7b54e47c4c91106", "price_changes": [{"asset_id": "100830894412052252126474210679586760999398120653687309086983729387070830149789", "price": "0.49", "size": "1762.12", "side": "BUY", "hash": "55967d8f9a03618a7d0d63c5558722efb4674b10", "best_bid": "0.5", "best_ask": "0.51"}, {"asset_id": "92604862914280675755527519611659159429468281566727323091522502302684190466316", "price": "0.51", "size": "1762.12", "side": "SELL", "hash": "44eb741f2e00f8fcd3f0174f543cadfcf92bc9e2", "best_bid": "0.49", "best_ask": "0.5"}], "timestamp": "1769384054520", "event_type": "price_change"}}
{"_local_timestamp": "2026-01-25T23:34:14.934855+00:00", "data": {"market": "0x1c66ddebd71554a554cbdeeab22baf19898a1c6f8bd50302d7b54e47c4c91106", "price_changes": [{"asset_id": "92604862914280675755527519611659159429468281566727323091522502302684190466316", "price": "0.48", "size": "2206.17", "side": "BUY", "hash": "1840f65e6f8e6495830506955b9db103d90a8910", "best_bid": "0.49", "best_ask": "0.5"}, {"asset_id": "100830894412052252126474210679586760999398120653687309086983729387070830149789", "price": "0.52", "size": "2206.17", "side": "SELL", "hash": "a12463e7d9903f9fd3daee53e103cb582f66484f", "best_bid": "0.5", "best_ask": "0.51"}], "timestamp": "1769384054692", "event_type": "price_change"}}
{"_local_timestamp": "2026-01-25T23:34:15.685346+00:00", "data": {"market": "0x1c66ddebd71554a554cbdeeab22baf19898a1c6f8bd50302d7b54e47c4c91106", "price_changes": [{"asset_id": "92604862914280675755527519611659159429468281566727323091522502302684190466316", "price": "0.48", "size": "2196.17", "side": "BUY", "hash": "e8b8d6d745dbcbf37affe5a9a0dedf05b9d9b183", "best_bid": "0.49", "best_ask": "0.5"}, {"asset_id": "100830894412052252126474210679586760999398120653687309086983729387070830149789", "price": "0.52", "size": "2196.17", "side": "SELL", "hash": "08ce3a181f275e34455f93584c062917697523e3", "best_bid": "0.5", "best_ask": "0.51"}], "timestamp": "1769384055445", "event_type": "price_change"}}
{"_local_timestamp": "2026-01-25T23:34:16.506401+00:00", "data": {"market": "0x1c66ddebd71554a554cbdeeab22baf19898a1c6f8bd50302d7b54e47c4c91106", "price_changes": [{"asset_id": "92604862914280675755527519611659159429468281566727323091522502302684190466316", "price": "0.48", "size": "2206.17", "side": "BUY", "hash": "a30f56c4b6920d7f2cee4e61e972bf8b15b74d19", "best_bid": "0.49", "best_ask": "0.5"}, {"asset_id": "100830894412052252126474210679586760999398120653687309086983729387070830149789", "price": "0.52", "size": "2206.17", "side": "SELL", "hash": "0af1256ade6bff26e4bbca0aec233388eb9199c8", "best_bid": "0.5", "best_ask": "0.51"}], "timestamp": "1769384056276", "event_type": "price_change"}}
{"_local_timestamp": "2026-01-25T23:34:21.221513+00:00", "data": {"market": "0x1c66ddebd71554a554cbdeeab22baf19898a1c6f8bd50302d7b54e47c4c91106", "price_changes": [{"asset_id": "92604862914280675755527519611659159429468281566727323091522502302684190466316", "price": "0.48", "size": "2196.17", "side": "BUY", "hash": "ca04a85933a990a417650103c8db8267c0a01833", "best_bid": "0.49", "best_ask": "0.5"}, {"asset_id": "100830894412052252126474210679586760999398120653687309086983729387070830149789", "price": "0.52", "size": "2196.17", "side": "SELL", "hash": "da0e19099c816b07bc69582ed5ae626e2982e73d", "best_bid": "0.5", "best_ask": "0.51"}], "timestamp": "1769384060993", "event_type": "price_change"}}
{"_local_timestamp": "2026-01-25T23:34:22.195617+00:00", "data": {"market": "0x1c66ddebd71554a554cbdeeab22baf19898a1c6f8bd50302d7b54e47c4c91106", "price_changes": [{"asset_id": "100830894412052252126474210679586760999398120653687309086983729387070830149789", "price": "0.19", "size": "250", "side": "BUY", "hash": "e8ed71e691781e35bf91ed3042b62493eee82f60", "best_bid": "0.5", "best_ask": "0.51"}, {"asset_id": "92604862914280675755527519611659159429468281566727323091522502302684190466316", "price": "0.81", "size": "250", "side": "SELL", "hash": "39bc4764f76f52b2bc7219dfbf2ec078a7710500", "best_bid": "0.49", "best_ask": "0.5"}], "timestamp": "1769384061983", "event_type": "price_change"}}
{"_local_timestamp": "2026-01-25T23:34:22.398013+00:00", "data": {"market": "0x1c66ddebd71554a554cbdeeab22baf19898a1c6f8bd50302d7b54e47c4c91106", "price_changes": [{"asset_id": "100830894412052252126474210679586760999398120653687309086983729387070830149789", "price": "0.2", "size": "5172", "side": "BUY", "hash": "77655d2296ffefa3ca301fba82ee165402d4ba1f", "best_bid": "0.5", "best_ask": "0.51"}, {"asset_id": "92604862914280675755527519611659159429468281566727323091522502302684190466316", "price": "0.8", "size": "5172", "side": "SELL", "hash": "25812f22c87ff7906e0d44ed254ba53f401c9bb1", "best_bid": "0.49", "best_ask": "0.5"}], "timestamp": "1769384062188", "event_type": "price_change"}}
{"_local_timestamp": "2026-01-25T23:34:22.609114+00:00", "data": {"market": "0x1c66ddebd71554a554cbdeeab22baf19898a1c6f8bd50302d7b54e47c4c91106", "price_changes": [{"asset_id": "92604862914280675755527519611659159429468281566727323091522502302684190466316", "price": "0.2", "size": "350", "side": "BUY", "hash": "c41f294e7be4af2d75e87a6a8b7814f032beaa73", "best_bid": "0.49", "best_ask": "0.5"}, {"asset_id": "100830894412052252126474210679586760999398120653687309086983729387070830149789", "price": "0.8", "size": "350", "side": "SELL", "hash": "ef4af4f90c7133a5126c4f4920a73d61e557477e", "best_bid": "0.5", "best_ask": "0.51"}], "timestamp": "1769384062378", "event_type": "price_change"}}
{"_local_timestamp": "2026-01-25T23:34:22.686729+00:00", "data": {"market": "0x1c66ddebd71554a554cbdeeab22baf19898a1c6f8bd50302d7b54e47c4c91106", "price_changes": [{"asset_id": "92604862914280675755527519611659159429468281566727323091522502302684190466316", "price": "0.48", "size": "2206.17", "side": "BUY", "hash": "8e781fb6da9a829517c2880069f4d82f91e5988d", "best_bid": "0.49", "best_ask": "0.5"}, {"asset_id": "100830894412052252126474210679586760999398120653687309086983729387070830149789", "price": "0.52", "size": "2206.17", "side": "SELL", "hash": "fefdfa2215ffdc729857f3f90e99d27eb52adb89", "best_bid": "0.5", "best_ask": "0.51"}], "timestamp": "1769384062462", "event_type": "price_change"}}
{"_local_timestamp": "2026-01-25T23:34:22.879846+00:00", "data": {"market": "0x1c66ddebd71554a554cbdeeab22baf19898a1c6f8bd50302d7b54e47c4c91106", "price_changes": [{"asset_id": "92604862914280675755527519611659159429468281566727323091522502302684190466316", "price": "0.18", "size": "3379", "side": "BUY", "hash": "4a1d8f41c3781e1c26e615b3ddac6001f0fca7ee", "best_bid": "0.49", "best_ask": "0.5"}, {"asset_id": "100830894412052252126474210679586760999398120653687309086983729387070830149789", "price": "0.82", "size": "3379", "side": "SELL", "hash": "0bdb63ae5e77361c1dd541753289ed814adb5512", "best_bid": "0.5", "best_ask": "0.51"}], "timestamp": "1769384062651", "event_type": "price_change"}}
{"_local_timestamp": "2026-01-25T23:34:23.319591+00:00", "data": {"market": "0x1c66ddebd71554a554cbdeeab22baf19898a1c6f8bd50302d7b54e47c4c91106", "price_changes": [{"asset_id": "92604862914280675755527519611659159429468281566727323091522502302684190466316", "price": "0.48", "size": "2196.17", "side": "BUY", "hash": "e6c2c161aeb453e69e1f9078caad93b9f87c00b4", "best_bid": "0.49", "best_ask": "0.5"}, {"asset_id": "100830894412052252126474210679586760999398120653687309086983729387070830149789", "price": "0.52", "size": "2196.17", "side": "SELL", "hash": "089e6b9fadfd216a23d6b4e2a72cbff951f9c052", "best_bid": "0.5", "best_ask": "0.51"}], "timestamp": "1769384063093", "event_type": "price_change"}}
{"_local_timestamp": "2026-01-25T23:34:25.169732+00:00", "data": {"market": "0x1c66ddebd71554a554cbdeeab22baf19898a1c6f8bd50302d7b54e47c4c91106", "price_changes": [{"asset_id": "100830894412052252126474210679586760999398120653687309086983729387070830149789", "price": "0.49", "size": "1772.12", "side": "BUY", "hash": "55cf9ace6f1151a4c399f23e705d2a63eae8f1b6", "best_bid": "0.5", "best_ask": "0.51"}, {"asset_id": "92604862914280675755527519611659159429468281566727323091522502302684190466316", "price": "0.51", "size": "1772.12", "side": "SELL", "hash": "cac8f0669938318bb4985c2e66bbcaafa08cd17e", "best_bid": "0.49", "best_ask": "0.5"}], "timestamp": "1769384064937", "event_type": "price_change"}}
{"_local_timestamp": "2026-01-25T23:34:28.868441+00:00", "data": {"market": "0x1c66ddebd71554a554cbdeeab22baf19898a1c6f8bd50302d7b54e47c4c91106", "price_changes": [{"asset_id": "100830894412052252126474210679586760999398120653687309086983729387070830149789", "price": "0.49", "size": "1762.12", "side": "BUY", "hash": "3f642f0d4b380d65109469251a61820d4d0d3d3e", "best_bid": "0.5", "best_ask": "0.51"}, {"asset_id": "92604862914280675755527519611659159429468281566727323091522502302684190466316", "price": "0.51", "size": "1762.12", "side": "SELL", "hash": "098fb4cb7b674a4353ac4c2c1ce10ccab9da1439", "best_bid": "0.49", "best_ask": "0.5"}], "timestamp": "1769384068280", "event_type": "price_change"}}
{"_local_timestamp": "2026-01-25T23:34:29.681416+00:00", "data": {"market": "0x1c66ddebd71554a554cbdeeab22baf19898a1c6f8bd50302d7b54e47c4c91106", "price_changes": [{"asset_id": "100830894412052252126474210679586760999398120653687309086983729387070830149789", "price": "0.49", "size": "1772.12", "side": "BUY", "hash": "fc6a61a33a03d8568a0a925f33dae539b3dc53a4", "best_bid": "0.5", "best_ask": "0.51"}, {"asset_id": "92604862914280675755527519611659159429468281566727323091522502302684190466316", "price": "0.51", "size": "1772.12", "side": "SELL", "hash": "34c1b1021cf171521eb1f551079328497aed517a", "best_bid": "0.49", "best_ask": "0.5"}], "timestamp": "1769384069464", "event_type": "price_change"}}
{"_local_timestamp": "2026-01-25T23:34:29.804292+00:00", "data": {"market": "0x1c66ddebd71554a554cbdeeab22baf19898a1c6f8bd50302d7b54e47c4c91106", "price_changes": [{"asset_id": "100830894412052252126474210679586760999398120653687309086983729387070830149789", "price": "0.49", "size": "1762.12", "side": "BUY", "hash": "ecb1d083f19c79fb04bd73d9acf516012f4b833f", "best_bid": "0.5", "best_ask": "0.51"}, {"asset_id": "92604862914280675755527519611659159429468281566727323091522502302684190466316", "price": "0.51", "size": "1762.12", "side": "SELL", "hash": "54766d63a6e280bc3bddb92d0db491c9919bed86", "best_bid": "0.49", "best_ask": "0.5"}], "timestamp": "1769384069584", "event_type": "price_change"}}
{"_local_timestamp": "2026-01-25T23:34:30.283656+00:00", "data": {"market": "0x1c66ddebd71554a554cbdeeab22baf19898a1c6f8bd50302d7b54e47c4c91106", "price_changes": [{"asset_id": "92604862914280675755527519611659159429468281566727323091522502302684190466316", "price": "0.48", "size": "2206.17", "side": "BUY", "hash": "0199ee921855bac03f1f4faa505aa18f3534e06a", "best_bid": "0.49", "best_ask": "0.5"}, {"asset_id": "100830894412052252126474210679586760999398120653687309086983729387070830149789", "price": "0.52", "size": "2206.17", "side": "SELL", "hash": "2f9f0ac0170dfa9359fa0a5c39518e332b3cac9f", "best_bid": "0.5", "best_ask": "0.51"}], "timestamp": "1769384069960", "event_type": "price_change"}}
{"_local_timestamp": "2026-01-25T23:34:32.508325+00:00", "data": {"market": "0x1c66ddebd71554a554cbdeeab22baf19898a1c6f8bd50302d7b54e47c4c91106", "price_changes": [{"asset_id": "92604862914280675755527519611659159429468281566727323091522502302684190466316", "price": "0.48", "size": "2196.17", "side": "BUY", "hash": "b2122382f68b8961a5b2de877c1d4790755207ca", "best_bid": "0.49", "best_ask": "0.5"}, {"asset_id": "100830894412052252126474210679586760999398120653687309086983729387070830149789", "price": "0.52", "size": "2196.17", "side": "SELL", "hash": "c601db2ae5d080bb3a2c49cc54749019108d63ad", "best_bid": "0.5", "best_ask": "0.51"}], "timestamp": "1769384072257", "event_type": "price_change"}}
{"_local_timestamp": "2026-01-25T23:34:34.050821+00:00", "data": {"market": "0x1c66ddebd71554a554cbdeeab22baf19898a1c6f8bd50302d7b54e47c4c91106", "price_changes": [{"asset_id": "100830894412052252126474210679586760999398120653687309086983729387070830149789", "price": "0.49", "size": "1772.12", "side": "BUY", "hash": "5a781c0f7e37c310db8381e676c6cec755111cfd", "best_bid": "0.5", "best_ask": "0.51"}, {"asset_id": "92604862914280675755527519611659159429468281566727323091522502302684190466316", "price": "0.51", "size": "1772.12", "side": "SELL", "hash": "99ad7f5c0c6068b8aecad65ea0761de9bb400558", "best_bid": "0.49", "best_ask": "0.5"}], "timestamp": "1769384073818", "event_type": "price_change"}}
{"_local_timestamp": "2026-01-25T23:34:34.130677+00:00", "data": {"market": "0x1c66ddebd71554a554cbdeeab22baf19898a1c6f8bd50302d7b54e47c4c91106", "price_changes": [{"asset_id": "100830894412052252126474210679586760999398120653687309086983729387070830149789", "price": "0.49", "size": "1762.12", "side": "BUY", "hash": "d65b15d5c1868516b7a36b382be2fbcef469bc17", "best_bid": "0.5", "best_ask": "0.51"}, {"asset_id": "92604862914280675755527519611659159429468281566727323091522502302684190466316", "price": "0.51", "size": "1762.12", "side": "SELL", "hash": "c35df135e404b5a472ea553685171be4ca40a00f", "best_bid": "0.49", "best_ask": "0.5"}], "timestamp": "1769384073912", "event_type": "price_change"}}
{"_local_timestamp": "2026-01-25T23:34:36.986858+00:00", "data": {"market": "0x1c66ddebd71554a554cbdeeab22baf19898a1c6f8bd50302d7b54e47c4c91106", "price_changes": [{"asset_id": "92604862914280675755527519611659159429468281566727323091522502302684190466316", "price": "0.48", "size": "2206.17", "side": "BUY", "hash": "3ae177c9a3d4b36bc6fe50ccd5b4a2471ad8defc", "best_bid": "0.49", "best_ask": "0.5"}, {"asset_id": "100830894412052252126474210679586760999398120653687309086983729387070830149789", "price": "0.52", "size": "2206.17", "side": "SELL", "hash": "a32f4dc9ba4923d93a53e9a7f4e982de19b552f2", "best_bid": "0.5", "best_ask": "0.51"}], "timestamp": "1769384076754", "event_type": "price_change"}}
{"_local_timestamp": "2026-01-25T23:34:38.255090+00:00", "data": {"market": "0x1c66ddebd71554a554cbdeeab22baf19898a1c6f8bd50302d7b54e47c4c91106", "price_changes": [{"asset_id": "92604862914280675755527519611659159429468281566727323091522502302684190466316", "price": "0.48", "size": "2196.17", "side": "BUY", "hash": "40d232fb2b7f6fe5ae965f9319656272cc26f59b", "best_bid": "0.49", "best_ask": "0.5"}, {"asset_id": "100830894412052252126474210679586760999398120653687309086983729387070830149789", "price": "0.52", "size": "2196.17", "side": "SELL", "hash": "cc38ed47a6ba8b60325da4ad5bb63af6d6c0d8ab", "best_bid": "0.5", "best_ask": "0.51"}], "timestamp": "1769384078190", "event_type": "price_change"}}
{"_local_timestamp": "2026-01-25T23:34:39.649867+00:00", "data": {"market": "0x1c66ddebd71554a554cbdeeab22baf19898a1c6f8bd50302d7b54e47c4c91106", "price_changes": [{"asset_id": "92604862914280675755527519611659159429468281566727323091522502302684190466316", "price": "0.48", "size": "2206.17", "side": "BUY", "hash": "af3a8cf3a5dba950b003ee29123c85743fc2b9f4", "best_bid": "0.49", "best_ask": "0.5"}, {"asset_id": "100830894412052252126474210679586760999398120653687309086983729387070830149789", "price": "0.52", "size": "2206.17", "side": "SELL", "hash": "0edf9a42f4e5e87a039eff70ca03d399bb433af6", "best_bid": "0.5", "best_ask": "0.51"}], "timestamp": "1769384079580", "event_type": "price_change"}}
{"_local_timestamp": "2026-01-25T23:34:40.129697+00:00", "data": {"market": "0x1c66ddebd71554a554cbdeeab22baf19898a1c6f8bd50302d7b54e47c4c91106", "price_changes": [{"asset_id": "92604862914280675755527519611659159429468281566727323091522502302684190466316", "price": "0.48", "size": "2196.17", "side": "BUY", "hash": "60f21bd47991d37c5dc4dffa1f6dd682e0aed483", "best_bid": "0.49", "best_ask": "0.5"}, {"asset_id": "100830894412052252126474210679586760999398120653687309086983729387070830149789", "price": "0.52", "size": "2196.17", "side": "SELL", "hash": "2f5927b90c91b728fed25b8af757911e46207a8a", "best_bid": "0.5", "best_ask": "0.51"}], "timestamp": "1769384079993", "event_type": "price_change"}}
{"_local_timestamp": "2026-01-25T23:34:41.961721+00:00", "data": {"market": "0x1c66ddebd71554a554cbdeeab22baf19898a1c6f8bd50302d7b54e47c4c91106", "price_changes": [{"asset_id": "100830894412052252126474210679586760999398120653687309086983729387070830149789", "price": "0.49", "size": "1772.12", "side": "BUY", "hash": "d2776ef4f11761c7cbda10321940c5562a79ca80", "best_bid": "0.5", "best_ask": "0.51"}, {"asset_id": "92604862914280675755527519611659159429468281566727323091522502302684190466316", "price": "0.51", "size": "1772.12", "side": "SELL", "hash": "4d15e4d813311dba74b0634dc248a67a00e66474", "best_bid": "0.49", "best_ask": "0.5"}], "timestamp": "1769384081897", "event_type": "price_change"}}
{"_local_timestamp": "2026-01-25T23:34:44.191373+00:00", "data": {"market": "0x1c66ddebd71554a554cbdeeab22baf19898a1c6f8bd50302d7b54e47c4c91106", "price_changes": [{"asset_id": "100830894412052252126474210679586760999398120653687309086983729387070830149789", "price": "0.49", "size": "1762.12", "side": "BUY", "hash": "0ef271581e27a00242539f416f1626db212ba3d0", "best_bid": "0.5", "best_ask": "0.51"}, {"asset_id": "92604862914280675755527519611659159429468281566727323091522502302684190466316", "price": "0.51", "size": "1762.12", "side": "SELL", "hash": "ece4a278e2658722f0aeadb1caeafadafea6bfb2", "best_bid": "0.49", "best_ask": "0.5"}], "timestamp": "1769384084122", "event_type": "price_change"}}
{"_local_timestamp": "2026-01-25T23:34:44.704879+00:00", "data": {"market": "0x1c66ddebd71554a554cbdeeab22baf19898a1c6f8bd50302d7b54e47c4c91106", "price_changes": [{"asset_id": "92604862914280675755527519611659159429468281566727323091522502302684190466316", "price": "0.48", "size": "2206.17", "side": "BUY", "hash": "fa4a6ab206af103b9290ea5f3b4e803312bbf2db", "best_bid": "0.49", "best_ask": "0.5"}, {"asset_id": "100830894412052252126474210679586760999398120653687309086983729387070830149789", "price": "0.52", "size": "2206.17", "side": "SELL", "hash": "db0ca3bde5f59a4b9bf94a658c511a6f5298e375", "best_bid": "0.5", "best_ask": "0.51"}], "timestamp": "1769384084639", "event_type": "price_change"}}
{"_local_timestamp": "2026-01-25T23:34:45.586104+00:00", "data": {"market": "0x1c66ddebd71554a554cbdeeab22baf19898a1c6f8bd50302d7b54e47c4c91106", "price_changes": [{"asset_id": "92604862914280675755527519611659159429468281566727323091522502302684190466316", "price": "0.48", "size": "2196.17", "side": "BUY", "hash": "ba53ed2d5cfd880fb9321f80a11354e8d5ed32aa", "best_bid": "0.49", "best_ask": "0.5"}, {"asset_id": "100830894412052252126474210679586760999398120653687309086983729387070830149789", "price": "0.52", "size": "2196.17", "side": "SELL", "hash": "2229964dece08ec3c2fdfdae807f6bf30f8be24d", "best_bid": "0.5", "best_ask": "0.51"}], "timestamp": "1769384085517", "event_type": "price_change"}}
{"_local_timestamp": "2026-01-25T23:34:45.702174+00:00", "data": {"market": "0x1c66ddebd71554a554cbdeeab22baf19898a1c6f8bd50302d7b54e47c4c91106", "price_changes": [{"asset_id": "92604862914280675755527519611659159429468281566727323091522502302684190466316", "price": "0.48", "size": "2206.17", "side": "BUY", "hash": "7d9ccf0bdbac17e710e896c6ed18811d0840af6b", "best_bid": "0.49", "best_ask": "0.5"}, {"asset_id": "100830894412052252126474210679586760999398120653687309086983729387070830149789", "price": "0.52", "size": "2206.17", "side": "SELL", "hash": "282cf43d247c60831086fd9a58393cb90fb38da9", "best_bid": "0.5", "best_ask": "0.51"}], "timestamp": "1769384085632", "event_type": "price_change"}}
{"_local_timestamp": "2026-01-25T23:34:47.553225+00:00", "data": {"market": "0x1c66ddebd71554a554cbdeeab22baf19898a1c6f8bd50302d7b54e47c4c91106", "price_changes": [{"asset_id": "92604862914280675755527519611659159429468281566727323091522502302684190466316", "price": "0.48", "size": "2196.17", "side": "BUY", "hash": "18661572c5f507b06e0d6191303ff7110954b3e7", "best_bid": "0.49", "best_ask": "0.5"}, {"asset_id": "100830894412052252126474210679586760999398120653687309086983729387070830149789", "price": "0.52", "size": "2196.17", "side": "SELL", "hash": "1d4c62fab33a01795a8861c57d4cb346a435885c", "best_bid": "0.5", "best_ask": "0.51"}], "timestamp": "1769384087474", "event_type": "price_change"}}
{"_local_timestamp": "2026-01-25T23:34:47.845261+00:00", "data": {"market": "0x1c66ddebd71554a554cbdeeab22baf19898a1c6f8bd50302d7b54e47c4c91106", "price_changes": [{"asset_id": "100830894412052252126474210679586760999398120653687309086983729387070830149789", "price": "0.49", "size": "1772.12", "side": "BUY", "hash": "3767bb4eafb5a79cd6fb818fbde6fa4f710a9a61", "best_bid": "0.5", "best_ask": "0.51"}, {"asset_id": "92604862914280675755527519611659159429468281566727323091522502302684190466316", "price": "0.51", "size": "1772.12", "side": "SELL", "hash": "0222714da82108f251087a11ce541a2138343ffe", "best_bid": "0.49", "best_ask": "0.5"}], "timestamp": "1769384087775", "event_type": "price_change"}}
{"_local_timestamp": "2026-01-25T23:34:48.881610+00:00", "data": {"market": "0x1c66ddebd71554a554cbdeeab22baf19898a1c6f8bd50302d7b54e47c4c91106", "price_changes": [{"asset_id": "100830894412052252126474210679586760999398120653687309086983729387070830149789", "price": "0.49", "size": "1762.12", "side": "BUY", "hash": "808285da29431ff9c530efec55928f5a1f60c452", "best_bid": "0.5", "best_ask": "0.51"}, {"asset_id": "92604862914280675755527519611659159429468281566727323091522502302684190466316", "price": "0.51", "size": "1762.12", "side": "SELL", "hash": "cdae10699db5022454b3cae70025103a6c9b669e", "best_bid": "0.49", "best_ask": "0.5"}], "timestamp": "1769384088785", "event_type": "price_change"}}
{"_local_timestamp": "2026-01-25T23:34:49.570205+00:00", "data": {"market": "0x1c66ddebd71554a554cbdeeab22baf19898a1c6f8bd50302d7b54e47c4c91106", "price_changes": [{"asset_id": "100830894412052252126474210679586760999398120653687309086983729387070830149789", "price": "0.49", "size": "1772.12", "side": "BUY", "hash": "e96fb0899616086c4a79d379c4fb228539f3e8ea", "best_bid": "0.5", "best_ask": "0.51"}, {"asset_id": "92604862914280675755527519611659159429468281566727323091522502302684190466316", "price": "0.51", "size": "1772.12", "side": "SELL", "hash": "a8b369ed3eb9239acf93cff1b6fa7428f1fc2479", "best_bid": "0.49", "best_ask": "0.5"}], "timestamp": "1769384089456", "event_type": "price_change"}}
{"_local_timestamp": "2026-01-25T23:34:50.439093+00:00", "data": {"market": "0x1c66ddebd71554a554cbdeeab22baf19898a1c6f8bd50302d7b54e47c4c91106", "price_changes": [{"asset_id": "100830894412052252126474210679586760999398120653687309086983729387070830149789", "price": "0.49", "size": "1762.12", "side": "BUY", "hash": "8368d02b29cc5578e719dd797006c46b681fe149", "best_bid": "0.5", "best_ask": "0.51"}, {"asset_id": "92604862914280675755527519611659159429468281566727323091522502302684190466316", "price": "0.51", "size": "1762.12", "side": "SELL", "hash": "a5d6d7fd3810794512e2075b4cfb3db9ad28b940", "best_bid": "0.49", "best_ask": "0.5"}], "timestamp": "1769384090304", "event_type": "price_change"}}
{"_local_timestamp": "2026-01-25T23:34:50.496510+00:00", "data": {"market": "0x1c66ddebd71554a554cbdeeab22baf19898a1c6f8bd50302d7b54e47c4c91106", "price_changes": [{"asset_id": "100830894412052252126474210679586760999398120653687309086983729387070830149789", "price": "0.49", "size": "1772.12", "side": "BUY", "hash": "52291a90ef791c1abd1adee94190313f875ef133", "best_bid": "0.5", "best_ask": "0.51"}, {"asset_id": "92604862914280675755527519611659159429468281566727323091522502302684190466316", "price": "0.51", "size": "1772.12", "side": "SELL", "hash": "1e897294c836f7c57d3cbe912504141483cf2abe", "best_bid": "0.49", "best_ask": "0.5"}], "timestamp": "1769384090368", "event_type": "price_change"}}
{"_local_timestamp": "2026-01-25T23:34:50.603238+00:00", "data": {"market": "0x1c66ddebd71554a554cbdeeab22baf19898a1c6f8bd50302d7b54e47c4c91106", "price_changes": [{"asset_id": "100830894412052252126474210679586760999398120653687309086983729387070830149789", "price": "0.49", "size": "1762.12", "side": "BUY", "hash": "cdcd43f553a9bd2b3de233a8f7e1d25b46c10481", "best_bid": "0.5", "best_ask": "0.51"}, {"asset_id": "92604862914280675755527519611659159429468281566727323091522502302684190466316", "price": "0.51", "size": "1762.12", "side": "SELL", "hash": "4cf7a43d426ee700fdaa288085f4140ae577f481", "best_bid": "0.49", "best_ask": "0.5"}], "timestamp": "1769384090467", "event_type": "price_change"}}
{"_local_timestamp": "2026-01-25T23:34:50.769078+00:00", "data": {"market": "0x1c66ddebd71554a554cbdeeab22baf19898a1c6f8bd50302d7b54e47c4c91106", "price_changes": [{"asset_id": "92604862914280675755527519611659159429468281566727323091522502302684190466316", "price": "0.48", "size": "2206.17", "side": "BUY", "hash": "53415e3bc552abc3986ac1e376c1c2589162ab08", "best_bid": "0.49", "best_ask": "0.5"}, {"asset_id": "100830894412052252126474210679586760999398120653687309086983729387070830149789", "price": "0.52", "size": "2206.17", "side": "SELL", "hash": "62ae47bb37e47663bca71b1bd7178dff5ce7570f", "best_bid": "0.5", "best_ask": "0.51"}], "timestamp": "1769384090638", "event_type": "price_change"}}
{"_local_timestamp": "2026-01-25T23:34:52.400282+00:00", "data": {"market": "0x1c66ddebd71554a554cbdeeab22baf19898a1c6f8bd50302d7b54e47c4c91106", "price_changes": [{"asset_id": "92604862914280675755527519611659159429468281566727323091522502302684190466316", "price": "0.48", "size": "2196.17", "side": "BUY", "hash": "4876911d8b1593c1716fa20540cdfca45856fb02", "best_bid": "0.49", "best_ask": "0.5"}, {"asset_id": "100830894412052252126474210679586760999398120653687309086983729387070830149789", "price": "0.52", "size": "2196.17", "side": "SELL", "hash": "7a53c6293ccbdf0a7ea6af893196948c4f034de3", "best_bid": "0.5", "best_ask": "0.51"}], "timestamp": "1769384091848", "event_type": "price_change"}}
{"_local_timestamp": "2026-01-25T23:34:52.796647+00:00", "data": {"market": "0x1c66ddebd71554a554cbdeeab22baf19898a1c6f8bd50302d7b54e47c4c91106", "price_changes": [{"asset_id": "92604862914280675755527519611659159429468281566727323091522502302684190466316", "price": "0.48", "size": "2206.17", "side": "BUY", "hash": "69e055e71cf056ab2704e3ee7592b574fcc8f8a8", "best_bid": "0.49", "best_ask": "0.5"}, {"asset_id": "100830894412052252126474210679586760999398120653687309086983729387070830149789", "price": "0.52", "size": "2206.17", "side": "SELL", "hash": "78c0e26e02d96f337a3fbfd19e5b999e4decfbde", "best_bid": "0.5", "best_ask": "0.51"}], "timestamp": "1769384092630", "event_type": "price_change"}}
{"_local_timestamp": "2026-01-25T23:34:52.921872+00:00", "data": {"market": "0x1c66ddebd71554a554cbdeeab22baf19898a1c6f8bd50302d7b54e47c4c91106", "price_changes": [{"asset_id": "92604862914280675755527519611659159429468281566727323091522502302684190466316", "price": "0.48", "size": "2196.17", "side": "BUY", "hash": "e1aeef7475a3f9b8af82e35e754e2c104b7b41b9", "best_bid": "0.49", "best_ask": "0.5"}, {"asset_id": "100830894412052252126474210679586760999398120653687309086983729387070830149789", "price": "0.52", "size": "2196.17", "side": "SELL", "hash": "1faf53aebb35571794d8ad05e57273a39d80f9d4", "best_bid": "0.5", "best_ask": "0.51"}], "timestamp": "1769384092760", "event_type": "price_change"}}
{"_local_timestamp": "2026-01-25T23:34:55.016505+00:00", "data": {"market": "0x1c66ddebd71554a554cbdeeab22baf19898a1c6f8bd50302d7b54e47c4c91106", "price_changes": [{"asset_id": "100830894412052252126474210679586760999398120653687309086983729387070830149789", "price": "0.49", "size": "1772.12", "side": "BUY", "hash": "472599355e5a8ee6f7b5c6e412f2d6b0a4c0a9da", "best_bid": "0.5", "best_ask": "0.51"}, {"asset_id": "92604862914280675755527519611659159429468281566727323091522502302684190466316", "price": "0.51", "size": "1772.12", "side": "SELL", "hash": "3c3f0ef961b3dab9a571fa7f442504144e284996", "best_bid": "0.49", "best_ask": "0.5"}], "timestamp": "1769384094916", "event_type": "price_change"}}
{"_local_timestamp": "2026-01-25T23:34:58.020000+00:00", "data": {"market": "0x1c66ddebd71554a554cbdeeab22baf19898a1c6f8bd50302d7b54e47c4c91106", "price_changes": [{"asset_id": "100830894412052252126474210679586760999398120653687309086983729387070830149789", "price": "0.49", "size": "1762.12", "side": "BUY", "hash": "de88486209494b95c59405ed1a4a07b288c306a9", "best_bid": "0.5", "best_ask": "0.51"}, {"asset_id": "92604862914280675755527519611659159429468281566727323091522502302684190466316", "price": "0.51", "size": "1762.12", "side": "SELL", "hash": "3492f867167ca62e9dd2f57fde7c4f44ae6d073e", "best_bid": "0.49", "best_ask": "0.5"}], "timestamp": "1769384097952", "event_type": "price_change"}}
{"_local_timestamp": "2026-01-25T23:34:58.980227+00:00", "data": {"market": "0x1c66ddebd71554a554cbdeeab22baf19898a1c6f8bd50302d7b54e47c4c91106", "price_changes": [{"asset_id": "100830894412052252126474210679586760999398120653687309086983729387070830149789", "price": "0.49", "size": "1772.12", "side": "BUY", "hash": "badcdd154028d6bc61751bc0f9b287c6c9a3cd19", "best_bid": "0.5", "best_ask": "0.51"}, {"asset_id": "92604862914280675755527519611659159429468281566727323091522502302684190466316", "price": "0.51", "size": "1772.12", "side": "SELL", "hash": "94b49818bd27dc1d65ed0269ec1f247b3ada3c00", "best_bid": "0.49", "best_ask": "0.5"}], "timestamp": "1769384098898", "event_type": "price_change"}}
{"_local_timestamp": "2026-01-25T23:35:00.588114+00:00", "data": {"market": "0x1c66ddebd71554a554cbdeeab22baf19898a1c6f8bd50302d7b54e47c4c91106", "price_changes": [{"asset_id": "100830894412052252126474210679586760999398120653687309086983729387070830149789", "price": "0.49", "size": "1762.12", "side": "BUY", "hash": "ddf45442381d22a48e6488df62adff0882d07a12", "best_bid": "0.5", "best_ask": "0.51"}, {"asset_id": "92604862914280675755527519611659159429468281566727323091522502302684190466316", "price": "0.51", "size": "1762.12", "side": "SELL", "hash": "2a3beafcbc4d66ef136b8186e3335099e4b7b94b", "best_bid": "0.49", "best_ask": "0.5"}], "timestamp": "1769384100516", "event_type": "price_change"}}
{"_local_timestamp": "2026-01-25T23:35:02.108461+00:00", "data": {"market": "0x1c66ddebd71554a554cbdeeab22baf19898a1c6f8bd50302d7b54e47c4c91106", "price_changes": [{"asset_id": "92604862914280675755527519611659159429468281566727323091522502302684190466316", "price": "0.48", "size": "2206.17", "side": "BUY", "hash": "90fc4d9ea21a671654b2cc0faa2ff884c0a4a0f8", "best_bid": "0.49", "best_ask": "0.5"}, {"asset_id": "100830894412052252126474210679586760999398120653687309086983729387070830149789", "price": "0.52", "size": "2206.17", "side": "SELL", "hash": "242b2d474d24edba85106390fd004e0e59921274", "best_bid": "0.5", "best_ask": "0.51"}], "timestamp": "1769384102023", "event_type": "price_change"}}
{"_local_timestamp": "2026-01-25T23:35:04.209005+00:00", "data": {"market": "0x1c66ddebd71554a554cbdeeab22baf19898a1c6f8bd50302d7b54e47c4c91106", "price_changes": [{"asset_id": "92604862914280675755527519611659159429468281566727323091522502302684190466316", "price": "0.48", "size": "2196.17", "side": "BUY", "hash": "846b566914c29da82b53c3601299127bf859910d", "best_bid": "0.49", "best_ask": "0.5"}, {"asset_id": "100830894412052252126474210679586760999398120653687309086983729387070830149789", "price": "0.52", "size": "2196.17", "side": "SELL", "hash": "7d40a9a1275c94cc427ab0ed913d71141728dc0f", "best_bid": "0.5", "best_ask": "0.51"}], "timestamp": "1769384104128", "event_type": "price_change"}}
{"_local_timestamp": "2026-01-25T23:35:04.372330+00:00", "data": {"market": "0x1c66ddebd71554a554cbdeeab22baf19898a1c6f8bd50302d7b54e47c4c91106", "price_changes": [{"asset_id": "100830894412052252126474210679586760999398120653687309086983729387070830149789", "price": "0.49", "size": "1772.12", "side": "BUY", "hash": "51ef5d3ae796f4430443c41bc1dab9764da06994", "best_bid": "0.5", "best_ask": "0.51"}, {"asset_id": "92604862914280675755527519611659159429468281566727323091522502302684190466316", "price": "0.51", "size": "1772.12", "side": "SELL", "hash": "3df0ede98ffe15d6f873e73614fc72bfc7890c61", "best_bid": "0.49", "best_ask": "0.5"}], "timestamp": "1769384104300", "event_type": "price_change"}}
{"_local_timestamp": "2026-01-25T23:35:06.165793+00:00", "data": {"market": "0x1c66ddebd71554a554cbdeeab22baf19898a1c6f8bd50302d7b54e47c4c91106", "price_changes": [{"asset_id": "100830894412052252126474210679586760999398120653687309086983729387070830149789", "price": "0.49", "size": "1762.12", "side": "BUY", "hash": "7ac440c5cf367975238ec293fb6409f33c6a2a67", "best_bid": "0.5", "best_ask": "0.51"}, {"asset_id": "92604862914280675755527519611659159429468281566727323091522502302684190466316", "price": "0.51", "size": "1762.12", "side": "SELL", "hash": "21b61dcbe0b209b475ad64464ce1f74fe04d37ae", "best_bid": "0.49", "best_ask": "0.5"}], "timestamp": "1769384106087", "event_type": "price_change"}}
{"_local_timestamp": "2026-01-25T23:35:07.532284+00:00", "data": {"market": "0x1c66ddebd71554a554cbdeeab22baf19898a1c6f8bd50302d7b54e47c4c91106", "price_changes": [{"asset_id": "92604862914280675755527519611659159429468281566727323091522502302684190466316", "price": "0.48", "size": "2206.17", "side": "BUY", "hash": "2b4fb530d713de34371ae7143e96a26f1064d6ef", "best_bid": "0.49", "best_ask": "0.5"}, {"asset_id": "100830894412052252126474210679586760999398120653687309086983729387070830149789", "price": "0.52", "size": "2206.17", "side": "SELL", "hash": "b471c2e068be7e5bfca5c02dba85ae0bc61c1032", "best_bid": "0.5", "best_ask": "0.51"}], "timestamp": "1769384107449", "event_type": "price_change"}}
{"_local_timestamp": "2026-01-25T23:35:07.702450+00:00", "data": {"market": "0x1c66ddebd71554a554cbdeeab22baf19898a1c6f8bd50302d7b54e47c4c91106", "price_changes": [{"asset_id": "92604862914280675755527519611659159429468281566727323091522502302684190466316", "price": "0.48", "size": "2196.17", "side": "BUY", "hash": "835836f16c09629a62b61e1ecd680ee57a18af4f", "best_bid": "0.49", "best_ask": "0.5"}, {"asset_id": "100830894412052252126474210679586760999398120653687309086983729387070830149789", "price": "0.52", "size": "2196.17", "side": "SELL", "hash": "1a70e10002f0213ebfae180e26973dadc6660769", "best_bid": "0.5", "best_ask": "0.51"}], "timestamp": "1769384107604", "event_type": "price_change"}}
{"_local_timestamp": "2026-01-25T23:35:08.497901+00:00", "data": {"market": "0x1c66ddebd71554a554cbdeeab22baf19898a1c6f8bd50302d7b54e47c4c91106", "price_changes": [{"asset_id": "100830894412052252126474210679586760999398120653687309086983729387070830149789", "price": "0.49", "size": "1772.12", "side": "BUY", "hash": "0cf4bee57333881d8a6e3794e1869f433176e975", "best_bid": "0.5", "best_ask": "0.51"}, {"asset_id": "92604862914280675755527519611659159429468281566727323091522502302684190466316", "price": "0.51", "size": "1772.12", "side": "SELL", "hash": "faf1b04f136d38067cf3ce3abd284472e464d48f", "best_bid": "0.49", "best_ask": "0.5"}], "timestamp": "1769384108427", "event_type": "price_change"}}
{"_local_timestamp": "2026-01-25T23:35:13.328553+00:00", "data": {"market": "0x1c66ddebd71554a554cbdeeab22baf19898a1c6f8bd50302d7b54e47c4c91106", "price_changes": [{"asset_id": "100830894412052252126474210679586760999398120653687309086983729387070830149789", "price": "0.49", "size": "1762.12", "side": "BUY", "hash": "c180642515eb23a1329a495f7bda05ba32186803", "best_bid": "0.5", "best_ask": "0.51"}, {"asset_id": "92604862914280675755527519611659159429468281566727323091522502302684190466316", "price": "0.51", "size": "1762.12", "side": "SELL", "hash": "4da1abcfc4cd09850d7967d1787a813b114ce10f", "best_bid": "0.49", "best_ask": "0.5"}], "timestamp": "1769384113222", "event_type": "price_change"}}
{"_local_timestamp": "2026-01-25T23:35:14.274059+00:00", "data": {"market": "0x1c66ddebd71554a554cbdeeab22baf19898a1c6f8bd50302d7b54e47c4c91106", "price_changes": [{"asset_id": "100830894412052252126474210679586760999398120653687309086983729387070830149789", "price": "0.49", "size": "1772.12", "side": "BUY", "hash": "daebebc0a3a6de4d373eee92e7997ac8b755a0eb", "best_bid": "0.5", "best_ask": "0.51"}, {"asset_id": "92604862914280675755527519611659159429468281566727323091522502302684190466316", "price": "0.51", "size": "1772.12", "side": "SELL", "hash": "68c03544be3957cde8b35249d3c58a5b4fe3af18", "best_bid": "0.49", "best_ask": "0.5"}], "timestamp": "1769384114210", "event_type": "price_change"}}
{"_local_timestamp": "2026-01-25T23:35:18.760304+00:00", "data": {"market": "0x1c66ddebd71554a554cbdeeab22baf19898a1c6f8bd50302d7b54e47c4c91106", "price_changes": [{"asset_id": "100830894412052252126474210679586760999398120653687309086983729387070830149789", "price": "0.49", "size": "1762.12", "side": "BUY", "hash": "3a70e3ee404e318012f05a10b5fd2cbbdd76394f", "best_bid": "0.5", "best_ask": "0.51"}, {"asset_id": "92604862914280675755527519611659159429468281566727323091522502302684190466316", "price": "0.51", "size": "1762.12", "side": "SELL", "hash": "b3acbbeef44d392a74245c961a305efb1b365a0d", "best_bid": "0.49", "best_ask": "0.5"}], "timestamp": "1769384118679", "event_type": "price_change"}}
{"_local_timestamp": "2026-01-25T23:35:20.909541+00:00", "data": {"market": "0x1c66ddebd71554a554cbdeeab22baf19898a1c6f8bd50302d7b54e47c4c91106", "price_changes": [{"asset_id": "92604862914280675755527519611659159429468281566727323091522502302684190466316", "price": "0.48", "size": "2206.17", "side": "BUY", "hash": "f51228c52030993043186881323bdfbf2e47a27f", "best_bid": "0.49", "best_ask": "0.5"}, {"asset_id": "100830894412052252126474210679586760999398120653687309086983729387070830149789", "price": "0.52", "size": "2206.17", "side": "SELL", "hash": "7783ebd3b5a311e04a1500529d31dbef4a906848", "best_bid": "0.5", "best_ask": "0.51"}], "timestamp": "1769384120843", "event_type": "price_change"}}
{"_local_timestamp": "2026-01-25T23:35:24.990651+00:00", "data": {"market": "0x1c66ddebd71554a554cbdeeab22baf19898a1c6f8bd50302d7b54e47c4c91106", "price_changes": [{"asset_id": "92604862914280675755527519611659159429468281566727323091522502302684190466316", "price": "0.48", "size": "2196.17", "side": "BUY", "hash": "00cd475402d433cd07c245fa719afaecd39221d9", "best_bid": "0.49", "best_ask": "0.5"}, {"asset_id": "100830894412052252126474210679586760999398120653687309086983729387070830149789", "price": "0.52", "size": "2196.17", "side": "SELL", "hash": "06e80ae7be5ac06c98144f61a541d9558b053c7e", "best_bid": "0.5", "best_ask": "0.51"}], "timestamp": "1769384124793", "event_type": "price_change"}}
{"_local_timestamp": "2026-01-25T23:35:26.038811+00:00", "data": {"market": "0x1c66ddebd71554a554cbdeeab22baf19898a1c6f8bd50302d7b54e47c4c91106", "price_changes": [{"asset_id": "100830894412052252126474210679586760999398120653687309086983729387070830149789", "price": "0.49", "size": "1772.12", "side": "BUY", "hash": "98aa86aba073a396110234bb837bf3ae5dcb992e", "best_bid": "0.5", "best_ask": "0.51"}, {"asset_id": "92604862914280675755527519611659159429468281566727323091522502302684190466316", "price": "0.51", "size": "1772.12", "side": "SELL", "hash": "e7ff87a2c5e97d6a0bfc4f67ab262e890f971d8c", "best_bid": "0.49", "best_ask": "0.5"}], "timestamp": "1769384125972", "event_type": "price_change"}}
{"_local_timestamp": "2026-01-25T23:35:26.174075+00:00", "data": {"market": "0x1c66ddebd71554a554cbdeeab22baf19898a1c6f8bd50302d7b54e47c4c91106", "price_changes": [{"asset_id": "100830894412052252126474210679586760999398120653687309086983729387070830149789", "price": "0.49", "size": "1762.12", "side": "BUY", "hash": "90d97307827e5e8243fd3ee459a4f7f9877412da", "best_bid": "0.5", "best_ask": "0.51"}, {"asset_id": "92604862914280675755527519611659159429468281566727323091522502302684190466316", "price": "0.51", "size": "1762.12", "side": "SELL", "hash": "c5a3dd940fbdc4721e5cba5230221339fdccbd24", "best_bid": "0.49", "best_ask": "0.5"}], "timestamp": "1769384126106", "event_type": "price_change"}}
{"_local_timestamp": "2026-01-25T23:35:26.191480+00:00", "data": {"market": "0x1c66ddebd71554a554cbdeeab22baf19898a1c6f8bd50302d7b54e47c4c91106", "price_changes": [{"asset_id": "92604862914280675755527519611659159429468281566727323091522502302684190466316", "price": "0.48", "size": "2206.17", "side": "BUY", "hash": "a602d8fd6de7ca4ddbfba43f2b333f600bbee876", "best_bid": "0.49", "best_ask": "0.5"}, {"asset_id": "100830894412052252126474210679586760999398120653687309086983729387070830149789", "price": "0.52", "size": "2206.17", "side": "SELL", "hash": "1c84c5afa84d8495db56a9af84cc417416fbc174", "best_bid": "0.5", "best_ask": "0.51"}], "timestamp": "1769384126125", "event_type": "price_change"}}
{"_local_timestamp": "2026-01-25T23:35:27.591990+00:00", "data": {"market": "0x1c66ddebd71554a554cbdeeab22baf19898a1c6f8bd50302d7b54e47c4c91106", "price_changes": [{"asset_id": "92604862914280675755527519611659159429468281566727323091522502302684190466316", "price": "0.48", "size": "2196.17", "side": "BUY", "hash": "dc8a092cf199370588f72fc022a63678bf68bd5f", "best_bid": "0.49", "best_ask": "0.5"}, {"asset_id": "100830894412052252126474210679586760999398120653687309086983729387070830149789", "price": "0.52", "size": "2196.17", "side": "SELL", "hash": "23fca304900bd63c055f3a3030dc02eea1b897fa", "best_bid": "0.5", "best_ask": "0.51"}], "timestamp": "1769384127525", "event_type": "price_change"}}
{"_local_timestamp": "2026-01-25T23:35:29.131051+00:00", "data": {"market": "0x1c66ddebd71554a554cbdeeab22baf19898a1c6f8bd50302d7b54e47c4c91106", "price_changes": [{"asset_id": "100830894412052252126474210679586760999398120653687309086983729387070830149789", "price": "0.49", "size": "1772.12", "side": "BUY", "hash": "ca06e9393ffba4d353aa580c74af2af53f65d8dc", "best_bid": "0.5", "best_ask": "0.51"}, {"asset_id": "92604862914280675755527519611659159429468281566727323091522502302684190466316", "price": "0.51", "size": "1772.12", "side": "SELL", "hash": "591725b3da7f8e57ba6ad3d4c9de31364070e175", "best_bid": "0.49", "best_ask": "0.5"}], "timestamp": "1769384129067", "event_type": "price_change"}}
{"_local_timestamp": "2026-01-25T23:35:29.507409+00:00", "data": {"market": "0x1c66ddebd71554a554cbdeeab22baf19898a1c6f8bd50302d7b54e47c4c91106", "price_changes": [{"asset_id": "100830894412052252126474210679586760999398120653687309086983729387070830149789", "price": "0.49", "size": "1762.12", "side": "BUY", "hash": "1eb9a16ad49facd6c5b7510aef46aa6febec0f66", "best_bid": "0.5", "best_ask": "0.51"}, {"asset_id": "92604862914280675755527519611659159429468281566727323091522502302684190466316", "price": "0.51", "size": "1762.12", "side": "SELL", "hash": "4adf03487e9240eabfc68f15b422a80bc74a59d1", "best_bid": "0.49", "best_ask": "0.5"}], "timestamp": "1769384129438", "event_type": "price_change"}}
{"_local_timestamp": "2026-01-25T23:35:30.551924+00:00", "data": {"market": "0x1c66ddebd71554a554cbdeeab22baf19898a1c6f8bd50302d7b54e47c4c91106", "price_changes": [{"asset_id": "100830894412052252126474210679586760999398120653687309086983729387070830149789", "price": "0.49", "size": "1772.12", "side": "BUY", "hash": "074667e0e89d2f28d6c35a140b5bac06922b0ed1", "best_bid": "0.5", "best_ask": "0.51"}, {"asset_id": "92604862914280675755527519611659159429468281566727323091522502302684190466316", "price": "0.51", "size": "1772.12", "side": "SELL", "hash": "1590bc8c3feb331e2b5466a91ece0032d339c94a", "best_bid": "0.49", "best_ask": "0.5"}], "timestamp": "1769384130475", "event_type": "price_change"}}
{"_local_timestamp": "2026-01-25T23:35:30.906892+00:00", "data": {"market": "0x1c66ddebd71554a554cbdeeab22baf19898a1c6f8bd50302d7b54e47c4c91106", "price_changes": [{"asset_id": "100830894412052252126474210679586760999398120653687309086983729387070830149789", "price": "0.49", "size": "1762.12", "side": "BUY", "hash": "57878a18b6391dc9a518d9f51c36319a08201778", "best_bid": "0.5", "best_ask": "0.51"}, {"asset_id": "92604862914280675755527519611659159429468281566727323091522502302684190466316", "price": "0.51", "size": "1762.12", "side": "SELL", "hash": "8ecd17c8c2f03c5da7a02dc0dd4c4cb2de55f397", "best_bid": "0.49", "best_ask": "0.5"}], "timestamp": "1769384130836", "event_type": "price_change"}}
{"_local_timestamp": "2026-01-25T23:35:31.470071+00:00", "data": {"market": "0x1c66ddebd71554a554cbdeeab22baf19898a1c6f8bd50302d7b54e47c4c91106", "price_changes": [{"asset_id": "92604862914280675755527519611659159429468281566727323091522502302684190466316", "price": "0.48", "size": "2206.17", "side": "BUY", "hash": "43dc68855f650f79b989f2dfac9db80f36a9ac91", "best_bid": "0.49", "best_ask": "0.5"}, {"asset_id": "100830894412052252126474210679586760999398120653687309086983729387070830149789", "price": "0.52", "size": "2206.17", "side": "SELL", "hash": "404dea1f64d783ef2494bc79aa3204ca4c2f1bb2", "best_bid": "0.5", "best_ask": "0.51"}], "timestamp": "1769384131317", "event_type": "price_change"}}
{"_local_timestamp": "2026-01-25T23:35:31.655367+00:00", "data": {"market": "0x1c66ddebd71554a554cbdeeab22baf19898a1c6f8bd50302d7b54e47c4c91106", "price_changes": [{"asset_id": "92604862914280675755527519611659159429468281566727323091522502302684190466316", "price": "0.48", "size": "2196.17", "side": "BUY", "hash": "3ad623d4bb9834225256910ef50f4278ae4cbb19", "best_bid": "0.49", "best_ask": "0.5"}, {"asset_id": "100830894412052252126474210679586760999398120653687309086983729387070830149789", "price": "0.52", "size": "2196.17", "side": "SELL", "hash": "261387c8dd128b2b74391cbfad7cd1a04f89063d", "best_bid": "0.5", "best_ask": "0.51"}], "timestamp": "1769384131569", "event_type": "price_change"}}
{"_local_timestamp": "2026-01-25T23:35:45.084990+00:00", "data": {"market": "0x1c66ddebd71554a554cbdeeab22baf19898a1c6f8bd50302d7b54e47c4c91106", "price_changes": [{"asset_id": "100830894412052252126474210679586760999398120653687309086983729387070830149789", "price": "0.35", "size": "308.32", "side": "BUY", "hash": "1ea86f0ac4d78be89a4aeacfaa0d532acd8c3b5f", "best_bid": "0.5", "best_ask": "0.51"}, {"asset_id": "92604862914280675755527519611659159429468281566727323091522502302684190466316", "price": "0.65", "size": "308.32", "side": "SELL", "hash": "590285c73c735e3832606464473c18294fd597f5", "best_bid": "0.49", "best_ask": "0.5"}], "timestamp": "1769384145000", "event_type": "price_change"}}
{"_local_timestamp": "2026-01-25T23:35:45.085920+00:00", "data": {"market": "0x1c66ddebd71554a554cbdeeab22baf19898a1c6f8bd50302d7b54e47c4c91106", "price_changes": [{"asset_id": "100830894412052252126474210679586760999398120653687309086983729387070830149789", "price": "0.2", "size": "5167", "side": "BUY", "hash": "ae60efe483cf289dd1091e807d0e0fd29e7a3287", "best_bid": "0.5", "best_ask": "0.51"}, {"asset_id": "92604862914280675755527519611659159429468281566727323091522502302684190466316", "price": "0.8", "size": "5167", "side": "SELL", "hash": "f0a56d8ec485c71633d8c5ef31aba868eb331f76", "best_bid": "0.49", "best_ask": "0.5"}], "timestamp": "1769384145003", "event_type": "price_change"}}
{"_local_timestamp": "2026-01-25T23:35:45.092786+00:00", "data": {"market": "0x1c66ddebd71554a554cbdeeab22baf19898a1c6f8bd50302d7b54e47c4c91106", "price_changes": [{"asset_id": "100830894412052252126474210679586760999398120653687309086983729387070830149789", "price": "0.22", "size": "974", "side": "BUY", "hash": "48afe6e7f6391b86824c9db5dfeb00e085d17c30", "best_bid": "0.5", "best_ask": "0.51"}, {"asset_id": "92604862914280675755527519611659159429468281566727323091522502302684190466316", "price": "0.78", "size": "974", "side": "SELL", "hash": "dd2c82c53c1809a04bc873ff1a9d19cc5bd37594", "best_bid": "0.49", "best_ask": "0.5"}], "timestamp": "1769384145004", "event_type": "price_change"}}
{"_local_timestamp": "2026-01-25T23:35:50.944625+00:00", "data": {"market": "0x1c66ddebd71554a554cbdeeab22baf19898a1c6f8bd50302d7b54e47c4c91106", "price_changes": [{"asset_id": "100830894412052252126474210679586760999398120653687309086983729387070830149789", "price": "0.22", "size": "1032", "side": "BUY", "hash": "b2110cdef9c0d4fabe5e76e569fc07d3e256ae4e", "best_bid": "0.5", "best_ask": "0.51"}, {"asset_id": "92604862914280675755527519611659159429468281566727323091522502302684190466316", "price": "0.78", "size": "1032", "side": "SELL", "hash": "1881849ac611d1fa3b1d876611b6131594f65bfb", "best_bid": "0.49", "best_ask": "0.5"}], "timestamp": "1769384150876", "event_type": "price_change"}}
{"_local_timestamp": "2026-01-25T23:35:50.945486+00:00", "data": {"market": "0x1c66ddebd71554a554cbdeeab22baf19898a1c6f8bd50302d7b54e47c4c91106", "price_changes": [{"asset_id": "100830894412052252126474210679586760999398120653687309086983729387070830149789", "price": "0.2", "size": "5172", "side": "BUY", "hash": "9ffafec6ba6c4e51036dc769fdc6639d52ead444", "best_bid": "0.5", "best_ask": "0.51"}, {"asset_id": "92604862914280675755527519611659159429468281566727323091522502302684190466316", "price": "0.8", "size": "5172", "side": "SELL", "hash": "01ea957e51714fe7d29499948eefefcddb698eb7", "best_bid": "0.49", "best_ask": "0.5"}], "timestamp": "1769384150876", "event_type": "price_change"}}
{"_local_timestamp": "2026-01-25T23:35:50.946037+00:00", "data": {"market": "0x1c66ddebd71554a554cbdeeab22baf19898a1c6f8bd50302d7b54e47c4c91106", "price_changes": [{"asset_id": "100830894412052252126474210679586760999398120653687309086983729387070830149789", "price": "0.35", "size": "328.32", "side": "BUY", "hash": "994902290f8f45fc4a89da06c82682d2e02ce694", "best_bid": "0.5", "best_ask": "0.51"}, {"asset_id": "92604862914280675755527519611659159429468281566727323091522502302684190466316", "price": "0.65", "size": "328.32", "side": "SELL", "hash": "2dc79172147e082835485853b3dd82b6416aad11", "best_bid": "0.49", "best_ask": "0.5"}], "timestamp": "1769384150877", "event_type": "price_change"}}
{"_local_timestamp": "2026-01-25T23:36:55.128211+00:00", "data": {"market": "0x1c66ddebd71554a554cbdeeab22baf19898a1c6f8bd50302d7b54e47c4c91106", "price_changes": [{"asset_id": "92604862914280675755527519611659159429468281566727323091522502302684190466316", "price": "0.2", "size": "200", "side": "BUY", "hash": "956ad14a0e36aa9aa5eb246a8b53d002508c678a", "best_bid": "0.49", "best_ask": "0.5"}, {"asset_id": "100830894412052252126474210679586760999398120653687309086983729387070830149789", "price": "0.8", "size": "200", "side": "SELL", "hash": "bd2c1e92eaa662d8a27766c943126c16ee994daa", "best_bid": "0.5", "best_ask": "0.51"}], "timestamp": "1769384215016", "event_type": "price_change"}}
{"_local_timestamp": "2026-01-25T23:36:55.128985+00:00", "data": {"market": "0x1c66ddebd71554a554cbdeeab22baf19898a1c6f8bd50302d7b54e47c4c91106", "price_changes": [{"asset_id": "100830894412052252126474210679586760999398120653687309086983729387070830149789", "price": "0.19", "size": "100", "side": "BUY", "hash": "7d1b74db768457d786e362454bdae7298445961f", "best_bid": "0.5", "best_ask": "0.51"}, {"asset_id": "92604862914280675755527519611659159429468281566727323091522502302684190466316", "price": "0.81", "size": "100", "side": "SELL", "hash": "1b0d77469169e3993d18544d28d798ea16defdd4", "best_bid": "0.49", "best_ask": "0.5"}], "timestamp": "1769384215016", "event_type": "price_change"}}
{"_local_timestamp": "2026-01-25T23:36:55.966916+00:00", "data": {"market": "0x1c66ddebd71554a554cbdeeab22baf19898a1c6f8bd50302d7b54e47c4c91106", "price_changes": [{"asset_id": "92604862914280675755527519611659159429468281566727323091522502302684190466316", "price": "0.18", "size": "3529", "side": "BUY", "hash": "e8fb32a14093a191317e6255928615e01cf07a56", "best_bid": "0.49", "best_ask": "0.5"}, {"asset_id": "100830894412052252126474210679586760999398120653687309086983729387070830149789", "price": "0.82", "size": "3529", "side": "SELL", "hash": "e7d854165f5997d59468a0e4be67249a19906f9b", "best_bid": "0.5", "best_ask": "0.51"}], "timestamp": "1769384215651", "event_type": "price_change"}}
{"_local_timestamp": "2026-01-25T23:36:56.154851+00:00", "data": {"market": "0x1c66ddebd71554a554cbdeeab22baf19898a1c6f8bd50302d7b54e47c4c91106", "price_changes": [{"asset_id": "100830894412052252126474210679586760999398120653687309086983729387070830149789", "price": "0.2", "size": "5322", "side": "BUY", "hash": "2147e5f8d8051a871ce83285cecad39832f91716", "best_bid": "0.5", "best_ask": "0.51"}, {"asset_id": "92604862914280675755527519611659159429468281566727323091522502302684190466316", "price": "0.8", "size": "5322", "side": "SELL", "hash": "9659e0b2a35d9eaefa619a3c898d103a8a1c9e82", "best_bid": "0.49", "best_ask": "0.5"}], "timestamp": "1769384215727", "event_type": "price_change"}}
