{"_local_timestamp": "2026-01-25T23:40:47.177018+00:00", "data": [{"market": "0x1c66ddebd71554a554cbdeeab22baf19898a1c6f8bd50302d7b54e47c4c91106", "asset_id": "100830894412052252126474210679586760999398120653687309086983729387070830149789", "timestamp": "1769384345512", "hash": "3f4ff5e7e9355c0a42f7da365f19b0aa22893793", "bids": [{"price": "0.01", "size": "106325.36"}, {"price": "0.02", "size": "4850"}, {"price": "0.03", "size": "2000"}, {"price": "0.04", "size": "507"}, {"price": "0.05", "size": "2420"}, {"price": "0.06", "size": "650"}, {"price": "0.07", "size": "500"}, {"price": "0.08", "size": "1326"}, {"price": "0.1", "size": "320"}, {"price": "0.11", "size": "405.14"}, {"price": "0.12", "size": "1332"}, {"price": "0.13", "size": "3012.38"}, {"price": "0.15", "size": "373.33"}, {"price": "0.16", "size": "2644"}, {"price": "0.17", "size": "200"}, {"price": "0.18", "size": "133.33"}, {"price": "0.2", "size": "5422"}, {"price": "0.21", "size": "400"}, {"price": "0.22", "size": "1032"}, {"price": "0.24", "size": "150"}, {"price": "0.25", "size": "5"}, {"price": "0.26", "size": "100"}, {"price": "0.28", "size": "100"}, {"price": "0.32", "size": "100"}, {"price": "0.33", "size": "100"}, {"price": "0.34", "size": "100"}, {"price": "0.35", "size": "328.32"}, {"price": "0.4", "size": "220.81"}, {"price": "0.41", "size": "64"}, {"price": "0.47", "size": "2222"}, {"price": "0.48", "size": "675.87"}, {"price": "0.49", "size": "1762.12"}, {"price": "0.5", "size": "12"}], "asks": [{"price": "0.99", "size": "5255.4"}, {"price": "0.98", "size": "1605.01"}, {"price": "0.97", "size": "250"}, {"price": "0.96", "size": "7.03"}, {"price": "0.95", "size": "1720"}, {"price": "0.92", "size": "725"}, {"price": "0.9", "size": "320"}, {"price": "0.89", "size": "1459.12"}, {"price": "0.88", "size": "233.33"}, {"price": "0.87", "size": "3555"}, {"price": "0.85", "size": "173.33"}, {"price": "0.83", "size": "141.17"}, {"price": "0.82", "size": "3629"}, {"price": "0.8", "size": "100"}, {"price": "0.79", "size": "30"}, {"price": "0.75", "size": "943.67"}, {"price": "0.74", "size": "7"}, {"price": "0.69", "size": "600"}, {"price": "0.55", "size": "1010.03"}, {"price": "0.54", "size": "1000"}, {"price": "0.53", "size": "2313.96"}, {"price": "0.52", "size": "2196.17"}, {"price": "0.51", "size": "17.91"}], "event_type": "book", "last_trade_price": "0.490"}, {"market": "0x1c66ddebd71554a554cbdeeab22baf19898a1c6f8bd50302d7b54e47c4c91106", "asset_id": "92604862914280675755527519611659159429468281566727323091522502302684190466316", "timestamp": "1769384345512", "hash": "80ff73d7da9358681a0fd3006191ac8374560282", "bids": [{"price": "0.01", "size": "5255.4"}, {"price": "0.02", "size": "1605.01"}, {"price": "0.03", "size": "250"}, {"price": "0.04", "size": "7.03"}, {"price": "0.05", "size": "1720"}, {"price": "0.08", "size": "725"}, {"price": "0.1", "size": "320"}, {"price": "0.11", "size": "1459.12"}, {"price": "0.12", "size": "233.33"}, {"price": "0.13", "size": "3555"}, {"price": "0.15", "size": "173.33"}, {"price": "0.17", "size": "141.17"}, {"price": "0.18", "size": "3629"}, {"price": "0.2", "size": "100"}, {"price": "0.21", "size": "30"}, {"price": "0.25", "size": "943.67"}, {"price": "0.26", "size": "7"}, {"price": "0.31", "size": "600"}, {"price": "0.45", "size": "1010.03"}, {"price": "0.46", "size": "1000"}, {"price": "0.47", "size": "2313.96"}, {"price": "0.48", "size": "2196.17"}, {"price": "0.49", "size": "17.91"}], "asks": [{"price": "0.99", "size": "106325.36"}, {"price": "0.98", "size": "4850"}, {"price": "0.97", "size": "2000"}, {"price": "0.96", "size": "507"}, {"price": "0.95", "size": "2420"}, {"price": "0.94", "size": "650"}, {"price": "0.93", "size": "500"}, {"price": "0.92", "size": "1326"}, {"price": "0.9", "size": "320"}, {"price": "0.89", "size": "405.14"}, {"price": "0.88", "size": "1332"}, {"price": "0.87", "size": "3012.38"}, {"price": "0.85", "size": "373.33"}, {"price": "0.84", "size": "2644"}, {"price": "0.83", "size": "200"}, {"price": "0.82", "size": "133.33"}, {"price": "0.8", "size": "5422"}, {"price": "0.79", "size": "400"}, {"price": "0.78", "size": "1032"}, {"price": "0.76", "size": "150"}, {"price": "0.75", "size": "5"}, {"price": "0.74", "size": "100"}, {"price": "0.72", "size": "100"}, {"price": "0.68", "size": "100"}, {"price": "0.67", "size": "100"}, {"price": "0.66", "size": "100"}, {"price": "0.65", "size": "328.32"}, {"price": "0.6", "size": "220.81"}, {"price": "0.59", "size": "64"}, {"price": "0.53", "size": "2222"}, {"price": "0.52", "size": "675.87"}, {"price": "0.51", "size": "1762.12"}, {"price": "0.5", "size": "12"}], "event_type": "book", "last_trade_price": "0.490"}]}
{"_local_timestamp": "2026-01-25T23:40:51.064034+00:00", "data": {"market": "0x1c66ddebd71554a554cbdeeab22baf19898a1c6f8bd50302d7b54e47c4c91106", "price_changes": [{"asset_id": "100830894412052252126474210679586760999398120653687309086983729387070830149789", "price": "0.4", "size": "208.81", "side": "BUY", "hash": "6a4f6ef67167aabe3616580e265cbe87387914c9", "best_bid": "0.5", "best_ask": "0.51"}, {"asset_id": "92604862914280675755527519611659159429468281566727323091522502302684190466316", "price": "0.6", "size": "208.81", "side": "SELL", "hash": "a1e75cc15c3b2ed03b9b3e47ff1b5031fe75ba87", "best_bid": "0.49", "best_ask": "0.5"}], "timestamp": "1769384451000", "event_type": "price_change"}}
{"_local_timestamp": "2026-01-25T23:40:51.073229+00:00", "data": {"market": "0x1c66ddebd71554a554cbdeeab22baf19898a1c6f8bd50302d7b54e47c4c91106", "price_changes": [{"asset_id": "100830894412052252126474210679586760999398120653687309086983729387070830149789", "price": "0.2", "size": "5397", "side": "BUY", "hash": "87a0b03abf14787cf27314deefcdd8efbaff0bf3", "best_bid": "0.5", "best_ask": "0.51"}, {"asset_id": "92604862914280675755527519611659159429468281566727323091522502302684190466316", "price": "0.8", "size": "5397", "side": "SELL", "hash": "e355f9d4c3dd5854d84bf563051c0c9a87afd7c0", "best_bid": "0.49", "best_ask": "0.5"}], "timestamp": "1769384451001", "event_type": "price_change"}}
{"_local_timestamp": "2026-01-25T23:40:51.073828+00:00", "data": {"market": "0x1c66ddebd71554a554cbdeeab22baf19898a1c6f8bd50302d7b54e47c4c91106", "price_changes": [{"asset_id": "100830894412052252126474210679586760999398120653687309086983729387070830149789", "price": "0.22", "size": "1008", "side": "BUY", "hash": "9439a6cc8ac1ef4859e8aaff81e323ca37cb02ff", "best_bid": "0.5", "best_ask": "0.51"}, {"asset_id": "92604862914280675755527519611659159429468281566727323091522502302684190466316", "price": "0.78", "size": "1008", "side": "SELL", "hash": "c2b8c8c070ebb78fbd861917d5429a706a481865", "best_bid": "0.49", "best_ask": "0.5"}], "timestamp": "1769384451003", "event_type": "price_change"}}
{"_local_timestamp": "2026-01-25T23:41:14.938370+00:00", "data": {"market": "0x1c66ddebd71554a554cbdeeab22baf19898a1c6f8bd50302d7b54e47c4c91106", "price_changes": [{"asset_id": "100830894412052252126474210679586760999398120653687309086983729387070830149789", "price": "0.4", "size": "220.81", "side": "BUY", "hash": "95668b78bc1427d928f6cab65174cfe4e851ecaa", "best_bid": "0.5", "best_ask": "0.51"}, {"asset_id": "92604862914280675755527519611659159429468281566727323091522502302684190466316", "price": "0.6", "size": "220.81", "side": "SELL", "hash": "e32f3f7a8cd5f8997028054f4b1cefea925480b5", "best_bid": "0.49", "best_ask": "0.5"}], "timestamp": "1769384474717", "event_type": "price_change"}}
{"_local_timestamp": "2026-01-25T23:41:14.956123+00:00", "data": {"market": "0x1c66ddebd71554a554cbdeeab22baf19898a1c6f8bd50302d7b54e47c4c91106", "price_changes": [{"asset_id": "100830894412052252126474210679586760999398120653687309086983729387070830149789", "price": "0.2", "size": "5422", "side": "BUY", "hash": "1a83d4db228e4b0e3cfc2d1c88533a634cd0254b", "best_bid": "0.5", "best_ask": "0.51"}, {"asset_id": "92604862914280675755527519611659159429468281566727323091522502302684190466316", "price": "0.8", "size": "5422", "side": "SELL", "hash": "ce132769be4071db1611646777073d5240d48954", "best_bid": "0.49", "best_ask": "0.5"}], "timestamp": "1769384474718", "event_type": "price_change"}}
{"_local_timestamp": "2026-01-25T23:41:14.957597+00:00", "data": {"market": "0x1c66ddebd71554a554cbdeeab22baf19898a1c6f8bd50302d7b54e47c4c91106", "price_changes": [{"asset_id": "100830894412052252126474210679586760999398120653687309086983729387070830149789", "price": "0.22", "size": "1032", "side": "BUY", "hash": "331ce27b47377972beb9d8c58bf45fba6320177b", "best_bid": "0.5", "best_ask": "0.51"}, {"asset_id": "92604862914280675755527519611659159429468281566727323091522502302684190466316", "price": "0.78", "size": "1032", "side": "SELL", "hash": "182944f68d2e3fbb26df843b5c69c8de9a4e1b34", "best_bid": "0.49", "best_ask": "0.5"}], "timestamp": "1769384474719", "event_type": "price_change"}}
