{"_local_timestamp": "2026-01-25T23:41:15.495575+00:00", "data": [{"market": "0xbab0ac7236f9388eff2059609efd8cfe6eb91c7f886ce91b254034350771a8b3", "asset_id": "62564703288099202201834971991654720645979780774040591683692805361865958415917", "timestamp": "1769381430096", "hash": "b9356c222db7ca19194c49f39df5f3a8883f6435", "bids": [{"price": "0.01", "size": "337.65"}, {"price": "0.02", "size": "13.46"}, {"price": "0.04", "size": "50"}, {"price": "0.05", "size": "100"}], "asks": [{"price": "0.99", "size": "237.82"}, {"price": "0.98", "size": "12.5"}, {"price": "0.96", "size": "50"}, {"price": "0.95", "size": "97.89"}, {"price": "0.93", "size": "200"}, {"price": "0.9", "size": "100"}], "event_type": "book", "last_trade_price": "0.050"}, {"market": "0xcade0ef3a28f60d7bc23ed2d3dd529ebfd775aedc1079d519b70d46b1330d290", "asset_id": "41166551045333836844883761012711145850178057217174564849234065141073020359328", "timestamp": "1769384382274", "hash": "41f8af0a9215862624172d6a7695b97dea939138", "bids": [{"price": "0.01", "size": "190.88"}, {"price": "0.02", "size": "6.28"}, {"price": "0.03", "size": "9.94"}], "asks": [{"price": "0.99", "size": "237.85"}, {"price": "0.98", "size": "10.82"}, {"price": "0.96", "size": "50"}, {"price": "0.95", "size": "100"}, {"price": "0.81", "size": "150"}, {"price": "0.78", "size": "59.09"}, {"price": "0.77", "size": "47.82"}, {"price": "0.5", "size": "4"}], "event_type": "book", "last_trade_price": "0.500"}, {"market": "0xff99c5afc3f1ca96007a29a45fa6116bba3e09d6e38861535845cec136331b82", "asset_id": "103339163805578385231414608675676406969851207360474892101059462508066138270284", "timestamp": "1769383572163", "hash": "86a76b8ed2c2529979ad38def9862ba930728c40", "bids": [{"price": "0.01", "size": "144.6"}, {"price": "0.02", "size": "18.75"}, {"price": "0.03", "size": "14.43"}, {"price": "0.04", "size": "78.86"}, {"price": "0.05", "size": "87.36"}, {"price": "0.06", "size": "100"}, {"price": "0.07", "size": "30"}, {"price": "0.08", "size": "8.88"}], "asks": [{"price": "0.99", "size": "237.93"}, {"price": "0.98", "size": "11.26"}, {"price": "0.96", "size": "50"}, {"price": "0.95", "size": "100"}, {"price": "0.94", "size": "100"}, {"price": "0.73", "size": "150"}, {"price": "0.71", "size": "30"}, {"price": "0.7", "size": "7.69"}], "event_type": "book", "last_trade_price": "0.930"}, {"market": "0xcade0ef3a28f60d7bc23ed2d3dd529ebfd775aedc1079d519b70d46b1330d290", "asset_id": "10881235286310390901476556847580453056471409282928304219284972030880051765496", "timestamp": "1769384382274", "hash": "7cba0188c6eed2f0076961e9f5b22e73985d927d", "bids": [{"price": "0.01", "size": "237.85"}, {"price": "0.02", "size": "10.82"}, {"price": "0.04", "size": "50"}, {"price": "0.05", "size": "100"}, {"price": "0.19", "size": "150"}, {"price": "0.22", "size": "59.09"}, {"price": "0.23", "size": "47.82"}, {"price": "0.5", "size": "4"}], "asks": [{"price": "0.99", "size": "190.88"}, {"price": "0.98", "size": "6.28"}, {"price": "0.97", "size": "9.94"}], "event_type": "book", "last_trade_price": "0.500"}, {"market": "0xff99c5afc3f1ca96007a29a45fa6116bba3e09d6e38861535845cec136331b82", "asset_id": "54962951275692421587872386333959473397382907617480670762619343534373095797027", "timestamp": "1769383572163", "hash": "c0041bcf5310518f8124e34beb763eaea76b0d87", "bids": [{"price": "0.01", "size": "237.93"}, {"price": "0.02", "size": "11.26"}, {"price": "0.04", "size": "50"}, {"price": "0.05", "size": "100"}, {"price": "0.06", "size": "100"}, {"price": "0.27", "size": "150"}, {"price": "0.29", "size": "30"}, {"price": "0.3", "size": "7.69"}], "asks": [{"price": "0.99", "size": "144.6"}, {"price": "0.98", "size": "18.75"}, {"price": "0.97", "size": "14.43"}, {"price": "0.96", "size": "78.86"}, {"price": "0.95", "size": "87.36"}, {"price": "0.94", "size": "100"}, {"price": "0.93", "size": "30"}, {"price": "0.92", "size": "8.88"}], "event_type": "book", "last_trade_price": "0.930"}, {"market": "0x37fff96dba57950c04ed7c021d2fbc688488826115f6ad8055b78d55049d1256", "asset_id": "62619199708840781818147843614566558719383078832006666870483232679400398813477", "timestamp": "1769380255145", "hash": "84d15b4bfda8d4aa1636da93a9f34826d91af664", "bids": [{"price": "0.01", "size": "188.97"}, {"price": "0.02", "size": "12.8"}, {"price": "0.04", "size": "50"}, {"price": "0.05", "size": "80"}, {"price": "0.06", "size": "30"}], "asks": [{"price": "0.99", "size": "237.85"}, {"price": "0.98", "size": "12.48"}, {"price": "0.96", "size": "50"}, {"price": "0.95", "size": "100"}, {"price": "0.94", "size": "150"}, {"price": "0.93", "size": "11.96"}], "event_type": "book", "last_trade_price": "0.090"}, {"market": "0x44fd562d9636f500adb8926554fe8037679fc9709279b58bdc573d35621dfb89", "asset_id": "30205706459675138557800050414082647779491280287226613897723622955195983888651", "timestamp": "1769384245306", "hash": "94c5712931f5a89ebfbc539d3d30709668813584", "bids": [{"price": "0.01", "size": "197.45"}, {"price": "0.02", "size": "140"}], "asks": [{"price": "0.99", "size": "239.46"}, {"price": "0.98", "size": "12.07"}, {"price": "0.97", "size": "66"}, {"price": "0.96", "size": "50"}, {"price": "0.95", "size": "60"}, {"price": "0.84", "size": "200"}, {"price": "0.8", "size": "40"}, {"price": "0.49", "size": "200"}, {"price": "0.46", "size": "100"}], "event_type": "book", "last_trade_price": "0.820"}, {"market": "0x37fff96dba57950c04ed7c021d2fbc688488826115f6ad8055b78d55049d1256", "asset_id": "301142301742483722287031228822411014206004449440378198801866217043418794366", "timestamp": "1769380255145", "hash": "4ae88a162bfd4dd56078d23ef9b4a6c1418be1c5", "bids": [{"price": "0.01", "size": "237.85"}, {"price": "0.02", "size": "12.48"}, {"price": "0.04", "size": "50"}, {"price": "0.05", "size": "100"}, {"price": "0.06", "size": "150"}, {"price": "0.07", "size": "11.96"}], "asks": [{"price": "0.99", "size": "188.97"}, {"price": "0.98", "size": "12.8"}, {"price": "0.96", "size": "50"}, {"price": "0.95", "size": "80"}, {"price": "0.94", "size": "30"}], "event_type": "book", "last_trade_price": "0.090"}, {"market": "0x44fd562d9636f500adb8926554fe8037679fc9709279b58bdc573d35621dfb89", "asset_id": "50189363643346306852060256651465163883908983675793622591750978113950678540406", "timestamp": "1769384245306", "hash": "feb02aa354967f6e7d04e9c5940dad554b1bf200", "bids": [{"price": "0.01", "size": "239.46"}, {"price": "0.02", "size": "12.07"}, {"price": "0.03", "size": "66"}, {"price": "0.04", "size": "50"}, {"price": "0.05", "size": "60"}, {"price": "0.16", "size": "200"}, {"price": "0.2", "size": "40"}, {"price": "0.51", "size": "200"}, {"price": "0.54", "size": "100"}], "asks": [{"price": "0.99", "size": "197.45"}, {"price": "0.98", "size": "140"}], "event_type": "book", "last_trade_price": "0.820"}, {"market": "0xbab0ac7236f9388eff2059609efd8cfe6eb91c7f886ce91b254034350771a8b3", "asset_id": "15860414409517526251073433566747035073606824711005525311367673431678489834853", "timestamp": "1769381430096", "hash": "f04ee215442432b22a585203df4dbbb6a47e27a2", "bids": [{"price": "0.01", "size": "237.82"}, {"price": "0.02", "size": "12.5"}, {"price": "0.04", "size": "50"}, {"price": "0.05", "size": "97.89"}, {"price": "0.07", "size": "200"}, {"price": "0.1", "size": "100"}], "asks": [{"price": "0.99", "size": "337.65"}, {"price": "0.98", "size": "13.46"}, {"price": "0.96", "size": "50"}, {"price": "0.95", "size": "100"}], "event_type": "book", "last_trade_price": "0.050"}]}
