{"_local_timestamp": "2026-01-25T23:41:15.495575+00:00", "data": [{"market": "0xbab0ac7236f9388eff2059609efd8cfe6eb91c7f886ce91b254034350771a8b3", "asset_id": "62564703288099202201834971991654720645979780774040591683692805361865958415917", "timestamp": "1769381430096", "hash": "b9356c222db7ca19194c49f39df5f3a8883f6435", "bids": [{"price": "0.01", "size": "337.65"}, {"price": "0.02", "size": "13.46"}, {"price": "0.04", "size": "50"}, {"price": "0.05", "size": "100"}], "asks": [{"price": "0.99", "size": "237.82"}, {"price": "0.98", "size": "12.5"}, {"price": "0.96", "size": "50"}, {"price": "0.95", "size": "97.89"}, {"price": "0.93", "size": "200"}, {"price": "0.9", "size": "100"}], "event_type": "book", "last_trade_price": "0.050"}, {"market": "0xcade0ef3a28f60d7bc23ed2d3dd529ebfd775aedc1079d519b70d46b1330d290", "asset_id": "41166551045333836844883761012711145850178057217174564849234065141073020359328", "timestamp": "1769384382274", "hash": "41f8af0a9215862624172d6a7695b97dea939138", "bids": [{"price": "0.01", "size": "190.88"}, {"price": "0.02", "size": "6.28"}, {"price": "0.03", "size": "9.94"}], "asks": [{"price": "0.99", "size": "237.85"}, {"price": "0.98", "size": "10.82"}, {"price": "0.96", "size": "50"}, {"price": "0.95", "size": "100"}, {"price": "0.81", "size": "150"}, {"price": "0.78", "size": "59.09"}, {"price": "0.77", "size": "47.82"}, {"price": "0.5", "size": "4"}], "event_type": "book", "last_trade_price": "0.500"}, {"market": "0xff99c5afc3f1ca96007a29a45fa6116bba3e09d6e38861535845cec136331b82", "asset_id": "103339163805578385231414608675676406969851207360474892101059462508066138270284", "timestamp": "1769383572163", "hash": "86a76b8ed2c2529979ad38def9862ba930728c40", "bids": [{"price": "0.01", "size": "144.6"}, {"price": "0.02", "size": "18.75"}, {"price": "0.03", "size": "14.43"}, {"price": "0.04", "size": "78.86"}, {"price": "0.05", "size": "87.36"}, {"price": "0.06", "size": "100"}, {"price": "0.07", "size": "30"}, {"price": "0.08", "size": "8.88"}], "asks": [{"price": "0.99", "size": "237.93"}, {"price": "0.98", "size": "11.26"}, {"price": "0.96", "size": "50"}, {"price": "0.95", "size": "100"}, {"price": "0.94", "size": "100"}, {"price": "0.73", "size": "150"}, {"price": "0.71", "size": "30"}, {"price": "0.7", "size": "7.69"}], "event_type": "book", "last_trade_price": "0.930"}, {"market": "0xcade0ef3a28f60d7bc23ed2d3dd529ebfd775aedc1079d519b70d46b1330d290", "asset_id": "10881235286310390901476556847580453056471409282928304219284972030880051765496", "timestamp": "1769384382274", "hash": "7cba0188c6eed2f0076961e9f5b22e73985d927d", "bids": [{"price": "0.01", "size": "237.85"}, {"price": "0.02", "size": "10.82"}, {"price": "0.04", "size": "50"}, {"price": "0.05", "size": "100"}, {"price": "0.19", "size": "150"}, {"price": "0.22", "size": "59.09"}, {"price": "0.23", "size": "47.82"}, {"price": "0.5", "size": "4"}], "asks": [{"price": "0.99", "size": "190.88"}, {"price": "0.98", "size": "6.28"}, {"price": "0.97", "size": "9.94"}], "event_type": "book", "last_trade_price": "0.500"}, {"market": "0xff99c5afc3f1ca96007a29a45fa6116bba3e09d6e38861535845cec136331b82", "asset_id": "54962951275692421587872386333959473397382907617480670762619343534373095797027", "timestamp": "1769383572163", "hash": "c0041bcf5310518f8124e34beb763eaea76b0d87", "bids": [{"price": "0.01", "size": "237.93"}, {"price": "0.02", "size": "11.26"}, {"price": "0.04", "size": "50"}, {"price": "0.05", "size": "100"}, {"price": "0.06", "size": "100"}, {"price": "0.27", "size": "150"}, {"price": "0.29", "size": "30"}, {"price": "0.3", "size": "7.69"}], "asks": [{"price": "0.99", "size": "144.6"}, {"price": "0.98", "size": "18.75"}, {"price": "0.97", "size": "14.43"}, {"price": "0.96", "size": "78.86"}, {"price": "0.95", "size": "87.36"}, {"price": "0.94", "size": "100"}, {"price": "0.93", "size": "30"}, {"price": "0.92", "size": "8.88"}], "event_type": "book", "last_trade_price": "0.930"}, {"market": "0x37fff96dba57950c04ed7c021d2fbc688488826115f6ad8055b78d55049d1256", "asset_id": "62619199708840781818147843614566558719383078832006666870483232679400398813477", "timestamp": "1769380255145", "hash": "84d15b4bfda8d4aa1636da93a9f34826d91af664", "bids": [{"price": "0.01", "size": "188.97"}, {"price": "0.02", "size": "12.8"}, {"price": "0.04", "size": "50"}, {"price": "0.05", "size": "80"}, {"price": "0.06", "size": "30"}], "asks": [{"price": "0.99", "size": "237.85"}, {"price": "0.98", "size": "12.48"}, {"price": "0.96", "size": "50"}, {"price": "0.95", "size": "100"}, {"price": "0.94", "size": "150"}, {"price": "0.93", "size": "11.96"}], "event_type": "book", "last_trade_price": "0.090"}, {"market": "0x44fd562d9636f500adb8926554fe8037679fc9709279b58bdc573d35621dfb89", "asset_id": "30205706459675138557800050414082647779491280287226613897723622955195983888651", "timestamp": "1769384245306", "hash": "94c5712931f5a89ebfbc539d3d30709668813584", "bids": [{"price": "0.01", "size": "197.45"}, {"price": "0.02", "size": "140"}], "asks": [{"price": "0.99", "size": "239.46"}, {"price": "0.98", "size": "12.07"}, {"price": "0.97", "size": "66"}, {"price": "0.96", "size": "50"}, {"price": "0.95", "size": "60"}, {"price": "0.84", "size": "200"}, {"price": "0.8", "size": "40"}, {"price": "0.49", "size": "200"}, {"price": "0.46", "size": "100"}], "event_type": "book", "last_trade_price": "0.820"}, {"market": "0x37fff96dba57950c04ed7c021d2fbc688488826115f6ad8055b78d55049d1256", "asset_id": "301142301742483722287031228822411014206004449440378198801866217043418794366", "timestamp": "1769380255145", "hash": "4ae88a162bfd4dd56078d23ef9b4a6c1418be1c5", "bids": [{"price": "0.01", "size": "237.85"}, {"price": "0.02", "size": "12.48"}, {"price": "0.04", "size": "50"}, {"price": "0.05", "size": "100"}, {"price": "0.06", "size": "150"}, {"price": "0.07", "size": "11.96"}], "asks": [{"price": "0.99", "size": "188.97"}, {"price": "0.98", "size": "12.8"}, {"price": "0.96", "size": "50"}, {"price": "0.95", "size": "80"}, {"price": "0.94", "size": "30"}], "event_type": "book", "last_trade_price": "0.090"}, {"market": "0x44fd562d9636f500adb8926554fe8037679fc9709279b58bdc573d35621dfb89", "asset_id": "50189363643346306852060256651465163883908983675793622591750978113950678540406", "timestamp": "1769384245306", "hash": "feb02aa354967f6e7d04e9c5940dad554b1bf200", "bids": [{"price": "0.01", "size": "239.46"}, {"price": "0.02", "size": "12.07"}, {"price": "0.03", "size": "66"}, {"price": "0.04", "size": "50"}, {"price": "0.05", "size": "60"}, {"price": "0.16", "size": "200"}, {"price": "0.2", "size": "40"}, {"price": "0.51", "size": "200"}, {"price": "0.54", "size": "100"}], "asks": [{"price": "0.99", "size": "197.45"}, {"price": "0.98", "size": "140"}], "event_type": "book", "last_trade_price": "0.820"}, {"market": "0xbab0ac7236f9388eff2059609efd8cfe6eb91c7f886ce91b254034350771a8b3", "asset_id": "15860414409517526251073433566747035073606824711005525311367673431678489834853", "timestamp": "1769381430096", "hash": "f04ee215442432b22a585203df4dbbb6a47e27a2", "bids": [{"price": "0.01", "size": "237.82"}, {"price": "0.02", "size": "12.5"}, {"price": "0.04", "size": "50"}, {"price": "0.05", "size": "97.89"}, {"price": "0.07", "size": "200"}, {"price": "0.1", "size": "100"}], "asks": [{"price": "0.99", "size": "337.65"}, {"price": "0.98", "size": "13.46"}, {"price": "0.96", "size": "50"}, {"price": "0.95", "size": "100"}], "event_type": "book", "last_trade_price": "0.050"}]}
{"_local_timestamp": "2026-01-25T23:41:47.301559+00:00", "data": {"market": "0xbab0ac7236f9388eff2059609efd8cfe6eb91c7f886ce91b254034350771a8b3", "price_changes": [{"asset_id": "15860414409517526251073433566747035073606824711005525311367673431678489834853", "price": "0.02", "size": "0", "side": "BUY", "hash": "e912f50cbd9d5763ea13bd2621ad3fa1fdae51d9", "best_bid": "0.1", "best_ask": "0.95"}, {"asset_id": "62564703288099202201834971991654720645979780774040591683692805361865958415917", "price": "0.98", "size": "0", "side": "SELL", "hash": "e82bc8d3d6b18455913ef9d313e6e245f34b657b", "best_bid": "0.05", "best_ask": "0.9"}], "timestamp": "1769384507236", "event_type": "price_change"}}
{"_local_timestamp": "2026-01-25T23:41:48.301051+00:00", "data": {"market": "0xbab0ac7236f9388eff2059609efd8cfe6eb91c7f886ce91b254034350771a8b3", "price_changes": [{"asset_id": "15860414409517526251073433566747035073606824711005525311367673431678489834853", "price": "0.02", "size": "10.78", "side": "BUY", "hash": "b094288e94ee404fe9191a57c4cd0e0da74b9ab0", "best_bid": "0.1", "best_ask": "0.95"}, {"asset_id": "62564703288099202201834971991654720645979780774040591683692805361865958415917", "price": "0.98", "size": "10.78", "side": "SELL", "hash": "11dc6927f5cf53dae6c94e2978935d5df9b902c5", "best_bid": "0.05", "best_ask": "0.9"}], "timestamp": "1769384508237", "event_type": "price_change"}}
{"_local_timestamp": "2026-01-25T23:41:48.651787+00:00", "data": {"market": "0x37fff96dba57950c04ed7c021d2fbc688488826115f6ad8055b78d55049d1256", "price_changes": [{"asset_id": "301142301742483722287031228822411014206004449440378198801866217043418794366", "price": "0.02", "size": "0", "side": "BUY", "hash": "c21a10ab2af96d8a0aadcdb812e4e0d15e6c1cc1", "best_bid": "0.07", "best_ask": "0.94"}, {"asset_id": "62619199708840781818147843614566558719383078832006666870483232679400398813477", "price": "0.98", "size": "0", "side": "SELL", "hash": "c40d86e95a2600306e3c22da9c578842f290b14a", "best_bid": "0.06", "best_ask": "0.93"}], "timestamp": "1769384508579", "event_type": "price_change"}}
{"_local_timestamp": "2026-01-25T23:41:48.661326+00:00", "data": {"market": "0xbab0ac7236f9388eff2059609efd8cfe6eb91c7f886ce91b254034350771a8b3", "price_changes": [{"asset_id": "62564703288099202201834971991654720645979780774040591683692805361865958415917", "price": "0.02", "size": "0", "side": "BUY", "hash": "ad69803fc47c54c17979dc001047907a4fd2fd80", "best_bid": "0.05", "best_ask": "0.9"}, {"asset_id": "15860414409517526251073433566747035073606824711005525311367673431678489834853", "price": "0.98", "size": "0", "side": "SELL", "hash": "4c03acb392ef9dab046ff467ee791ca795ca1925", "best_bid": "0.1", "best_ask": "0.95"}], "timestamp": "1769384508580", "event_type": "price_change"}}
{"_local_timestamp": "2026-01-25T23:41:49.422975+00:00", "data": {"market": "0x37fff96dba57950c04ed7c021d2fbc688488826115f6ad8055b78d55049d1256", "price_changes": [{"asset_id": "62619199708840781818147843614566558719383078832006666870483232679400398813477", "price": "0.02", "size": "0", "side": "BUY", "hash": "052cefd9f94a51cb6293d6b08669c24be230225c", "best_bid": "0.06", "best_ask": "0.93"}, {"asset_id": "301142301742483722287031228822411014206004449440378198801866217043418794366", "price": "0.98", "size": "0", "side": "SELL", "hash": "bdcb9776a211beef74ef5ad146cb4defc3b12121", "best_bid": "0.07", "best_ask": "0.94"}], "timestamp": "1769384509347", "event_type": "price_change"}}
{"_local_timestamp": "2026-01-25T23:41:49.926405+00:00", "data": {"market": "0x37fff96dba57950c04ed7c021d2fbc688488826115f6ad8055b78d55049d1256", "price_changes": [{"asset_id": "301142301742483722287031228822411014206004449440378198801866217043418794366", "price": "0.02", "size": "10.77", "side": "BUY", "hash": "68b207cf1fec9fb88d872e4f13bcecc5ca33c11e", "best_bid": "0.07", "best_ask": "0.94"}, {"asset_id": "62619199708840781818147843614566558719383078832006666870483232679400398813477", "price": "0.98", "size": "10.77", "side": "SELL", "hash": "1b65827fbf5310d9a49a8cdcf1d525c72d8b4493", "best_bid": "0.06", "best_ask": "0.93"}], "timestamp": "1769384509844", "event_type": "price_change"}}
{"_local_timestamp": "2026-01-25T23:41:49.934651+00:00", "data": {"market": "0xbab0ac7236f9388eff2059609efd8cfe6eb91c7f886ce91b254034350771a8b3", "price_changes": [{"asset_id": "62564703288099202201834971991654720645979780774040591683692805361865958415917", "price": "0.02", "size": "10.87", "side": "BUY", "hash": "2d43cf88643ff46d11d7f0c12a5a823e3ff739c9", "best_bid": "0.05", "best_ask": "0.9"}, {"asset_id": "15860414409517526251073433566747035073606824711005525311367673431678489834853", "price": "0.98", "size": "10.87", "side": "SELL", "hash": "7eb7c0374c59eb93b2c1ab8e6929a136cae74762", "best_bid": "0.1", "best_ask": "0.95"}], "timestamp": "1769384509844", "event_type": "price_change"}}
{"_local_timestamp": "2026-01-25T23:41:52.393686+00:00", "data": {"market": "0x37fff96dba57950c04ed7c021d2fbc688488826115f6ad8055b78d55049d1256", "price_changes": [{"asset_id": "62619199708840781818147843614566558719383078832006666870483232679400398813477", "price": "0.02", "size": "10.21", "side": "BUY", "hash": "61d1394921bf30180647a7dd014a3c46c641b4c7", "best_bid": "0.06", "best_ask": "0.93"}, {"asset_id": "301142301742483722287031228822411014206004449440378198801866217043418794366", "price": "0.98", "size": "10.21", "side": "SELL", "hash": "1b8a4421731da08b82e7e157cdff28d2b7c6957d", "best_bid": "0.07", "best_ask": "0.94"}], "timestamp": "1769384512321", "event_type": "price_change"}}
{"_local_timestamp": "2026-01-25T23:42:04.215075+00:00", "data": {"market": "0x44fd562d9636f500adb8926554fe8037679fc9709279b58bdc573d35621dfb89", "price_changes": [{"asset_id": "30205706459675138557800050414082647779491280287226613897723622955195983888651", "price": "0.01", "size": "180", "side": "BUY", "hash": "52ffcd56a8643a2647275aff1a5570c2a37e3537", "best_bid": "0.02", "best_ask": "0.46"}, {"asset_id": "50189363643346306852060256651465163883908983675793622591750978113950678540406", "price": "0.99", "size": "180", "side": "SELL", "hash": "46823a1afe62a7571bc924ae15fa0773ce3aa471", "best_bid": "0.54", "best_ask": "0.98"}], "timestamp": "1769384524118", "event_type": "price_change"}}
{"_local_timestamp": "2026-01-25T23:42:07.011745+00:00", "data": {"market": "0x44fd562d9636f500adb8926554fe8037679fc9709279b58bdc573d35621dfb89", "price_changes": [{"asset_id": "30205706459675138557800050414082647779491280287226613897723622955195983888651", "price": "0.01", "size": "197.32", "side": "BUY", "hash": "bb631d3d590a5287b2042b229a1449855f89d6e2", "best_bid": "0.02", "best_ask": "0.46"}, {"asset_id": "50189363643346306852060256651465163883908983675793622591750978113950678540406", "price": "0.99", "size": "197.32", "side": "SELL", "hash": "8afcff8d3053779b019dc2efa9e2fc1520012a1f", "best_bid": "0.54", "best_ask": "0.98"}], "timestamp": "1769384526947", "event_type": "price_change"}}
{"_local_timestamp": "2026-01-25T23:44:01.025830+00:00", "data": {"market": "0x44fd562d9636f500adb8926554fe8037679fc9709279b58bdc573d35621dfb89", "price_changes": [{"asset_id": "50189363643346306852060256651465163883908983675793622591750978113950678540406", "price": "0.02", "size": "5.2", "side": "BUY", "hash": "6b94c13d6ba25e2e26ca01ed49f2c8fc5b599ecf", "best_bid": "0.54", "best_ask": "0.98"}, {"asset_id": "30205706459675138557800050414082647779491280287226613897723622955195983888651", "price": "0.98", "size": "5.2", "side": "SELL", "hash": "c2958e7e54d1f919b005bd55ce985dfc4bffba07", "best_bid": "0.02", "best_ask": "0.46"}], "timestamp": "1769384640778", "event_type": "price_change"}}
{"_local_timestamp": "2026-01-25T23:44:03.035159+00:00", "data": {"market": "0x44fd562d9636f500adb8926554fe8037679fc9709279b58bdc573d35621dfb89", "price_changes": [{"asset_id": "50189363643346306852060256651465163883908983675793622591750978113950678540406", "price": "0.01", "size": "248.88", "side": "BUY", "hash": "0d61039202bd1dc542ade8cc0d890a92e41f888e", "best_bid": "0.54", "best_ask": "0.98"}, {"asset_id": "30205706459675138557800050414082647779491280287226613897723622955195983888651", "price": "0.99", "size": "248.88", "side": "SELL", "hash": "05ab39a36364571191cab42832914d091cb01eff", "best_bid": "0.02", "best_ask": "0.46"}], "timestamp": "1769384642755", "event_type": "price_change"}}
{"_local_timestamp": "2026-01-25T23:44:06.468582+00:00", "data": {"market": "0x44fd562d9636f500adb8926554fe8037679fc9709279b58bdc573d35621dfb89", "price_changes": [{"asset_id": "30205706459675138557800050414082647779491280287226613897723622955195983888651", "price": "0.01", "size": "180", "side": "BUY", "hash": "74f98098dccadde0cf6438b423e0363e437513b0", "best_bid": "0.02", "best_ask": "0.46"}, {"asset_id": "50189363643346306852060256651465163883908983675793622591750978113950678540406", "price": "0.99", "size": "180", "side": "SELL", "hash": "bbf6e6dad87d89f1ff68367f19adbce0c19aee92", "best_bid": "0.54", "best_ask": "0.98"}], "timestamp": "1769384646190", "event_type": "price_change"}}
{"_local_timestamp": "2026-01-25T23:44:06.832343+00:00", "data": {"market": "0x44fd562d9636f500adb8926554fe8037679fc9709279b58bdc573d35621dfb89", "price_changes": [{"asset_id": "30205706459675138557800050414082647779491280287226613897723622955195983888651", "price": "0.01", "size": "197.26", "side": "BUY", "hash": "65454a9fa6d2541cc326f4d4073d3f033312db9a", "best_bid": "0.02", "best_ask": "0.46"}, {"asset_id": "50189363643346306852060256651465163883908983675793622591750978113950678540406", "price": "0.99", "size": "197.26", "side": "SELL", "hash": "f3624513bcb5bbe35869373bf480ffab0004e1fd", "best_bid": "0.54", "best_ask": "0.98"}], "timestamp": "1769384646574", "event_type": "price_change"}}
{"_local_timestamp": "2026-01-25T23:45:02.808481+00:00", "data": {"market": "0x44fd562d9636f500adb8926554fe8037679fc9709279b58bdc573d35621dfb89", "price_changes": [{"asset_id": "50189363643346306852060256651465163883908983675793622591750978113950678540406", "price": "0.01", "size": "239.42", "side": "BUY", "hash": "84df4aff5e1c6e212cc90c6694110b42e6f639c1", "best_bid": "0.54", "best_ask": "0.98"}, {"asset_id": "30205706459675138557800050414082647779491280287226613897723622955195983888651", "price": "0.99", "size": "239.42", "side": "SELL", "hash": "c240e74acc4d4ba53c1df6f24b3c23569f9f315b", "best_bid": "0.02", "best_ask": "0.46"}], "timestamp": "1769384702739", "event_type": "price_change"}}
{"_local_timestamp": "2026-01-25T23:45:03.106883+00:00", "data": {"market": "0x44fd562d9636f500adb8926554fe8037679fc9709279b58bdc573d35621dfb89", "price_changes": [{"asset_id": "50189363643346306852060256651465163883908983675793622591750978113950678540406", "price": "0.01", "size": "248.83", "side": "BUY", "hash": "40512f896e7ec0c1f4a9729d414b42fbbe84ffd7", "best_bid": "0.54", "best_ask": "0.98"}, {"asset_id": "30205706459675138557800050414082647779491280287226613897723622955195983888651", "price": "0.99", "size": "248.83", "side": "SELL", "hash": "2a5763f46b156fcb1a4c5a2dce29193cd6f8fc36", "best_bid": "0.02", "best_ask": "0.46"}], "timestamp": "1769384703037", "event_type": "price_change"}}
{"_local_timestamp": "2026-01-25T23:45:07.268817+00:00", "data": {"market": "0x44fd562d9636f500adb8926554fe8037679fc9709279b58bdc573d35621dfb89", "price_changes": [{"asset_id": "30205706459675138557800050414082647779491280287226613897723622955195983888651", "price": "0.01", "size": "180", "side": "BUY", "hash": "1462d9f37908845738fb337d2a755a04f986e534", "best_bid": "0.02", "best_ask": "0.46"}, {"asset_id": "50189363643346306852060256651465163883908983675793622591750978113950678540406", "price": "0.99", "size": "180", "side": "SELL", "hash": "26263d7490e6fe60a5da7b76260737a9f79ed181", "best_bid": "0.54", "best_ask": "0.98"}], "timestamp": "1769384707198", "event_type": "price_change"}}
{"_local_timestamp": "2026-01-25T23:45:07.620531+00:00", "data": {"market": "0x44fd562d9636f500adb8926554fe8037679fc9709279b58bdc573d35621dfb89", "price_changes": [{"asset_id": "30205706459675138557800050414082647779491280287226613897723622955195983888651", "price": "0.01", "size": "197.23", "side": "BUY", "hash": "6ede09df63ab5784a8a1c8d6597e0b021a0357b7", "best_bid": "0.02", "best_ask": "0.46"}, {"asset_id": "50189363643346306852060256651465163883908983675793622591750978113950678540406", "price": "0.99", "size": "197.23", "side": "SELL", "hash": "c33296c52dbf74266673e8e36272ef0a21672a16", "best_bid": "0.54", "best_ask": "0.98"}], "timestamp": "1769384707547", "event_type": "price_change"}}
{"_local_timestamp": "2026-01-25T23:45:54.820928+00:00", "data": {"market": "0x44fd562d9636f500adb8926554fe8037679fc9709279b58bdc573d35621dfb89", "price_changes": [{"asset_id": "50189363643346306852060256651465163883908983675793622591750978113950678540406", "price": "0.01", "size": "239.41", "side": "BUY", "hash": "51c1009b81aea042c278a7af50220d83eda255a7", "best_bid": "0.54", "best_ask": "0.98"}, {"asset_id": "30205706459675138557800050414082647779491280287226613897723622955195983888651", "price": "0.99", "size": "239.41", "side": "SELL", "hash": "34c57d05cc17479271c3f5397ebbd6e6592c9e12", "best_bid": "0.02", "best_ask": "0.46"}], "timestamp": "1769384754756", "event_type": "price_change"}}
{"_local_timestamp": "2026-01-25T23:45:55.168476+00:00", "data": {"market": "0x44fd562d9636f500adb8926554fe8037679fc9709279b58bdc573d35621dfb89", "price_changes": [{"asset_id": "50189363643346306852060256651465163883908983675793622591750978113950678540406", "price": "0.01", "size": "248.79", "side": "BUY", "hash": "c446e4b238f649f6d2267e58d64a00d3d43d1def", "best_bid": "0.54", "best_ask": "0.98"}, {"asset_id": "30205706459675138557800050414082647779491280287226613897723622955195983888651", "price": "0.99", "size": "248.79", "side": "SELL", "hash": "0f036b8518483b8c822339b3455e5f2d8111c385", "best_bid": "0.02", "best_ask": "0.46"}], "timestamp": "1769384755093", "event_type": "price_change"}}
{"_local_timestamp": "2026-01-25T23:45:57.089440+00:00", "data": {"market": "0x44fd562d9636f500adb8926554fe8037679fc9709279b58bdc573d35621dfb89", "price_changes": [{"asset_id": "30205706459675138557800050414082647779491280287226613897723622955195983888651", "price": "0.01", "size": "180", "side": "BUY", "hash": "893434e651b22a12cf6a0fabfe013765a64df74e", "best_bid": "0.02", "best_ask": "0.46"}, {"asset_id": "50189363643346306852060256651465163883908983675793622591750978113950678540406", "price": "0.99", "size": "180", "side": "SELL", "hash": "68a08f7c8a7f01d3861eb9ffb994135c8bb2cfb2", "best_bid": "0.54", "best_ask": "0.98"}], "timestamp": "1769384756547", "event_type": "price_change"}}
{"_local_timestamp": "2026-01-25T23:45:57.315369+00:00", "data": {"market": "0x44fd562d9636f500adb8926554fe8037679fc9709279b58bdc573d35621dfb89", "price_changes": [{"asset_id": "30205706459675138557800050414082647779491280287226613897723622955195983888651", "price": "0.01", "size": "197.21", "side": "BUY", "hash": "623db27346ba10e76381f2587c6f2473dfd911c3", "best_bid": "0.02", "best_ask": "0.46"}, {"asset_id": "50189363643346306852060256651465163883908983675793622591750978113950678540406", "price": "0.99", "size": "197.21", "side": "SELL", "hash": "674db2e299dc84d406d96001f1f1f903d4737594", "best_bid": "0.54", "best_ask": "0.98"}], "timestamp": "1769384757014", "event_type": "price_change"}}
