{"_local_timestamp": "2026-01-25T23:33:17.189778+00:00", "data": [{"market": "0x1afd194d763de2bd7abda05e00e517ad0d85b1bb12339dcbe05ccd8b5e0de0de", "asset_id": "101719154660517380687612365015835668227884146293605413205809626106808355686977", "timestamp": "1769383996638", "hash": "93a4ba886b493baec99e766dac170b6440c4b73e", "bids": [{"price": "0.001", "size": "103574.38"}, {"price": "0.002", "size": "1250"}, {"price": "0.003", "size": "30.01"}, {"price": "0.01", "size": "2033"}, {"price": "0.011", "size": "55555"}, {"price": "0.02", "size": "1800"}, {"price": "0.021", "size": "11.79"}, {"price": "0.052", "size": "1000"}, {"price": "0.08", "size": "100"}, {"price": "0.081", "size": "300"}, {"price": "0.082", "size": "10007.94"}, {"price": "0.14", "size": "50"}, {"price": "0.2", "size": "200"}, {"price": "0.201", "size": "176"}, {"price": "0.27", "size": "200"}, {"price": "0.34", "size": "100"}, {"price": "0.5", "size": "1800"}, {"price": "0.501", "size": "1500"}, {"price": "0.523", "size": "228"}, {"price": "0.524", "size": "201"}, {"price": "0.701", "size": "30"}, {"price": "0.722", "size": "7.22"}, {"price": "0.923", "size": "200"}, {"price": "0.978", "size": "29"}, {"price": "0.979", "size": "45.72"}, {"price": "0.985", "size": "216"}, {"price": "0.986", "size": "144"}, {"price": "0.999", "size": "69344.28"}], "asks": [], "event_type": "book", "last_trade_price": "0.999"}, {"market": "0xbbd9bf0e135638e608261797209989d4ced475ece27ecd2ffb15cd86ee4cfdaf", "asset_id": "80872438868793615237228308780768590880032317078663006772180513665812976567434", "timestamp": "1769383996702", "hash": "43893efeb0e2e50fb8d9fd56347f95affc4f0c95", "bids": [{"price": "0.001", "size": "101337.35"}, {"price": "0.002", "size": "36.86"}, {"price": "0.01", "size": "2033"}, {"price": "0.011", "size": "55555"}, {"price": "0.012", "size": "6.64"}, {"price": "0.02", "size": "1800"}, {"price": "0.021", "size": "10.4"}, {"price": "0.05", "size": "10"}, {"price": "0.052", "size": "11009.94"}, {"price": "0.08", "size": "100"}, {"price": "0.082", "size": "300"}, {"price": "0.14", "size": "50"}, {"price": "0.141", "size": "7.82"}, {"price": "0.2", "size": "200"}, {"price": "0.201", "size": "176"}, {"price": "0.27", "size": "200"}, {"price": "0.28", "size": "7"}, {"price": "0.3", "size": "33.33"}, {"price": "0.34", "size": "100"}, {"price": "0.341", "size": "200.41"}, {"price": "0.59", "size": "70"}, {"price": "0.591", "size": "62"}, {"price": "0.78", "size": "68"}, {"price": "0.8", "size": "81.59"}, {"price": "0.99", "size": "26282.37"}, {"price": "0.991", "size": "144"}, {"price": "0.998", "size": "1934.01"}, {"price": "0.999", "size": "36035.64"}], "asks": [], "event_type": "book", "last_trade_price": "0.999"}, {"market": "0x1afd194d763de2bd7abda05e00e517ad0d85b1bb12339dcbe05ccd8b5e0de0de", "asset_id": "12535614914084285997184767785923318454161071933642366975151945930020373370140", "timestamp": "1769383996638", "hash": "8c536f75122115d799d01196597235b25dd8dccd", "bids": [], "asks": [{"price": "0.999", "size": "103574.38"}, {"price": "0.998", "size": "1250"}, {"price": "0.997", "size": "30.01"}, {"price": "0.99", "size": "2033"}, {"price": "0.989", "size": "55555"}, {"price": "0.98", "size": "1800"}, {"price": "0.979", "size": "11.79"}, {"price": "0.948", "size": "1000"}, {"price": "0.92", "size": "100"}, {"price": "0.919", "size": "300"}, {"price": "0.918", "size": "10007.94"}, {"price": "0.86", "size": "50"}, {"price": "0.8", "size": "200"}, {"price": "0.799", "size": "176"}, {"price": "0.73", "size": "200"}, {"price": "0.66", "size": "100"}, {"price": "0.5", "size": "1800"}, {"price": "0.499", "size": "1500"}, {"price": "0.477", "size": "228"}, {"price": "0.476", "size": "201"}, {"price": "0.299", "size": "30"}, {"price": "0.278", "size": "7.22"}, {"price": "0.077", "size": "200"}, {"price": "0.022", "size": "29"}, {"price": "0.021", "size": "45.72"}, {"price": "0.015", "size": "216"}, {"price": "0.014", "size": "144"}, {"price": "0.001", "size": "69344.28"}], "event_type": "book", "last_trade_price": "0.999"}, {"market": "0xbbd9bf0e135638e608261797209989d4ced475ece27ecd2ffb15cd86ee4cfdaf", "asset_id": "109557101997166065622834016092196577926689669348753952742467294284334555023005", "timestamp": "1769383996702", "hash": "095a1b19a36c56686a2dc1f63ae537f6ad507715", "bids": [], "asks": [{"price": "0.999", "size": "101337.35"}, {"price": "0.998", "size": "36.86"}, {"price": "0.99", "size": "2033"}, {"price": "0.989", "size": "55555"}, {"price": "0.988", "size": "6.64"}, {"price": "0.98", "size": "1800"}, {"price": "0.979", "size": "10.4"}, {"price": "0.95", "size": "10"}, {"price": "0.948", "size": "11009.94"}, {"price": "0.92", "size": "100"}, {"price": "0.918", "size": "300"}, {"price": "0.86", "size": "50"}, {"price": "0.859", "size": "7.82"}, {"price": "0.8", "size": "200"}, {"price": "0.799", "size": "176"}, {"price": "0.73", "size": "200"}, {"price": "0.72", "size": "7"}, {"price": "0.7", "size": "33.33"}, {"price": "0.66", "size": "100"}, {"price": "0.659", "size": "200.41"}, {"price": "0.41", "size": "70"}, {"price": "0.409", "size": "62"}, {"price": "0.22", "size": "68"}, {"price": "0.2", "size": "81.59"}, {"price": "0.01", "size": "26282.37"}, {"price": "0.009", "size": "144"}, {"price": "0.002", "size": "1934.01"}, {"price": "0.001", "size": "36035.64"}], "event_type": "book", "last_trade_price": "0.999"}]}
{"_local_timestamp": "2026-01-25T23:33:17.759598+00:00", "data": {"market": "0xbbd9bf0e135638e608261797209989d4ced475ece27ecd2ffb15cd86ee4cfdaf", "price_changes": [{"asset_id": "80872438868793615237228308780768590880032317078663006772180513665812976567434", "price": "0.998", "size": "0", "side": "BUY", "hash": "cb17d0c56534e1231bf88e4b3a65b892841f3a71", "best_bid": "0.999", "best_ask": "1"}, {"asset_id": "109557101997166065622834016092196577926689669348753952742467294284334555023005", "price": "0.002", "size": "0", "side": "SELL", "hash": "4ba33342933357cd3853d0178cbe122bf97a28f3", "best_bid": "0", "best_ask": "0.001"}], "timestamp": "1769383997681", "event_type": "price_change"}}
{"_local_timestamp": "2026-01-25T23:33:17.861614+00:00", "data": {"market": "0xbbd9bf0e135638e608261797209989d4ced475ece27ecd2ffb15cd86ee4cfdaf", "price_changes": [{"asset_id": "80872438868793615237228308780768590880032317078663006772180513665812976567434", "price": "0.998", "size": "1934.01", "side": "BUY", "hash": "e449e4fe7d617198db5af018b89da6e6bf9f37be", "best_bid": "0.999", "best_ask": "1"}, {"asset_id": "109557101997166065622834016092196577926689669348753952742467294284334555023005", "price": "0.002", "size": "1934.01", "side": "SELL", "hash": "5c2e77291b68fde460e0f0d14f4c813831990bff", "best_bid": "0", "best_ask": "0.001"}], "timestamp": "1769383997781", "event_type": "price_change"}}
{"_local_timestamp": "2026-01-25T23:33:19.353927+00:00", "data": {"market": "0xbbd9bf0e135638e608261797209989d4ced475ece27ecd2ffb15cd86ee4cfdaf", "price_changes": [{"asset_id": "80872438868793615237228308780768590880032317078663006772180513665812976567434", "price": "0.998", "size": "0", "side": "BUY", "hash": "71a3956220c52987313ccdad400f841e1afa95b8", "best_bid": "0.999", "best_ask": "1"}, {"asset_id": "109557101997166065622834016092196577926689669348753952742467294284334555023005", "price": "0.002", "size": "0", "side": "SELL", "hash": "272a093cf06de3eff3ed2e7472598a360a46e1b9", "best_bid": "0", "best_ask": "0.001"}], "timestamp": "1769383999286", "event_type": "price_change"}}
{"_local_timestamp": "2026-01-25T23:33:19.430251+00:00", "data": {"market": "0xbbd9bf0e135638e608261797209989d4ced475ece27ecd2ffb15cd86ee4cfdaf", "price_changes": [{"asset_id": "80872438868793615237228308780768590880032317078663006772180513665812976567434", "price": "0.998", "size": "1849.1", "side": "BUY", "hash": "790976d5a1561f10c5bd4dcd987665ec4e9a65bc", "best_bid": "0.999", "best_ask": "1"}, {"asset_id": "109557101997166065622834016092196577926689669348753952742467294284334555023005", "price": "0.002", "size": "1849.1", "side": "SELL", "hash": "eb7c6f064fdc88d4fc0d9215336522250089681a", "best_bid": "0", "best_ask": "0.001"}], "timestamp": "1769383999361", "event_type": "price_change"}}
{"_local_timestamp": "2026-01-25T23:33:20.297475+00:00", "data": {"market": "0xbbd9bf0e135638e608261797209989d4ced475ece27ecd2ffb15cd86ee4cfdaf", "price_changes": [{"asset_id": "80872438868793615237228308780768590880032317078663006772180513665812976567434", "price": "0.998", "size": "0", "side": "BUY", "hash": "35db79e89cae9591c23a4e43275d09bb97e29c9b", "best_bid": "0.999", "best_ask": "1"}, {"asset_id": "109557101997166065622834016092196577926689669348753952742467294284334555023005", "price": "0.002", "size": "0", "side": "SELL", "hash": "faf85cbe310da709f5c807662f265bbd715e6695", "best_bid": "0", "best_ask": "0.001"}], "timestamp": "1769384000225", "event_type": "price_change"}}
{"_local_timestamp": "2026-01-25T23:33:20.438702+00:00", "data": {"market": "0xbbd9bf0e135638e608261797209989d4ced475ece27ecd2ffb15cd86ee4cfdaf", "price_changes": [{"asset_id": "80872438868793615237228308780768590880032317078663006772180513665812976567434", "price": "0.998", "size": "1849.1", "side": "BUY", "hash": "c283cf84e3e388c7be9575c00175622b73d55ac9", "best_bid": "0.999", "best_ask": "1"}, {"asset_id": "109557101997166065622834016092196577926689669348753952742467294284334555023005", "price": "0.002", "size": "1849.1", "side": "SELL", "hash": "ccb69e3b91dd434d924614b64c506f09d3721f8d", "best_bid": "0", "best_ask": "0.001"}], "timestamp": "1769384000367", "event_type": "price_change"}}
{"_local_timestamp": "2026-01-25T23:33:20.759809+00:00", "data": {"market": "0xbbd9bf0e135638e608261797209989d4ced475ece27ecd2ffb15cd86ee4cfdaf", "price_changes": [{"asset_id": "80872438868793615237228308780768590880032317078663006772180513665812976567434", "price": "0.998", "size": "0", "side": "BUY", "hash": "efdbf94bca3a93e8097f552ff50c71868bcdefde", "best_bid": "0.999", "best_ask": "1"}, {"asset_id": "109557101997166065622834016092196577926689669348753952742467294284334555023005", "price": "0.002", "size": "0", "side": "SELL", "hash": "63310b0588ff0b3976cb680449c0128d1da32ca5", "best_bid": "0", "best_ask": "0.001"}], "timestamp": "1769384000687", "event_type": "price_change"}}
{"_local_timestamp": "2026-01-25T23:33:20.843299+00:00", "data": {"market": "0xbbd9bf0e135638e608261797209989d4ced475ece27ecd2ffb15cd86ee4cfdaf", "price_changes": [{"asset_id": "80872438868793615237228308780768590880032317078663006772180513665812976567434", "price": "0.998", "size": "1849.1", "side": "BUY", "hash": "f32921cfe7e764346d18c833b26e316b2f244de2", "best_bid": "0.999", "best_ask": "1"}, {"asset_id": "109557101997166065622834016092196577926689669348753952742467294284334555023005", "price": "0.002", "size": "1849.1", "side": "SELL", "hash": "10d0be32174531f3573425b3f6f67ddec380c240", "best_bid": "0", "best_ask": "0.001"}], "timestamp": "1769384000774", "event_type": "price_change"}}
{"_local_timestamp": "2026-01-25T23:33:23.057332+00:00", "data": {"market": "0xbbd9bf0e135638e608261797209989d4ced475ece27ecd2ffb15cd86ee4cfdaf", "price_changes": [{"asset_id": "109557101997166065622834016092196577926689669348753952742467294284334555023005", "price": "0.2", "size": "68", "side": "SELL", "hash": "11bb8c571e880fb69947c254204bb8f13c9b833e", "best_bid": "0", "best_ask": "0.001"}, {"asset_id": "80872438868793615237228308780768590880032317078663006772180513665812976567434", "price": "0.8", "size": "68", "side": "BUY", "hash": "ec96f1f9bef67ee3128882b7f41a6b6adc6f5276", "best_bid": "0.999", "best_ask": "1"}], "timestamp": "1769384002989", "event_type": "price_change"}}
{"_local_timestamp": "2026-01-25T23:33:23.345998+00:00", "data": {"market": "0xbbd9bf0e135638e608261797209989d4ced475ece27ecd2ffb15cd86ee4cfdaf", "price_changes": [{"asset_id": "109557101997166065622834016092196577926689669348753952742467294284334555023005", "price": "0.2", "size": "81.59", "side": "SELL", "hash": "0b178c550613b3df934b401905ade58cf4600ce5", "best_bid": "0", "best_ask": "0.001"}, {"asset_id": "80872438868793615237228308780768590880032317078663006772180513665812976567434", "price": "0.8", "size": "81.59", "side": "BUY", "hash": "0a4875a51496f5f73c85979e252a5a3c6020fc76", "best_bid": "0.999", "best_ask": "1"}], "timestamp": "1769384003276", "event_type": "price_change"}}
{"_local_timestamp": "2026-01-25T23:33:23.625323+00:00", "data": {"market": "0xbbd9bf0e135638e608261797209989d4ced475ece27ecd2ffb15cd86ee4cfdaf", "price_changes": [{"asset_id": "80872438868793615237228308780768590880032317078663006772180513665812976567434", "price": "0.998", "size": "0", "side": "BUY", "hash": "0dd71626ae6ed64c784d76b21fef59ed29875d72", "best_bid": "0.999", "best_ask": "1"}, {"asset_id": "109557101997166065622834016092196577926689669348753952742467294284334555023005", "price": "0.002", "size": "0", "side": "SELL", "hash": "409041687603b09cca469970b5ec36114277c439", "best_bid": "0", "best_ask": "0.001"}], "timestamp": "1769384003547", "event_type": "price_change"}}
{"_local_timestamp": "2026-01-25T23:33:23.657218+00:00", "data": {"market": "0xbbd9bf0e135638e608261797209989d4ced475ece27ecd2ffb15cd86ee4cfdaf", "price_changes": [{"asset_id": "80872438868793615237228308780768590880032317078663006772180513665812976567434", "price": "0.998", "size": "1849.1", "side": "BUY", "hash": "b8b2aaf67e6852e58eb53fb4fe58058f91d4877d", "best_bid": "0.999", "best_ask": "1"}, {"asset_id": "109557101997166065622834016092196577926689669348753952742467294284334555023005", "price": "0.002", "size": "1849.1", "side": "SELL", "hash": "b081028abfcc384680ec311d2f2ef2ba530f81f5", "best_bid": "0", "best_ask": "0.001"}], "timestamp": "1769384003587", "event_type": "price_change"}}
{"_local_timestamp": "2026-01-25T23:33:23.839084+00:00", "data": {"market": "0xbbd9bf0e135638e608261797209989d4ced475ece27ecd2ffb15cd86ee4cfdaf", "price_changes": [{"asset_id": "80872438868793615237228308780768590880032317078663006772180513665812976567434", "price": "0.998", "size": "0", "side": "BUY", "hash": "62bb6ae20c7111c3fbc220be3bbd208afcd837b7", "best_bid": "0.999", "best_ask": "1"}, {"asset_id": "109557101997166065622834016092196577926689669348753952742467294284334555023005", "price": "0.002", "size": "0", "side": "SELL", "hash": "b439eee11ea1a1ac98a090f53c72a36f5f402ecc", "best_bid": "0", "best_ask": "0.001"}], "timestamp": "1769384003771", "event_type": "price_change"}}
{"_local_timestamp": "2026-01-25T23:33:23.939480+00:00", "data": {"market": "0xbbd9bf0e135638e608261797209989d4ced475ece27ecd2ffb15cd86ee4cfdaf", "price_changes": [{"asset_id": "80872438868793615237228308780768590880032317078663006772180513665812976567434", "price": "0.998", "size": "1849.1", "side": "BUY", "hash": "99a6255a36bbb46036257be5add3f0159467b98c", "best_bid": "0.999", "best_ask": "1"}, {"asset_id": "109557101997166065622834016092196577926689669348753952742467294284334555023005", "price": "0.002", "size": "1849.1", "side": "SELL", "hash": "70aac95190190a7f5ae93697f71608012efcf3de", "best_bid": "0", "best_ask": "0.001"}], "timestamp": "1769384003855", "event_type": "price_change"}}
{"_local_timestamp": "2026-01-25T23:33:24.113913+00:00", "data": {"market": "0xbbd9bf0e135638e608261797209989d4ced475ece27ecd2ffb15cd86ee4cfdaf", "price_changes": [{"asset_id": "80872438868793615237228308780768590880032317078663006772180513665812976567434", "price": "0.998", "size": "0", "side": "BUY", "hash": "70ea9a2b372a10ceadacd12c168a240842685a01", "best_bid": "0.999", "best_ask": "1"}, {"asset_id": "109557101997166065622834016092196577926689669348753952742467294284334555023005", "price": "0.002", "size": "0", "side": "SELL", "hash": "14079dcbd19afbda14a7450dfd3a6e3461c55f82", "best_bid": "0", "best_ask": "0.001"}], "timestamp": "1769384004030", "event_type": "price_change"}}
{"_local_timestamp": "2026-01-25T23:33:24.181462+00:00", "data": {"market": "0xbbd9bf0e135638e608261797209989d4ced475ece27ecd2ffb15cd86ee4cfdaf", "price_changes": [{"asset_id": "80872438868793615237228308780768590880032317078663006772180513665812976567434", "price": "0.998", "size": "1849.1", "side": "BUY", "hash": "52fcd6b6f9eadb8d11bcb9f13a5477296da63e4d", "best_bid": "0.999", "best_ask": "1"}, {"asset_id": "109557101997166065622834016092196577926689669348753952742467294284334555023005", "price": "0.002", "size": "1849.1", "side": "SELL", "hash": "2921ad964fc63d47ed20a8f2830952a3685ed089", "best_bid": "0", "best_ask": "0.001"}], "timestamp": "1769384004111", "event_type": "price_change"}}
{"_local_timestamp": "2026-01-25T23:33:24.674178+00:00", "data": {"market": "0xbbd9bf0e135638e608261797209989d4ced475ece27ecd2ffb15cd86ee4cfdaf", "price_changes": [{"asset_id": "80872438868793615237228308780768590880032317078663006772180513665812976567434", "price": "0.083", "size": "10000", "side": "BUY", "hash": "0d9a8d09dbe2562c69fe2083b825d5f8a0e1a967", "best_bid": "0.999", "best_ask": "1"}, {"asset_id": "109557101997166065622834016092196577926689669348753952742467294284334555023005", "price": "0.917", "size": "10000", "side": "SELL", "hash": "1fdaf6f20ddc87379ba2c415d97e1968239b985a", "best_bid": "0", "best_ask": "0.001"}], "timestamp": "1769384004598", "event_type": "price_change"}}
