{"_local_timestamp": "2026-01-25T23:40:29.699389+00:00", "data": [{"market": "0xbbd9bf0e135638e608261797209989d4ced475ece27ecd2ffb15cd86ee4cfdaf", "asset_id": "109557101997166065622834016092196577926689669348753952742467294284334555023005", "timestamp": "1769384383901", "hash": "1f9e8570cde84665354fe53f7211b1a37d074882", "bids": [], "asks": [{"price": "0.999", "size": "101337.85"}, {"price": "0.998", "size": "43.24"}, {"price": "0.99", "size": "2033"}, {"price": "0.989", "size": "55555"}, {"price": "0.988", "size": "6.22"}, {"price": "0.98", "size": "2200"}, {"price": "0.979", "size": "11.93"}, {"price": "0.97", "size": "100"}, {"price": "0.95", "size": "10"}, {"price": "0.947", "size": "600"}, {"price": "0.946", "size": "9.5"}, {"price": "0.916", "size": "10400"}, {"price": "0.86", "size": "50"}, {"price": "0.859", "size": "7.56"}, {"price": "0.8", "size": "200"}, {"price": "0.799", "size": "176"}, {"price": "0.73", "size": "200"}, {"price": "0.72", "size": "7"}, {"price": "0.7", "size": "33.33"}, {"price": "0.66", "size": "100"}, {"price": "0.659", "size": "200.41"}, {"price": "0.41", "size": "70"}, {"price": "0.409", "size": "62"}, {"price": "0.22", "size": "68"}, {"price": "0.2", "size": "68"}, {"price": "0.199", "size": "13.59"}, {"price": "0.01", "size": "26282.37"}, {"price": "0.009", "size": "144"}, {"price": "0.002", "size": "1957.96"}, {"price": "0.001", "size": "36496.69"}], "event_type": "book", "last_trade_price": "0.999"}, {"market": "0x1afd194d763de2bd7abda05e00e517ad0d85b1bb12339dcbe05ccd8b5e0de0de", "asset_id": "101719154660517380687612365015835668227884146293605413205809626106808355686977", "timestamp": "1769384383357", "hash": "736fc2a7b5f379365398b45e3c438a6973a2eae2", "bids": [{"price": "0.001", "size": "103574.38"}, {"price": "0.002", "size": "1250"}, {"price": "0.003", "size": "30.01"}, {"price": "0.01", "size": "2033"}, {"price": "0.011", "size": "55555"}, {"price": "0.02", "size": "2200"}, {"price": "0.021", "size": "11.79"}, {"price": "0.03", "size": "100"}, {"price": "0.053", "size": "600"}, {"price": "0.083", "size": "10407.85"}, {"price": "0.14", "size": "50"}, {"price": "0.2", "size": "200"}, {"price": "0.201", "size": "176"}, {"price": "0.27", "size": "200"}, {"price": "0.34", "size": "100"}, {"price": "0.5", "size": "1800"}, {"price": "0.501", "size": "1500"}, {"price": "0.523", "size": "228"}, {"price": "0.524", "size": "201"}, {"price": "0.701", "size": "30"}, {"price": "0.722", "size": "7.22"}, {"price": "0.923", "size": "200"}, {"price": "0.978", "size": "29"}, {"price": "0.979", "size": "45.72"}, {"price": "0.987", "size": "216"}, {"price": "0.988", "size": "144"}, {"price": "0.999", "size": "69344.28"}], "asks": [], "event_type": "book", "last_trade_price": "0.999"}, {"market": "0xbbd9bf0e135638e608261797209989d4ced475ece27ecd2ffb15cd86ee4cfdaf", "asset_id": "80872438868793615237228308780768590880032317078663006772180513665812976567434", "timestamp": "1769384383901", "hash": "75d7a5c978ae8dc12b8c0f87b070d8f55e228471", "bids": [{"price": "0.001", "size": "101337.85"}, {"price": "0.002", "size": "43.24"}, {"price": "0.01", "size": "2033"}, {"price": "0.011", "size": "55555"}, {"price": "0.012", "size": "6.22"}, {"price": "0.02", "size": "2200"}, {"price": "0.021", "size": "11.93"}, {"price": "0.03", "size": "100"}, {"price": "0.05", "size": "10"}, {"price": "0.053", "size": "600"}, {"price": "0.054", "size": "9.5"}, {"price": "0.084", "size": "10400"}, {"price": "0.14", "size": "50"}, {"price": "0.141", "size": "7.56"}, {"price": "0.2", "size": "200"}, {"price": "0.201", "size": "176"}, {"price": "0.27", "size": "200"}, {"price": "0.28", "size": "7"}, {"price": "0.3", "size": "33.33"}, {"price": "0.34", "size": "100"}, {"price": "0.341", "size": "200.41"}, {"price": "0.59", "size": "70"}, {"price": "0.591", "size": "62"}, {"price": "0.78", "size": "68"}, {"price": "0.8", "size": "68"}, {"price": "0.801", "size": "13.59"}, {"price": "0.99", "size": "26282.37"}, {"price": "0.991", "size": "144"}, {"price": "0.998", "size": "1957.96"}, {"price": "0.999", "size": "36496.69"}], "asks": [], "event_type": "book", "last_trade_price": "0.999"}, {"market": "0x1afd194d763de2bd7abda05e00e517ad0d85b1bb12339dcbe05ccd8b5e0de0de", "asset_id": "12535614914084285997184767785923318454161071933642366975151945930020373370140", "timestamp": "1769384383357", "hash": "e8a731335c724bd313a7c52f8ed54743c8c95200", "bids": [], "asks": [{"price": "0.999", "size": "103574.38"}, {"price": "0.998", "size": "1250"}, {"price": "0.997", "size": "30.01"}, {"price": "0.99", "size": "2033"}, {"price": "0.989", "size": "55555"}, {"price": "0.98", "size": "2200"}, {"price": "0.979", "size": "11.79"}, {"price": "0.97", "size": "100"}, {"price": "0.947", "size": "600"}, {"price": "0.917", "size": "10407.85"}, {"price": "0.86", "size": "50"}, {"price": "0.8", "size": "200"}, {"price": "0.799", "size": "176"}, {"price": "0.73", "size": "200"}, {"price": "0.66", "size": "100"}, {"price": "0.5", "size": "1800"}, {"price": "0.499", "size": "1500"}, {"price": "0.477", "size": "228"}, {"price": "0.476", "size": "201"}, {"price": "0.299", "size": "30"}, {"price": "0.278", "size": "7.22"}, {"price": "0.077", "size": "200"}, {"price": "0.022", "size": "29"}, {"price": "0.021", "size": "45.72"}, {"price": "0.013", "size": "216"}, {"price": "0.012", "size": "144"}, {"price": "0.001", "size": "69344.28"}], "event_type": "book", "last_trade_price": "0.999"}]}
{"_local_timestamp": "2026-01-25T23:41:32.441215+00:00", "data": {"market": "0x1afd194d763de2bd7abda05e00e517ad0d85b1bb12339dcbe05ccd8b5e0de0de", "price_changes": [{"asset_id": "101719154660517380687612365015835668227884146293605413205809626106808355686977", "price": "0.054", "size": "10000", "side": "BUY", "hash": "45f6b8ff0f2a8ea9455660fdbc00c6cd09054ec2", "best_bid": "0.999", "best_ask": "1"}, {"asset_id": "12535614914084285997184767785923318454161071933642366975151945930020373370140", "price": "0.946", "size": "10000", "side": "SELL", "hash": "03cd72969965fa302ba9006916dfedf00b736e23", "best_bid": "0", "best_ask": "0.001"}], "timestamp": "1769384492373", "event_type": "price_change"}}
{"_local_timestamp": "2026-01-25T23:41:32.632798+00:00", "data": {"market": "0xbbd9bf0e135638e608261797209989d4ced475ece27ecd2ffb15cd86ee4cfdaf", "price_changes": [{"asset_id": "80872438868793615237228308780768590880032317078663006772180513665812976567434", "price": "0.998", "size": "0", "side": "BUY", "hash": "c3a357a29a1cb2f7527239d307db197d5e63111c", "best_bid": "0.999", "best_ask": "1"}, {"asset_id": "109557101997166065622834016092196577926689669348753952742467294284334555023005", "price": "0.002", "size": "0", "side": "SELL", "hash": "c91e8ef2984b9d320480abec9d3bf20b2fd0e7b6", "best_bid": "0", "best_ask": "0.001"}], "timestamp": "1769384492558", "event_type": "price_change"}}
{"_local_timestamp": "2026-01-25T23:41:32.731326+00:00", "data": {"market": "0xbbd9bf0e135638e608261797209989d4ced475ece27ecd2ffb15cd86ee4cfdaf", "price_changes": [{"asset_id": "80872438868793615237228308780768590880032317078663006772180513665812976567434", "price": "0.998", "size": "1903.38", "side": "BUY", "hash": "7e5d6ca4409f197f5f5acdb280e32e5020da9607", "best_bid": "0.999", "best_ask": "1"}, {"asset_id": "109557101997166065622834016092196577926689669348753952742467294284334555023005", "price": "0.002", "size": "1903.38", "side": "SELL", "hash": "02e82210c9ecd7303192b0387d0a154e89c7e827", "best_bid": "0", "best_ask": "0.001"}], "timestamp": "1769384492662", "event_type": "price_change"}}
{"_local_timestamp": "2026-01-25T23:41:32.906409+00:00", "data": {"market": "0xbbd9bf0e135638e608261797209989d4ced475ece27ecd2ffb15cd86ee4cfdaf", "price_changes": [{"asset_id": "80872438868793615237228308780768590880032317078663006772180513665812976567434", "price": "0.998", "size": "0", "side": "BUY", "hash": "4216b8b1e52e02f329073b795d194d4aa9c64a53", "best_bid": "0.999", "best_ask": "1"}, {"asset_id": "109557101997166065622834016092196577926689669348753952742467294284334555023005", "price": "0.002", "size": "0", "side": "SELL", "hash": "48ec8939d2f45e0248b0f4fdb2d3ab2fc8debb25", "best_bid": "0", "best_ask": "0.001"}], "timestamp": "1769384492838", "event_type": "price_change"}}
{"_local_timestamp": "2026-01-25T23:41:33.013046+00:00", "data": {"market": "0xbbd9bf0e135638e608261797209989d4ced475ece27ecd2ffb15cd86ee4cfdaf", "price_changes": [{"asset_id": "80872438868793615237228308780768590880032317078663006772180513665812976567434", "price": "0.998", "size": "1903.38", "side": "BUY", "hash": "05b8ad9dd9dc986164af82bc5ede17075e004028", "best_bid": "0.999", "best_ask": "1"}, {"asset_id": "109557101997166065622834016092196577926689669348753952742467294284334555023005", "price": "0.002", "size": "1903.38", "side": "SELL", "hash": "4510ba1b8e83673e1c0db60c6d837826dd6ed413", "best_bid": "0", "best_ask": "0.001"}], "timestamp": "1769384492943", "event_type": "price_change"}}
{"_local_timestamp": "2026-01-25T23:41:33.420376+00:00", "data": {"market": "0x1afd194d763de2bd7abda05e00e517ad0d85b1bb12339dcbe05ccd8b5e0de0de", "price_changes": [{"asset_id": "101719154660517380687612365015835668227884146293605413205809626106808355686977", "price": "0.083", "size": "407.85", "side": "BUY", "hash": "6e166e55bb58548f81599727b246f21ec76d9ab3", "best_bid": "0.999", "best_ask": "1"}, {"asset_id": "12535614914084285997184767785923318454161071933642366975151945930020373370140", "price": "0.917", "size": "407.85", "side": "SELL", "hash": "15bf47cf2d26a730241f0e34e802b808a9f0e363", "best_bid": "0", "best_ask": "0.001"}], "timestamp": "1769384493345", "event_type": "price_change"}}
{"_local_timestamp": "2026-01-25T23:41:33.658272+00:00", "data": {"market": "0xbbd9bf0e135638e608261797209989d4ced475ece27ecd2ffb15cd86ee4cfdaf", "price_changes": [{"asset_id": "80872438868793615237228308780768590880032317078663006772180513665812976567434", "price": "0.998", "size": "0", "side": "BUY", "hash": "5f9c85d14143737e38a37f73de7870dea6c39b8c", "best_bid": "0.999", "best_ask": "1"}, {"asset_id": "109557101997166065622834016092196577926689669348753952742467294284334555023005", "price": "0.002", "size": "0", "side": "SELL", "hash": "9bd38de6e6061a0d13c2c3d87cb6107e53b4c9f2", "best_bid": "0", "best_ask": "0.001"}], "timestamp": "1769384493593", "event_type": "price_change"}}
{"_local_timestamp": "2026-01-25T23:41:33.704091+00:00", "data": {"market": "0xbbd9bf0e135638e608261797209989d4ced475ece27ecd2ffb15cd86ee4cfdaf", "price_changes": [{"asset_id": "80872438868793615237228308780768590880032317078663006772180513665812976567434", "price": "0.998", "size": "1903.38", "side": "BUY", "hash": "090e0329ccd5036c256d8c6aa89c5798210c024f", "best_bid": "0.999", "best_ask": "1"}, {"asset_id": "109557101997166065622834016092196577926689669348753952742467294284334555023005", "price": "0.002", "size": "1903.38", "side": "SELL", "hash": "23f24ddb54d6f9855d943bf1755849468364bdcb", "best_bid": "0", "best_ask": "0.001"}], "timestamp": "1769384493638", "event_type": "price_change"}}
{"_local_timestamp": "2026-01-25T23:41:39.606041+00:00", "data": {"market": "0x1afd194d763de2bd7abda05e00e517ad0d85b1bb12339dcbe05ccd8b5e0de0de", "price_changes": [{"asset_id": "12535614914084285997184767785923318454161071933642366975151945930020373370140", "price": "0.01", "size": "13", "side": "SELL", "hash": "1e99bbace20c2146c580774f9b26732f7ac2108f", "best_bid": "0", "best_ask": "0.001"}, {"asset_id": "101719154660517380687612365015835668227884146293605413205809626106808355686977", "price": "0.99", "size": "13", "side": "BUY", "hash": "438dfc35d6b8a6405ffff70e9cd0cc59f9016943", "best_bid": "0.999", "best_ask": "1"}], "timestamp": "1769384499508", "event_type": "price_change"}}
{"_local_timestamp": "2026-01-25T23:41:39.839168+00:00", "data": {"market": "0xbbd9bf0e135638e608261797209989d4ced475ece27ecd2ffb15cd86ee4cfdaf", "price_changes": [{"asset_id": "80872438868793615237228308780768590880032317078663006772180513665812976567434", "price": "0.998", "size": "0", "side": "BUY", "hash": "fbd0652200cdec677dbff05b76bf70769281a4cd", "best_bid": "0.999", "best_ask": "1"}, {"asset_id": "109557101997166065622834016092196577926689669348753952742467294284334555023005", "price": "0.002", "size": "0", "side": "SELL", "hash": "21ee9c437bb4f2341013eb3e757db157e184d627", "best_bid": "0", "best_ask": "0.001"}], "timestamp": "1769384499772", "event_type": "price_change"}}
{"_local_timestamp": "2026-01-25T23:41:39.931206+00:00", "data": {"market": "0xbbd9bf0e135638e608261797209989d4ced475ece27ecd2ffb15cd86ee4cfdaf", "price_changes": [{"asset_id": "80872438868793615237228308780768590880032317078663006772180513665812976567434", "price": "0.998", "size": "1903.38", "side": "BUY", "hash": "6fd3ff54e826a4fd023beb19586972f9fe17b89b", "best_bid": "0.999", "best_ask": "1"}, {"asset_id": "109557101997166065622834016092196577926689669348753952742467294284334555023005", "price": "0.002", "size": "1903.38", "side": "SELL", "hash": "23e71639c8b4543003ced66690161aa25cc06653", "best_bid": "0", "best_ask": "0.001"}], "timestamp": "1769384499862", "event_type": "price_change"}}
{"_local_timestamp": "2026-01-25T23:41:40.129213+00:00", "data": {"market": "0xbbd9bf0e135638e608261797209989d4ced475ece27ecd2ffb15cd86ee4cfdaf", "price_changes": [{"asset_id": "80872438868793615237228308780768590880032317078663006772180513665812976567434", "price": "0.998", "size": "0", "side": "BUY", "hash": "aa7180d440fe9b3d35b9ff39cd2bd436a4b97be1", "best_bid": "0.999", "best_ask": "1"}, {"asset_id": "109557101997166065622834016092196577926689669348753952742467294284334555023005", "price": "0.002", "size": "0", "side": "SELL", "hash": "edb211013af60f76d741d23b8376721ea6e8ba40", "best_bid": "0", "best_ask": "0.001"}], "timestamp": "1769384500047", "event_type": "price_change"}}
{"_local_timestamp": "2026-01-25T23:41:40.225764+00:00", "data": {"market": "0xbbd9bf0e135638e608261797209989d4ced475ece27ecd2ffb15cd86ee4cfdaf", "price_changes": [{"asset_id": "80872438868793615237228308780768590880032317078663006772180513665812976567434", "price": "0.998", "size": "1903.38", "side": "BUY", "hash": "50eff40486b51f44f4cf578be78cc1f6724fa7bb", "best_bid": "0.999", "best_ask": "1"}, {"asset_id": "109557101997166065622834016092196577926689669348753952742467294284334555023005", "price": "0.002", "size": "1903.38", "side": "SELL", "hash": "3466ed98b554d585fee5fde884f598787a78cc80", "best_bid": "0", "best_ask": "0.001"}], "timestamp": "1769384500125", "event_type": "price_change"}}
{"_local_timestamp": "2026-01-25T23:41:40.398253+00:00", "data": {"market": "0xbbd9bf0e135638e608261797209989d4ced475ece27ecd2ffb15cd86ee4cfdaf", "price_changes": [{"asset_id": "80872438868793615237228308780768590880032317078663006772180513665812976567434", "price": "0.998", "size": "0", "side": "BUY", "hash": "2147ab505edc3c2c4cba11e790e6b1587408f2de", "best_bid": "0.999", "best_ask": "1"}, {"asset_id": "109557101997166065622834016092196577926689669348753952742467294284334555023005", "price": "0.002", "size": "0", "side": "SELL", "hash": "6008f4ae5af5cfc83b0336cd63473e41db11242a", "best_bid": "0", "best_ask": "0.001"}], "timestamp": "1769384500278", "event_type": "price_change"}}
{"_local_timestamp": "2026-01-25T23:41:40.465837+00:00", "data": {"market": "0xbbd9bf0e135638e608261797209989d4ced475ece27ecd2ffb15cd86ee4cfdaf", "price_changes": [{"asset_id": "80872438868793615237228308780768590880032317078663006772180513665812976567434", "price": "0.998", "size": "1903.38", "side": "BUY", "hash": "44b75626275856b91ea77eab912ad85c74d048fd", "best_bid": "0.999", "best_ask": "1"}, {"asset_id": "109557101997166065622834016092196577926689669348753952742467294284334555023005", "price": "0.002", "size": "1903.38", "side": "SELL", "hash": "5a7a9601afb5322c3c610f2c8612da62697abb9f", "best_bid": "0", "best_ask": "0.001"}], "timestamp": "1769384500368", "event_type": "price_change"}}
{"_local_timestamp": "2026-01-25T23:41:40.577502+00:00", "data": {"market": "0xbbd9bf0e135638e608261797209989d4ced475ece27ecd2ffb15cd86ee4cfdaf", "price_changes": [{"asset_id": "80872438868793615237228308780768590880032317078663006772180513665812976567434", "price": "0.998", "size": "0", "side": "BUY", "hash": "9468888a5c1e9d8738fffd82c63cad971267da86", "best_bid": "0.999", "best_ask": "1"}, {"asset_id": "109557101997166065622834016092196577926689669348753952742467294284334555023005", "price": "0.002", "size": "0", "side": "SELL", "hash": "5537f2189743d85ea18a9c19f8ce28493d3b5e8d", "best_bid": "0", "best_ask": "0.001"}], "timestamp": "1769384500507", "event_type": "price_change"}}
{"_local_timestamp": "2026-01-25T23:41:40.650026+00:00", "data": {"market": "0xbbd9bf0e135638e608261797209989d4ced475ece27ecd2ffb15cd86ee4cfdaf", "price_changes": [{"asset_id": "80872438868793615237228308780768590880032317078663006772180513665812976567434", "price": "0.998", "size": "1903.38", "side": "BUY", "hash": "3708113f5f85370b2839b51a0af3e5283bc65dc3", "best_bid": "0.999", "best_ask": "1"}, {"asset_id": "109557101997166065622834016092196577926689669348753952742467294284334555023005", "price": "0.002", "size": "1903.38", "side": "SELL", "hash": "e7485d0dcec36eb1b69c6f609c9322c60d33008a", "best_bid": "0", "best_ask": "0.001"}], "timestamp": "1769384500579", "event_type": "price_change"}}
{"_local_timestamp": "2026-01-25T23:41:41.642679+00:00", "data": {"market": "0xbbd9bf0e135638e608261797209989d4ced475ece27ecd2ffb15cd86ee4cfdaf", "price_changes": [{"asset_id": "80872438868793615237228308780768590880032317078663006772180513665812976567434", "price": "0.054", "size": "10009.5", "side": "BUY", "hash": "635188ab43c1ac639b211d86fc349b1865f3b189", "best_bid": "0.999", "best_ask": "1"}, {"asset_id": "109557101997166065622834016092196577926689669348753952742467294284334555023005", "price": "0.946", "size": "10009.5", "side": "SELL", "hash": "f3b89c257de8e7924d75f8af0cd99b6f5525bdea", "best_bid": "0", "best_ask": "0.001"}], "timestamp": "1769384501575", "event_type": "price_change"}}
{"_local_timestamp": "2026-01-25T23:41:41.762427+00:00", "data": {"market": "0xbbd9bf0e135638e608261797209989d4ced475ece27ecd2ffb15cd86ee4cfdaf", "price_changes": [{"asset_id": "80872438868793615237228308780768590880032317078663006772180513665812976567434", "price": "0.998", "size": "0", "side": "BUY", "hash": "c3f660b64ee8517070f88c1f4a8967e6d210420d", "best_bid": "0.999", "best_ask": "1"}, {"asset_id": "109557101997166065622834016092196577926689669348753952742467294284334555023005", "price": "0.002", "size": "0", "side": "SELL", "hash": "990a7331bac77a5f61dc5f1c0559da54f3eb9900", "best_bid": "0", "best_ask": "0.001"}], "timestamp": "1769384501691", "event_type": "price_change"}}
{"_local_timestamp": "2026-01-25T23:41:41.866493+00:00", "data": {"market": "0xbbd9bf0e135638e608261797209989d4ced475ece27ecd2ffb15cd86ee4cfdaf", "price_changes": [{"asset_id": "80872438868793615237228308780768590880032317078663006772180513665812976567434", "price": "0.998", "size": "1903.38", "side": "BUY", "hash": "5a4cf7f8d2a61c7c010a41ef41a3f3fafa229e49", "best_bid": "0.999", "best_ask": "1"}, {"asset_id": "109557101997166065622834016092196577926689669348753952742467294284334555023005", "price": "0.002", "size": "1903.38", "side": "SELL", "hash": "31aba9013a3b40e4da749e69b051258736146ad7", "best_bid": "0", "best_ask": "0.001"}], "timestamp": "1769384501793", "event_type": "price_change"}}
{"_local_timestamp": "2026-01-25T23:41:42.878097+00:00", "data": {"market": "0xbbd9bf0e135638e608261797209989d4ced475ece27ecd2ffb15cd86ee4cfdaf", "price_changes": [{"asset_id": "80872438868793615237228308780768590880032317078663006772180513665812976567434", "price": "0.084", "size": "400", "side": "BUY", "hash": "7b4f6404a31764e79f6366b32a1e83b5961a877f", "best_bid": "0.999", "best_ask": "1"}, {"asset_id": "109557101997166065622834016092196577926689669348753952742467294284334555023005", "price": "0.916", "size": "400", "side": "SELL", "hash": "97e0f1930e878b56a73d7272eda45b3a37df180f", "best_bid": "0", "best_ask": "0.001"}], "timestamp": "1769384502814", "event_type": "price_change"}}
{"_local_timestamp": "2026-01-25T23:41:43.363181+00:00", "data": {"market": "0xbbd9bf0e135638e608261797209989d4ced475ece27ecd2ffb15cd86ee4cfdaf", "price_changes": [{"asset_id": "80872438868793615237228308780768590880032317078663006772180513665812976567434", "price": "0.998", "size": "0", "side": "BUY", "hash": "45e0ce75ad95847b841eb863abd0f273a8cbf702", "best_bid": "0.999", "best_ask": "1"}, {"asset_id": "109557101997166065622834016092196577926689669348753952742467294284334555023005", "price": "0.002", "size": "0", "side": "SELL", "hash": "3931bf40a4f394ca6ac601bcb07837dee43f0ebc", "best_bid": "0", "best_ask": "0.001"}], "timestamp": "1769384503289", "event_type": "price_change"}}
{"_local_timestamp": "2026-01-25T23:41:43.533218+00:00", "data": {"market": "0xbbd9bf0e135638e608261797209989d4ced475ece27ecd2ffb15cd86ee4cfdaf", "price_changes": [{"asset_id": "80872438868793615237228308780768590880032317078663006772180513665812976567434", "price": "0.998", "size": "1903.38", "side": "BUY", "hash": "e8d363d5e99b7d835d673f9316b426063a63f418", "best_bid": "0.999", "best_ask": "1"}, {"asset_id": "109557101997166065622834016092196577926689669348753952742467294284334555023005", "price": "0.002", "size": "1903.38", "side": "SELL", "hash": "39d203fa2c488824d0f6565331726a0138449d59", "best_bid": "0", "best_ask": "0.001"}], "timestamp": "1769384503469", "event_type": "price_change"}}
{"_local_timestamp": "2026-01-25T23:41:43.922514+00:00", "data": {"market": "0xbbd9bf0e135638e608261797209989d4ced475ece27ecd2ffb15cd86ee4cfdaf", "price_changes": [{"asset_id": "80872438868793615237228308780768590880032317078663006772180513665812976567434", "price": "0.998", "size": "0", "side": "BUY", "hash": "f08eda5e06b31ae9f374350caedbe4a77352b84f", "best_bid": "0.999", "best_ask": "1"}, {"asset_id": "109557101997166065622834016092196577926689669348753952742467294284334555023005", "price": "0.002", "size": "0", "side": "SELL", "hash": "83db9a61f6237fd301d1c0265e1b77744251041e", "best_bid": "0", "best_ask": "0.001"}], "timestamp": "1769384503853", "event_type": "price_change"}}
{"_local_timestamp": "2026-01-25T23:41:44.106845+00:00", "data": {"market": "0xbbd9bf0e135638e608261797209989d4ced475ece27ecd2ffb15cd86ee4cfdaf", "price_changes": [{"asset_id": "80872438868793615237228308780768590880032317078663006772180513665812976567434", "price": "0.998", "size": "1903.38", "side": "BUY", "hash": "84661318bd7e8407660637371d984f60571843e2", "best_bid": "0.999", "best_ask": "1"}, {"asset_id": "109557101997166065622834016092196577926689669348753952742467294284334555023005", "price": "0.002", "size": "1903.38", "side": "SELL", "hash": "8795282a025180799c28343d3efc807e770a24ad", "best_bid": "0", "best_ask": "0.001"}], "timestamp": "1769384504032", "event_type": "price_change"}}
{"_local_timestamp": "2026-01-25T23:41:44.759783+00:00", "data": {"market": "0xbbd9bf0e135638e608261797209989d4ced475ece27ecd2ffb15cd86ee4cfdaf", "price_changes": [{"asset_id": "80872438868793615237228308780768590880032317078663006772180513665812976567434", "price": "0.998", "size": "0", "side": "BUY", "hash": "c144d06c579d6c6cfca00cdb4cd418d9a097ad4f", "best_bid": "0.999", "best_ask": "1"}, {"asset_id": "109557101997166065622834016092196577926689669348753952742467294284334555023005", "price": "0.002", "size": "0", "side": "SELL", "hash": "c5a572f7d236cabe1ab26343e39ac0fd050726ff", "best_bid": "0", "best_ask": "0.001"}], "timestamp": "1769384504691", "event_type": "price_change"}}
{"_local_timestamp": "2026-01-25T23:41:44.942799+00:00", "data": {"market": "0xbbd9bf0e135638e608261797209989d4ced475ece27ecd2ffb15cd86ee4cfdaf", "price_changes": [{"asset_id": "80872438868793615237228308780768590880032317078663006772180513665812976567434", "price": "0.998", "size": "1903.38", "side": "BUY", "hash": "fa5b7e1b68be091b7f7a46925ebd164a7f0173e8", "best_bid": "0.999", "best_ask": "1"}, {"asset_id": "109557101997166065622834016092196577926689669348753952742467294284334555023005", "price": "0.002", "size": "1903.38", "side": "SELL", "hash": "79ae520f771ec55facd9b22c551a1b657e047efb", "best_bid": "0", "best_ask": "0.001"}], "timestamp": "1769384504866", "event_type": "price_change"}}
{"_local_timestamp": "2026-01-25T23:41:45.554170+00:00", "data": {"market": "0xbbd9bf0e135638e608261797209989d4ced475ece27ecd2ffb15cd86ee4cfdaf", "price_changes": [{"asset_id": "80872438868793615237228308780768590880032317078663006772180513665812976567434", "price": "0.998", "size": "0", "side": "BUY", "hash": "da09ee32f1266ec6be4202b6c12888feed1acce0", "best_bid": "0.999", "best_ask": "1"}, {"asset_id": "109557101997166065622834016092196577926689669348753952742467294284334555023005", "price": "0.002", "size": "0", "side": "SELL", "hash": "80437bd0607e2aebcccb86ebd4b5c0b7736eb66e", "best_bid": "0", "best_ask": "0.001"}], "timestamp": "1769384505482", "event_type": "price_change"}}
{"_local_timestamp": "2026-01-25T23:41:45.683373+00:00", "data": {"market": "0xbbd9bf0e135638e608261797209989d4ced475ece27ecd2ffb15cd86ee4cfdaf", "price_changes": [{"asset_id": "80872438868793615237228308780768590880032317078663006772180513665812976567434", "price": "0.998", "size": "1903.38", "side": "BUY", "hash": "5d448e2b4b306175ec2f94136fb1460f5c151c62", "best_bid": "0.999", "best_ask": "1"}, {"asset_id": "109557101997166065622834016092196577926689669348753952742467294284334555023005", "price": "0.002", "size": "1903.38", "side": "SELL", "hash": "999b08667c5e8e6fb91857d292fd3979fdb763c5", "best_bid": "0", "best_ask": "0.001"}], "timestamp": "1769384505616", "event_type": "price_change"}}
{"_local_timestamp": "2026-01-25T23:41:46.143177+00:00", "data": {"market": "0xbbd9bf0e135638e608261797209989d4ced475ece27ecd2ffb15cd86ee4cfdaf", "price_changes": [{"asset_id": "80872438868793615237228308780768590880032317078663006772180513665812976567434", "price": "0.998", "size": "0", "side": "BUY", "hash": "fb8a70011846a3855240eea027c125a5fa7a11ec", "best_bid": "0.999", "best_ask": "1"}, {"asset_id": "109557101997166065622834016092196577926689669348753952742467294284334555023005", "price": "0.002", "size": "0", "side": "SELL", "hash": "71cd8ca4d4354514de565adb386470dd54ccfb79", "best_bid": "0", "best_ask": "0.001"}], "timestamp": "1769384506065", "event_type": "price_change"}}
{"_local_timestamp": "2026-01-25T23:41:46.204735+00:00", "data": {"market": "0xbbd9bf0e135638e608261797209989d4ced475ece27ecd2ffb15cd86ee4cfdaf", "price_changes": [{"asset_id": "80872438868793615237228308780768590880032317078663006772180513665812976567434", "price": "0.998", "size": "1903.38", "side": "BUY", "hash": "5f590b9c931c76e6d5d69d1768880ff6ac76a60b", "best_bid": "0.999", "best_ask": "1"}, {"asset_id": "109557101997166065622834016092196577926689669348753952742467294284334555023005", "price": "0.002", "size": "1903.38", "side": "SELL", "hash": "bcadf6d010f43c21d8a2874f7756050d3c88c4e3", "best_bid": "0", "best_ask": "0.001"}], "timestamp": "1769384506136", "event_type": "price_change"}}
{"_local_timestamp": "2026-01-25T23:41:46.294799+00:00", "data": {"market": "0x1afd194d763de2bd7abda05e00e517ad0d85b1bb12339dcbe05ccd8b5e0de0de", "price_changes": [{"asset_id": "12535614914084285997184767785923318454161071933642366975151945930020373370140", "price": "0.013", "size": "0", "side": "SELL", "hash": "9063d3ba4c0986d6ee755ead0dad64348389a57e", "best_bid": "0", "best_ask": "0.001"}, {"asset_id": "101719154660517380687612365015835668227884146293605413205809626106808355686977", "price": "0.987", "size": "0", "side": "BUY", "hash": "ee3249c5c0944853b9e51a724ed8887dc66be47e", "best_bid": "0.999", "best_ask": "1"}], "timestamp": "1769384506220", "event_type": "price_change"}}
{"_local_timestamp": "2026-01-25T23:41:46.295732+00:00", "data": {"market": "0x1afd194d763de2bd7abda05e00e517ad0d85b1bb12339dcbe05ccd8b5e0de0de", "price_changes": [{"asset_id": "12535614914084285997184767785923318454161071933642366975151945930020373370140", "price": "0.021", "size": "0", "side": "SELL", "hash": "9063d3ba4c0986d6ee755ead0dad64348389a57e", "best_bid": "0", "best_ask": "0.001"}, {"asset_id": "101719154660517380687612365015835668227884146293605413205809626106808355686977", "price": "0.979", "size": "0", "side": "BUY", "hash": "ee3249c5c0944853b9e51a724ed8887dc66be47e", "best_bid": "0.999", "best_ask": "1"}], "timestamp": "1769384506220", "event_type": "price_change"}}
{"_local_timestamp": "2026-01-25T23:41:46.390554+00:00", "data": {"market": "0xbbd9bf0e135638e608261797209989d4ced475ece27ecd2ffb15cd86ee4cfdaf", "price_changes": [{"asset_id": "80872438868793615237228308780768590880032317078663006772180513665812976567434", "price": "0.998", "size": "0", "side": "BUY", "hash": "73a6a3028613633fc7ffbd8232d63d024cc439f9", "best_bid": "0.999", "best_ask": "1"}, {"asset_id": "109557101997166065622834016092196577926689669348753952742467294284334555023005", "price": "0.002", "size": "0", "side": "SELL", "hash": "fa719550025c4e7f2c1ddb0d1732e85a1f5ea02d", "best_bid": "0", "best_ask": "0.001"}], "timestamp": "1769384506324", "event_type": "price_change"}}
{"_local_timestamp": "2026-01-25T23:41:46.494724+00:00", "data": {"market": "0xbbd9bf0e135638e608261797209989d4ced475ece27ecd2ffb15cd86ee4cfdaf", "price_changes": [{"asset_id": "80872438868793615237228308780768590880032317078663006772180513665812976567434", "price": "0.998", "size": "1903.38", "side": "BUY", "hash": "0310096eb396ebcb7143e7e001d864474e7b2be7", "best_bid": "0.999", "best_ask": "1"}, {"asset_id": "109557101997166065622834016092196577926689669348753952742467294284334555023005", "price": "0.002", "size": "1903.38", "side": "SELL", "hash": "ab97cfbd45a3981037ea4f4059529d0d47804b4f", "best_bid": "0", "best_ask": "0.001"}], "timestamp": "1769384506429", "event_type": "price_change"}}
