{"_local_timestamp": "2026-01-25T23:33:17.189778+00:00", "data": [{"market": "0x1afd194d763de2bd7abda05e00e517ad0d85b1bb12339dcbe05ccd8b5e0de0de", "asset_id": "101719154660517380687612365015835668227884146293605413205809626106808355686977", "timestamp": "1769383996638", "hash": "93a4ba886b493baec99e766dac170b6440c4b73e", "bids": [{"price": "0.001", "size": "103574.38"}, {"price": "0.002", "size": "1250"}, {"price": "0.003", "size": "30.01"}, {"price": "0.01", "size": "2033"}, {"price": "0.011", "size": "55555"}, {"price": "0.02", "size": "1800"}, {"price": "0.021", "size": "11.79"}, {"price": "0.052", "size": "1000"}, {"price": "0.08", "size": "100"}, {"price": "0.081", "size": "300"}, {"price": "0.082", "size": "10007.94"}, {"price": "0.14", "size": "50"}, {"price": "0.2", "size": "200"}, {"price": "0.201", "size": "176"}, {"price": "0.27", "size": "200"}, {"price": "0.34", "size": "100"}, {"price": "0.5", "size": "1800"}, {"price": "0.501", "size": "1500"}, {"price": "0.523", "size": "228"}, {"price": "0.524", "size": "201"}, {"price": "0.701", "size": "30"}, {"price": "0.722", "size": "7.22"}, {"price": "0.923", "size": "200"}, {"price": "0.978", "size": "29"}, {"price": "0.979", "size": "45.72"}, {"price": "0.985", "size": "216"}, {"price": "0.986", "size": "144"}, {"price": "0.999", "size": "69344.28"}], "asks": [], "event_type": "book", "last_trade_price": "0.999"}, {"market": "0xbbd9bf0e135638e608261797209989d4ced475ece27ecd2ffb15cd86ee4cfdaf", "asset_id": "80872438868793615237228308780768590880032317078663006772180513665812976567434", "timestamp": "1769383996702", "hash": "43893efeb0e2e50fb8d9fd56347f95affc4f0c95", "bids": [{"price": "0.001", "size": "101337.35"}, {"price": "0.002", "size": "36.86"}, {"price": "0.01", "size": "2033"}, {"price": "0.011", "size": "55555"}, {"price": "0.012", "size": "6.64"}, {"price": "0.02", "size": "1800"}, {"price": "0.021", "size": "10.4"}, {"price": "0.05", "size": "10"}, {"price": "0.052", "size": "11009.94"}, {"price": "0.08", "size": "100"}, {"price": "0.082", "size": "300"}, {"price": "0.14", "size": "50"}, {"price": "0.141", "size": "7.82"}, {"price": "0.2", "size": "200"}, {"price": "0.201", "size": "176"}, {"price": "0.27", "size": "200"}, {"price": "0.28", "size": "7"}, {"price": "0.3", "size": "33.33"}, {"price": "0.34", "size": "100"}, {"price": "0.341", "size": "200.41"}, {"price": "0.59", "size": "70"}, {"price": "0.591", "size": "62"}, {"price": "0.78", "size": "68"}, {"price": "0.8", "size": "81.59"}, {"price": "0.99", "size": "26282.37"}, {"price": "0.991", "size": "144"}, {"price": "0.998", "size": "1934.01"}, {"price": "0.999", "size": "36035.64"}], "asks": [], "event_type": "book", "last_trade_price": "0.999"}, {"market": "0x1afd194d763de2bd7abda05e00e517ad0d85b1bb12339dcbe05ccd8b5e0de0de", "asset_id": "12535614914084285997184767785923318454161071933642366975151945930020373370140", "timestamp": "1769383996638", "hash": "8c536f75122115d799d01196597235b25dd8dccd", "bids": [], "asks": [{"price": "0.999", "size": "103574.38"}, {"price": "0.998", "size": "1250"}, {"price": "0.997", "size": "30.01"}, {"price": "0.99", "size": "2033"}, {"price": "0.989", "size": "55555"}, {"price": "0.98", "size": "1800"}, {"price": "0.979", "size": "11.79"}, {"price": "0.948", "size": "1000"}, {"price": "0.92", "size": "100"}, {"price": "0.919", "size": "300"}, {"price": "0.918", "size": "10007.94"}, {"price": "0.86", "size": "50"}, {"price": "0.8", "size": "200"}, {"price": "0.799", "size": "176"}, {"price": "0.73", "size": "200"}, {"price": "0.66", "size": "100"}, {"price": "0.5", "size": "1800"}, {"price": "0.499", "size": "1500"}, {"price": "0.477", "size": "228"}, {"price": "0.476", "size": "201"}, {"price": "0.299", "size": "30"}, {"price": "0.278", "size": "7.22"}, {"price": "0.077", "size": "200"}, {"price": "0.022", "size": "29"}, {"price": "0.021", "size": "45.72"}, {"price": "0.015", "size": "216"}, {"price": "0.014", "size": "144"}, {"price": "0.001", "size": "69344.28"}], "event_type": "book", "last_trade_price": "0.999"}, {"market": "0xbbd9bf0e135638e608261797209989d4ced475ece27ecd2ffb15cd86ee4cfdaf", "asset_id": "109557101997166065622834016092196577926689669348753952742467294284334555023005", "timestamp": "1769383996702", "hash": "095a1b19a36c56686a2dc1f63ae537f6ad507715", "bids": [], "asks": [{"price": "0.999", "size": "101337.35"}, {"price": "0.998", "size": "36.86"}, {"price": "0.99", "size": "2033"}, {"price": "0.989", "size": "55555"}, {"price": "0.988", "size": "6.64"}, {"price": "0.98", "size": "1800"}, {"price": "0.979", "size": "10.4"}, {"price": "0.95", "size": "10"}, {"price": "0.948", "size": "11009.94"}, {"price": "0.92", "size": "100"}, {"price": "0.918", "size": "300"}, {"price": "0.86", "size": "50"}, {"price": "0.859", "size": "7.82"}, {"price": "0.8", "size": "200"}, {"price": "0.799", "size": "176"}, {"price": "0.73", "size": "200"}, {"price": "0.72", "size": "7"}, {"price": "0.7", "size": "33.33"}, {"price": "0.66", "size": "100"}, {"price": "0.659", "size": "200.41"}, {"price": "0.41", "size": "70"}, {"price": "0.409", "size": "62"}, {"price": "0.22", "size": "68"}, {"price": "0.2", "size": "81.59"}, {"price": "0.01", "size": "26282.37"}, {"price": "0.009", "size": "144"}, {"price": "0.002", "size": "1934.01"}, {"price": "0.001", "size": "36035.64"}], "event_type": "book", "last_trade_price": "0.999"}]}
{"_local_timestamp": "2026-01-25T23:33:17.759598+00:00", "data": {"market": "0xbbd9bf0e135638e608261797209989d4ced475ece27ecd2ffb15cd86ee4cfdaf", "price_changes": [{"asset_id": "80872438868793615237228308780768590880032317078663006772180513665812976567434", "price": "0.998", "size": "0", "side": "BUY", "hash": "cb17d0c56534e1231bf88e4b3a65b892841f3a71", "best_bid": "0.999", "best_ask": "1"}, {"asset_id": "109557101997166065622834016092196577926689669348753952742467294284334555023005", "price": "0.002", "size": "0", "side": "SELL", "hash": "4ba33342933357cd3853d0178cbe122bf97a28f3", "best_bid": "0", "best_ask": "0.001"}], "timestamp": "1769383997681", "event_type": "price_change"}}
{"_local_timestamp": "2026-01-25T23:33:17.861614+00:00", "data": {"market": "0xbbd9bf0e135638e608261797209989d4ced475ece27ecd2ffb15cd86ee4cfdaf", "price_changes": [{"asset_id": "80872438868793615237228308780768590880032317078663006772180513665812976567434", "price": "0.998", "size": "1934.01", "side": "BUY", "hash": "e449e4fe7d617198db5af018b89da6e6bf9f37be", "best_bid": "0.999", "best_ask": "1"}, {"asset_id": "109557101997166065622834016092196577926689669348753952742467294284334555023005", "price": "0.002", "size": "1934.01", "side": "SELL", "hash": "5c2e77291b68fde460e0f0d14f4c813831990bff", "best_bid": "0", "best_ask": "0.001"}], "timestamp": "1769383997781", "event_type": "price_change"}}
{"_local_timestamp": "2026-01-25T23:33:19.353927+00:00", "data": {"market": "0xbbd9bf0e135638e608261797209989d4ced475ece27ecd2ffb15cd86ee4cfdaf", "price_changes": [{"asset_id": "80872438868793615237228308780768590880032317078663006772180513665812976567434", "price": "0.998", "size": "0", "side": "BUY", "hash": "71a3956220c52987313ccdad400f841e1afa95b8", "best_bid": "0.999", "best_ask": "1"}, {"asset_id": "109557101997166065622834016092196577926689669348753952742467294284334555023005", "price": "0.002", "size": "0", "side": "SELL", "hash": "272a093cf06de3eff3ed2e7472598a360a46e1b9", "best_bid": "0", "best_ask": "0.001"}], "timestamp": "1769383999286", "event_type": "price_change"}}
{"_local_timestamp": "2026-01-25T23:33:19.430251+00:00", "data": {"market": "0xbbd9bf0e135638e608261797209989d4ced475ece27ecd2ffb15cd86ee4cfdaf", "price_changes": [{"asset_id": "80872438868793615237228308780768590880032317078663006772180513665812976567434", "price": "0.998", "size": "1849.1", "side": "BUY", "hash": "790976d5a1561f10c5bd4dcd987665ec4e9a65bc", "best_bid": "0.999", "best_ask": "1"}, {"asset_id": "109557101997166065622834016092196577926689669348753952742467294284334555023005", "price": "0.002", "size": "1849.1", "side": "SELL", "hash": "eb7c6f064fdc88d4fc0d9215336522250089681a", "best_bid": "0", "best_ask": "0.001"}], "timestamp": "1769383999361", "event_type": "price_change"}}
{"_local_timestamp": "2026-01-25T23:33:20.297475+00:00", "data": {"market": "0xbbd9bf0e135638e608261797209989d4ced475ece27ecd2ffb15cd86ee4cfdaf", "price_changes": [{"asset_id": "80872438868793615237228308780768590880032317078663006772180513665812976567434", "price": "0.998", "size": "0", "side": "BUY", "hash": "35db79e89cae9591c23a4e43275d09bb97e29c9b", "best_bid": "0.999", "best_ask": "1"}, {"asset_id": "109557101997166065622834016092196577926689669348753952742467294284334555023005", "price": "0.002", "size": "0", "side": "SELL", "hash": "faf85cbe310da709f5c807662f265bbd715e6695", "best_bid": "0", "best_ask": "0.001"}], "timestamp": "1769384000225", "event_type": "price_change"}}
{"_local_timestamp": "2026-01-25T23:33:20.438702+00:00", "data": {"market": "0xbbd9bf0e135638e608261797209989d4ced475ece27ecd2ffb15cd86ee4cfdaf", "price_changes": [{"asset_id": "80872438868793615237228308780768590880032317078663006772180513665812976567434", "price": "0.998", "size": "1849.1", "side": "BUY", "hash": "c283cf84e3e388c7be9575c00175622b73d55ac9", "best_bid": "0.999", "best_ask": "1"}, {"asset_id": "109557101997166065622834016092196577926689669348753952742467294284334555023005", "price": "0.002", "size": "1849.1", "side": "SELL", "hash": "ccb69e3b91dd434d924614b64c506f09d3721f8d", "best_bid": "0", "best_ask": "0.001"}], "timestamp": "1769384000367", "event_type": "price_change"}}
{"_local_timestamp": "2026-01-25T23:33:20.759809+00:00", "data": {"market": "0xbbd9bf0e135638e608261797209989d4ced475ece27ecd2ffb15cd86ee4cfdaf", "price_changes": [{"asset_id": "80872438868793615237228308780768590880032317078663006772180513665812976567434", "price": "0.998", "size": "0", "side": "BUY", "hash": "efdbf94bca3a93e8097f552ff50c71868bcdefde", "best_bid": "0.999", "best_ask": "1"}, {"asset_id": "109557101997166065622834016092196577926689669348753952742467294284334555023005", "price": "0.002", "size": "0", "side": "SELL", "hash": "63310b0588ff0b3976cb680449c0128d1da32ca5", "best_bid": "0", "best_ask": "0.001"}], "timestamp": "1769384000687", "event_type": "price_change"}}
{"_local_timestamp": "2026-01-25T23:33:20.843299+00:00", "data": {"market": "0xbbd9bf0e135638e608261797209989d4ced475ece27ecd2ffb15cd86ee4cfdaf", "price_changes": [{"asset_id": "80872438868793615237228308780768590880032317078663006772180513665812976567434", "price": "0.998", "size": "1849.1", "side": "BUY", "hash": "f32921cfe7e764346d18c833b26e316b2f244de2", "best_bid": "0.999", "best_ask": "1"}, {"asset_id": "109557101997166065622834016092196577926689669348753952742467294284334555023005", "price": "0.002", "size": "1849.1", "side": "SELL", "hash": "10d0be32174531f3573425b3f6f67ddec380c240", "best_bid": "0", "best_ask": "0.001"}], "timestamp": "1769384000774", "event_type": "price_change"}}
{"_local_timestamp": "2026-01-25T23:33:23.057332+00:00", "data": {"market": "0xbbd9bf0e135638e608261797209989d4ced475ece27ecd2ffb15cd86ee4cfdaf", "price_changes": [{"asset_id": "109557101997166065622834016092196577926689669348753952742467294284334555023005", "price": "0.2", "size": "68", "side": "SELL", "hash": "11bb8c571e880fb69947c254204bb8f13c9b833e", "best_bid": "0", "best_ask": "0.001"}, {"asset_id": "80872438868793615237228308780768590880032317078663006772180513665812976567434", "price": "0.8", "size": "68", "side": "BUY", "hash": "ec96f1f9bef67ee3128882b7f41a6b6adc6f5276", "best_bid": "0.999", "best_ask": "1"}], "timestamp": "1769384002989", "event_type": "price_change"}}
{"_local_timestamp": "2026-01-25T23:33:23.345998+00:00", "data": {"market": "0xbbd9bf0e135638e608261797209989d4ced475ece27ecd2ffb15cd86ee4cfdaf", "price_changes": [{"asset_id": "109557101997166065622834016092196577926689669348753952742467294284334555023005", "price": "0.2", "size": "81.59", "side": "SELL", "hash": "0b178c550613b3df934b401905ade58cf4600ce5", "best_bid": "0", "best_ask": "0.001"}, {"asset_id": "80872438868793615237228308780768590880032317078663006772180513665812976567434", "price": "0.8", "size": "81.59", "side": "BUY", "hash": "0a4875a51496f5f73c85979e252a5a3c6020fc76", "best_bid": "0.999", "best_ask": "1"}], "timestamp": "1769384003276", "event_type": "price_change"}}
{"_local_timestamp": "2026-01-25T23:33:23.625323+00:00", "data": {"market": "0xbbd9bf0e135638e608261797209989d4ced475ece27ecd2ffb15cd86ee4cfdaf", "price_changes": [{"asset_id": "80872438868793615237228308780768590880032317078663006772180513665812976567434", "price": "0.998", "size": "0", "side": "BUY", "hash": "0dd71626ae6ed64c784d76b21fef59ed29875d72", "best_bid": "0.999", "best_ask": "1"}, {"asset_id": "109557101997166065622834016092196577926689669348753952742467294284334555023005", "price": "0.002", "size": "0", "side": "SELL", "hash": "409041687603b09cca469970b5ec36114277c439", "best_bid": "0", "best_ask": "0.001"}], "timestamp": "1769384003547", "event_type": "price_change"}}
{"_local_timestamp": "2026-01-25T23:33:23.657218+00:00", "data": {"market": "0xbbd9bf0e135638e608261797209989d4ced475ece27ecd2ffb15cd86ee4cfdaf", "price_changes": [{"asset_id": "80872438868793615237228308780768590880032317078663006772180513665812976567434", "price": "0.998", "size": "1849.1", "side": "BUY", "hash": "b8b2aaf67e6852e58eb53fb4fe58058f91d4877d", "best_bid": "0.999", "best_ask": "1"}, {"asset_id": "109557101997166065622834016092196577926689669348753952742467294284334555023005", "price": "0.002", "size": "1849.1", "side": "SELL", "hash": "b081028abfcc384680ec311d2f2ef2ba530f81f5", "best_bid": "0", "best_ask": "0.001"}], "timestamp": "1769384003587", "event_type": "price_change"}}
{"_local_timestamp": "2026-01-25T23:33:23.839084+00:00", "data": {"market": "0xbbd9bf0e135638e608261797209989d4ced475ece27ecd2ffb15cd86ee4cfdaf", "price_changes": [{"asset_id": "80872438868793615237228308780768590880032317078663006772180513665812976567434", "price": "0.998", "size": "0", "side": "BUY", "hash": "62bb6ae20c7111c3fbc220be3bbd208afcd837b7", "best_bid": "0.999", "best_ask": "1"}, {"asset_id": "109557101997166065622834016092196577926689669348753952742467294284334555023005", "price": "0.002", "size": "0", "side": "SELL", "hash": "b439eee11ea1a1ac98a090f53c72a36f5f402ecc", "best_bid": "0", "best_ask": "0.001"}], "timestamp": "1769384003771", "event_type": "price_change"}}
{"_local_timestamp": "2026-01-25T23:33:23.939480+00:00", "data": {"market": "0xbbd9bf0e135638e608261797209989d4ced475ece27ecd2ffb15cd86ee4cfdaf", "price_changes": [{"asset_id": "80872438868793615237228308780768590880032317078663006772180513665812976567434", "price": "0.998", "size": "1849.1", "side": "BUY", "hash": "99a6255a36bbb46036257be5add3f0159467b98c", "best_bid": "0.999", "best_ask": "1"}, {"asset_id": "109557101997166065622834016092196577926689669348753952742467294284334555023005", "price": "0.002", "size": "1849.1", "side": "SELL", "hash": "70aac95190190a7f5ae93697f71608012efcf3de", "best_bid": "0", "best_ask": "0.001"}], "timestamp": "1769384003855", "event_type": "price_change"}}
{"_local_timestamp": "2026-01-25T23:33:24.113913+00:00", "data": {"market": "0xbbd9bf0e135638e608261797209989d4ced475ece27ecd2ffb15cd86ee4cfdaf", "price_changes": [{"asset_id": "80872438868793615237228308780768590880032317078663006772180513665812976567434", "price": "0.998", "size": "0", "side": "BUY", "hash": "70ea9a2b372a10ceadacd12c168a240842685a01", "best_bid": "0.999", "best_ask": "1"}, {"asset_id": "109557101997166065622834016092196577926689669348753952742467294284334555023005", "price": "0.002", "size": "0", "side": "SELL", "hash": "14079dcbd19afbda14a7450dfd3a6e3461c55f82", "best_bid": "0", "best_ask": "0.001"}], "timestamp": "1769384004030", "event_type": "price_change"}}
{"_local_timestamp": "2026-01-25T23:33:24.181462+00:00", "data": {"market": "0xbbd9bf0e135638e608261797209989d4ced475ece27ecd2ffb15cd86ee4cfdaf", "price_changes": [{"asset_id": "80872438868793615237228308780768590880032317078663006772180513665812976567434", "price": "0.998", "size": "1849.1", "side": "BUY", "hash": "52fcd6b6f9eadb8d11bcb9f13a5477296da63e4d", "best_bid": "0.999", "best_ask": "1"}, {"asset_id": "109557101997166065622834016092196577926689669348753952742467294284334555023005", "price": "0.002", "size": "1849.1", "side": "SELL", "hash": "2921ad964fc63d47ed20a8f2830952a3685ed089", "best_bid": "0", "best_ask": "0.001"}], "timestamp": "1769384004111", "event_type": "price_change"}}
{"_local_timestamp": "2026-01-25T23:33:24.674178+00:00", "data": {"market": "0xbbd9bf0e135638e608261797209989d4ced475ece27ecd2ffb15cd86ee4cfdaf", "price_changes": [{"asset_id": "80872438868793615237228308780768590880032317078663006772180513665812976567434", "price": "0.083", "size": "10000", "side": "BUY", "hash": "0d9a8d09dbe2562c69fe2083b825d5f8a0e1a967", "best_bid": "0.999", "best_ask": "1"}, {"asset_id": "109557101997166065622834016092196577926689669348753952742467294284334555023005", "price": "0.917", "size": "10000", "side": "SELL", "hash": "1fdaf6f20ddc87379ba2c415d97e1968239b985a", "best_bid": "0", "best_ask": "0.001"}], "timestamp": "1769384004598", "event_type": "price_change"}}
{"_local_timestamp": "2026-01-25T23:33:24.786766+00:00", "data": {"market": "0xbbd9bf0e135638e608261797209989d4ced475ece27ecd2ffb15cd86ee4cfdaf", "price_changes": [{"asset_id": "80872438868793615237228308780768590880032317078663006772180513665812976567434", "price": "0.998", "size": "0", "side": "BUY", "hash": "6deaae5a4d3d79400dd29ad0e79b0ab73b8ccaf1", "best_bid": "0.999", "best_ask": "1"}, {"asset_id": "109557101997166065622834016092196577926689669348753952742467294284334555023005", "price": "0.002", "size": "0", "side": "SELL", "hash": "b8bf6333bb7caef6c79b6764e9baa39e47396423", "best_bid": "0", "best_ask": "0.001"}], "timestamp": "1769384004718", "event_type": "price_change"}}
{"_local_timestamp": "2026-01-25T23:33:24.833941+00:00", "data": {"market": "0xbbd9bf0e135638e608261797209989d4ced475ece27ecd2ffb15cd86ee4cfdaf", "price_changes": [{"asset_id": "80872438868793615237228308780768590880032317078663006772180513665812976567434", "price": "0.998", "size": "1849.1", "side": "BUY", "hash": "7077a8e94c19f952de961d82bab35c0f86ef7178", "best_bid": "0.999", "best_ask": "1"}, {"asset_id": "109557101997166065622834016092196577926689669348753952742467294284334555023005", "price": "0.002", "size": "1849.1", "side": "SELL", "hash": "6c84ec0c457b574d0f9dd404292e18b4aa4f9965", "best_bid": "0", "best_ask": "0.001"}], "timestamp": "1769384004757", "event_type": "price_change"}}
{"_local_timestamp": "2026-01-25T23:33:25.705711+00:00", "data": {"market": "0xbbd9bf0e135638e608261797209989d4ced475ece27ecd2ffb15cd86ee4cfdaf", "price_changes": [{"asset_id": "80872438868793615237228308780768590880032317078663006772180513665812976567434", "price": "0.052", "size": "1009.94", "side": "BUY", "hash": "53e7a318b468bbb69e99c0c2c6d48d656838133c", "best_bid": "0.999", "best_ask": "1"}, {"asset_id": "109557101997166065622834016092196577926689669348753952742467294284334555023005", "price": "0.948", "size": "1009.94", "side": "SELL", "hash": "1ec7c6eb8cc25b415da2971ab3809a62afa0c92c", "best_bid": "0", "best_ask": "0.001"}], "timestamp": "1769384005628", "event_type": "price_change"}}
{"_local_timestamp": "2026-01-25T23:33:25.909096+00:00", "data": {"market": "0xbbd9bf0e135638e608261797209989d4ced475ece27ecd2ffb15cd86ee4cfdaf", "price_changes": [{"asset_id": "80872438868793615237228308780768590880032317078663006772180513665812976567434", "price": "0.998", "size": "0", "side": "BUY", "hash": "84635dc524a579d236c465f413419bc1e2696a3b", "best_bid": "0.999", "best_ask": "1"}, {"asset_id": "109557101997166065622834016092196577926689669348753952742467294284334555023005", "price": "0.002", "size": "0", "side": "SELL", "hash": "a9d151642752d360ea80ffc98e37e8f7cfbfc265", "best_bid": "0", "best_ask": "0.001"}], "timestamp": "1769384005835", "event_type": "price_change"}}
{"_local_timestamp": "2026-01-25T23:33:25.943208+00:00", "data": {"market": "0xbbd9bf0e135638e608261797209989d4ced475ece27ecd2ffb15cd86ee4cfdaf", "price_changes": [{"asset_id": "80872438868793615237228308780768590880032317078663006772180513665812976567434", "price": "0.998", "size": "1849.1", "side": "BUY", "hash": "0f99838b359250cf95641b831a3adbcd5b1550b2", "best_bid": "0.999", "best_ask": "1"}, {"asset_id": "109557101997166065622834016092196577926689669348753952742467294284334555023005", "price": "0.002", "size": "1849.1", "side": "SELL", "hash": "0f159d680ca969e367a9675d1d51c9d6251d5960", "best_bid": "0", "best_ask": "0.001"}], "timestamp": "1769384005873", "event_type": "price_change"}}
{"_local_timestamp": "2026-01-25T23:33:40.506680+00:00", "data": {"market": "0x1afd194d763de2bd7abda05e00e517ad0d85b1bb12339dcbe05ccd8b5e0de0de", "price_changes": [{"asset_id": "101719154660517380687612365015835668227884146293605413205809626106808355686977", "price": "0.081", "size": "200", "side": "BUY", "hash": "2749829f15b01edad2f9800603c3d0f62ca866c8", "best_bid": "0.999", "best_ask": "1"}, {"asset_id": "12535614914084285997184767785923318454161071933642366975151945930020373370140", "price": "0.919", "size": "200", "side": "SELL", "hash": "83b372dec5a4129233b3138914ce65199e84ccde", "best_bid": "0", "best_ask": "0.001"}], "timestamp": "1769384020425", "event_type": "price_change"}}
{"_local_timestamp": "2026-01-25T23:33:40.864224+00:00", "data": {"market": "0xbbd9bf0e135638e608261797209989d4ced475ece27ecd2ffb15cd86ee4cfdaf", "price_changes": [{"asset_id": "80872438868793615237228308780768590880032317078663006772180513665812976567434", "price": "0.998", "size": "0", "side": "BUY", "hash": "7116866382c0e9fe72dacc6ae2d4a8e315bdc6a2", "best_bid": "0.999", "best_ask": "1"}, {"asset_id": "109557101997166065622834016092196577926689669348753952742467294284334555023005", "price": "0.002", "size": "0", "side": "SELL", "hash": "f5be88a20cd7b648cec479e5df6c04a225ef9153", "best_bid": "0", "best_ask": "0.001"}], "timestamp": "1769384020621", "event_type": "price_change"}}
{"_local_timestamp": "2026-01-25T23:33:40.905336+00:00", "data": {"market": "0xbbd9bf0e135638e608261797209989d4ced475ece27ecd2ffb15cd86ee4cfdaf", "price_changes": [{"asset_id": "80872438868793615237228308780768590880032317078663006772180513665812976567434", "price": "0.998", "size": "1872.69", "side": "BUY", "hash": "c7b7d50942146da8f6d1393caf2f9b877e330419", "best_bid": "0.999", "best_ask": "1"}, {"asset_id": "109557101997166065622834016092196577926689669348753952742467294284334555023005", "price": "0.002", "size": "1872.69", "side": "SELL", "hash": "30abd4b173475ffdc57747acfb1484313ed7c33c", "best_bid": "0", "best_ask": "0.001"}], "timestamp": "1769384020720", "event_type": "price_change"}}
{"_local_timestamp": "2026-01-25T23:33:40.910292+00:00", "data": {"market": "0x1afd194d763de2bd7abda05e00e517ad0d85b1bb12339dcbe05ccd8b5e0de0de", "price_changes": [{"asset_id": "101719154660517380687612365015835668227884146293605413205809626106808355686977", "price": "0.082", "size": "10107.94", "side": "BUY", "hash": "5e2fb1de4c8af3f6ef6c7c283f3c65d5838a4119", "best_bid": "0.999", "best_ask": "1"}, {"asset_id": "12535614914084285997184767785923318454161071933642366975151945930020373370140", "price": "0.918", "size": "10107.94", "side": "SELL", "hash": "cd06c29fb6f47afa90a7ef3bfa8e6a67dcbddd19", "best_bid": "0", "best_ask": "0.001"}], "timestamp": "1769384020772", "event_type": "price_change"}}
{"_local_timestamp": "2026-01-25T23:33:41.006978+00:00", "data": {"market": "0xbbd9bf0e135638e608261797209989d4ced475ece27ecd2ffb15cd86ee4cfdaf", "price_changes": [{"asset_id": "80872438868793615237228308780768590880032317078663006772180513665812976567434", "price": "0.998", "size": "0", "side": "BUY", "hash": "df6f9841a8733505717174f1cd8f186d0438b076", "best_bid": "0.999", "best_ask": "1"}, {"asset_id": "109557101997166065622834016092196577926689669348753952742467294284334555023005", "price": "0.002", "size": "0", "side": "SELL", "hash": "fb850076d2e55fa13cbe39f2b8b9a17bdd4a343a", "best_bid": "0", "best_ask": "0.001"}], "timestamp": "1769384020930", "event_type": "price_change"}}
{"_local_timestamp": "2026-01-25T23:33:41.099178+00:00", "data": {"market": "0xbbd9bf0e135638e608261797209989d4ced475ece27ecd2ffb15cd86ee4cfdaf", "price_changes": [{"asset_id": "80872438868793615237228308780768590880032317078663006772180513665812976567434", "price": "0.998", "size": "1872.69", "side": "BUY", "hash": "0a6fc43dd2d9e9826facdb951d1b0e82e5867c5e", "best_bid": "0.999", "best_ask": "1"}, {"asset_id": "109557101997166065622834016092196577926689669348753952742467294284334555023005", "price": "0.002", "size": "1872.69", "side": "SELL", "hash": "94730118b0a6e0cccb1ca4c80388004cccb4bfd5", "best_bid": "0", "best_ask": "0.001"}], "timestamp": "1769384021003", "event_type": "price_change"}}
{"_local_timestamp": "2026-01-25T23:33:41.350333+00:00", "data": {"market": "0xbbd9bf0e135638e608261797209989d4ced475ece27ecd2ffb15cd86ee4cfdaf", "price_changes": [{"asset_id": "80872438868793615237228308780768590880032317078663006772180513665812976567434", "price": "0.998", "size": "0", "side": "BUY", "hash": "3f114a00753a948a932a70de6109dd8affa766cb", "best_bid": "0.999", "best_ask": "1"}, {"asset_id": "109557101997166065622834016092196577926689669348753952742467294284334555023005", "price": "0.002", "size": "0", "side": "SELL", "hash": "3273df90402f0c9db194355fdaae7837aa01b851", "best_bid": "0", "best_ask": "0.001"}], "timestamp": "1769384021264", "event_type": "price_change"}}
{"_local_timestamp": "2026-01-25T23:33:41.488053+00:00", "data": {"market": "0xbbd9bf0e135638e608261797209989d4ced475ece27ecd2ffb15cd86ee4cfdaf", "price_changes": [{"asset_id": "80872438868793615237228308780768590880032317078663006772180513665812976567434", "price": "0.998", "size": "1872.69", "side": "BUY", "hash": "90509d857b0af19b9a78674ac2764fdee6b59a52", "best_bid": "0.999", "best_ask": "1"}, {"asset_id": "109557101997166065622834016092196577926689669348753952742467294284334555023005", "price": "0.002", "size": "1872.69", "side": "SELL", "hash": "88694626ce62c66e85c7fa3612c6fd6b15222633", "best_bid": "0", "best_ask": "0.001"}], "timestamp": "1769384021415", "event_type": "price_change"}}
{"_local_timestamp": "2026-01-25T23:33:41.661606+00:00", "data": {"market": "0xbbd9bf0e135638e608261797209989d4ced475ece27ecd2ffb15cd86ee4cfdaf", "price_changes": [{"asset_id": "80872438868793615237228308780768590880032317078663006772180513665812976567434", "price": "0.998", "size": "0", "side": "BUY", "hash": "2c1fbb3f714ab54bfabd5fb581c5a16a8c5b45e4", "best_bid": "0.999", "best_ask": "1"}, {"asset_id": "109557101997166065622834016092196577926689669348753952742467294284334555023005", "price": "0.002", "size": "0", "side": "SELL", "hash": "80b5365637960a9ea391ffd5ffad29747cd25cba", "best_bid": "0", "best_ask": "0.001"}], "timestamp": "1769384021584", "event_type": "price_change"}}
{"_local_timestamp": "2026-01-25T23:33:41.690865+00:00", "data": {"market": "0xbbd9bf0e135638e608261797209989d4ced475ece27ecd2ffb15cd86ee4cfdaf", "price_changes": [{"asset_id": "80872438868793615237228308780768590880032317078663006772180513665812976567434", "price": "0.08", "size": "0", "side": "BUY", "hash": "d3de91ae3b85d23130c1e37241eec05b7d51ba2c", "best_bid": "0.999", "best_ask": "1"}, {"asset_id": "109557101997166065622834016092196577926689669348753952742467294284334555023005", "price": "0.92", "size": "0", "side": "SELL", "hash": "4ac3a8978cd760236a0a358bb0f2054f86187a3a", "best_bid": "0", "best_ask": "0.001"}], "timestamp": "1769384021609", "event_type": "price_change"}}
{"_local_timestamp": "2026-01-25T23:33:41.691664+00:00", "data": {"market": "0xbbd9bf0e135638e608261797209989d4ced475ece27ecd2ffb15cd86ee4cfdaf", "price_changes": [{"asset_id": "80872438868793615237228308780768590880032317078663006772180513665812976567434", "price": "0.052", "size": "909.94", "side": "BUY", "hash": "d3de91ae3b85d23130c1e37241eec05b7d51ba2c", "best_bid": "0.999", "best_ask": "1"}, {"asset_id": "109557101997166065622834016092196577926689669348753952742467294284334555023005", "price": "0.948", "size": "909.94", "side": "SELL", "hash": "4ac3a8978cd760236a0a358bb0f2054f86187a3a", "best_bid": "0", "best_ask": "0.001"}], "timestamp": "1769384021609", "event_type": "price_change"}}
{"_local_timestamp": "2026-01-25T23:33:41.693273+00:00", "data": {"market": "0x1afd194d763de2bd7abda05e00e517ad0d85b1bb12339dcbe05ccd8b5e0de0de", "price_changes": [{"asset_id": "101719154660517380687612365015835668227884146293605413205809626106808355686977", "price": "0.052", "size": "900", "side": "BUY", "hash": "a421162f298c1ccc5dd618053457448c34f0337f", "best_bid": "0.999", "best_ask": "1"}, {"asset_id": "12535614914084285997184767785923318454161071933642366975151945930020373370140", "price": "0.948", "size": "900", "side": "SELL", "hash": "7100910d6a47a64eabf8c7a81faa0056275edf61", "best_bid": "0", "best_ask": "0.001"}], "timestamp": "1769384021609", "event_type": "price_change"}}
{"_local_timestamp": "2026-01-25T23:33:41.693917+00:00", "data": {"market": "0x1afd194d763de2bd7abda05e00e517ad0d85b1bb12339dcbe05ccd8b5e0de0de", "price_changes": [{"asset_id": "101719154660517380687612365015835668227884146293605413205809626106808355686977", "price": "0.08", "size": "0", "side": "BUY", "hash": "a421162f298c1ccc5dd618053457448c34f0337f", "best_bid": "0.999", "best_ask": "1"}, {"asset_id": "12535614914084285997184767785923318454161071933642366975151945930020373370140", "price": "0.92", "size": "0", "side": "SELL", "hash": "7100910d6a47a64eabf8c7a81faa0056275edf61", "best_bid": "0", "best_ask": "0.001"}], "timestamp": "1769384021609", "event_type": "price_change"}}
{"_local_timestamp": "2026-01-25T23:33:42.039722+00:00", "data": {"market": "0xbbd9bf0e135638e608261797209989d4ced475ece27ecd2ffb15cd86ee4cfdaf", "price_changes": [{"asset_id": "80872438868793615237228308780768590880032317078663006772180513665812976567434", "price": "0.083", "size": "10100", "side": "BUY", "hash": "311c6de7cc6f6dcff2de38c16bef0c688bd86d3c", "best_bid": "0.999", "best_ask": "1"}, {"asset_id": "109557101997166065622834016092196577926689669348753952742467294284334555023005", "price": "0.917", "size": "10100", "side": "SELL", "hash": "b8c0e5c28c6ab96375afd007fe4b50b980acb5dc", "best_bid": "0", "best_ask": "0.001"}], "timestamp": "1769384021924", "event_type": "price_change"}}
{"_local_timestamp": "2026-01-25T23:33:42.041592+00:00", "data": {"market": "0x1afd194d763de2bd7abda05e00e517ad0d85b1bb12339dcbe05ccd8b5e0de0de", "price_changes": [{"asset_id": "101719154660517380687612365015835668227884146293605413205809626106808355686977", "price": "0.082", "size": "10207.94", "side": "BUY", "hash": "4406d0d5f95142f6fed17eb9669195e020fc8efa", "best_bid": "0.999", "best_ask": "1"}, {"asset_id": "12535614914084285997184767785923318454161071933642366975151945930020373370140", "price": "0.918", "size": "10207.94", "side": "SELL", "hash": "da8c72dc3b03ee85aca671482cb4166747db05c7", "best_bid": "0", "best_ask": "0.001"}], "timestamp": "1769384021924", "event_type": "price_change"}}
{"_local_timestamp": "2026-01-25T23:33:42.054767+00:00", "data": {"market": "0x1afd194d763de2bd7abda05e00e517ad0d85b1bb12339dcbe05ccd8b5e0de0de", "price_changes": [{"asset_id": "101719154660517380687612365015835668227884146293605413205809626106808355686977", "price": "0.03", "size": "100", "side": "BUY", "hash": "90b0e3057c9a1f74cf3b6cee38d7f72424be7adc", "best_bid": "0.999", "best_ask": "1"}, {"asset_id": "12535614914084285997184767785923318454161071933642366975151945930020373370140", "price": "0.97", "size": "100", "side": "SELL", "hash": "53554b8656c5b174f91e0349b0af1f39d6be6c59", "best_bid": "0", "best_ask": "0.001"}], "timestamp": "1769384021925", "event_type": "price_change"}}
{"_local_timestamp": "2026-01-25T23:33:42.055329+00:00", "data": {"market": "0xbbd9bf0e135638e608261797209989d4ced475ece27ecd2ffb15cd86ee4cfdaf", "price_changes": [{"asset_id": "80872438868793615237228308780768590880032317078663006772180513665812976567434", "price": "0.03", "size": "100", "side": "BUY", "hash": "49553963295422b0c7faec963bfb52b6d3a338c1", "best_bid": "0.999", "best_ask": "1"}, {"asset_id": "109557101997166065622834016092196577926689669348753952742467294284334555023005", "price": "0.97", "size": "100", "side": "SELL", "hash": "c344e3a87c939c54fd6e17520b47f66f71fd0f4b", "best_bid": "0", "best_ask": "0.001"}], "timestamp": "1769384021928", "event_type": "price_change"}}
{"_local_timestamp": "2026-01-25T23:33:42.123412+00:00", "data": {"market": "0xbbd9bf0e135638e608261797209989d4ced475ece27ecd2ffb15cd86ee4cfdaf", "price_changes": [{"asset_id": "80872438868793615237228308780768590880032317078663006772180513665812976567434", "price": "0.998", "size": "1872.69", "side": "BUY", "hash": "002857d5b147e8b15a9e14215f8e1dbc7ffba55c", "best_bid": "0.999", "best_ask": "1"}, {"asset_id": "109557101997166065622834016092196577926689669348753952742467294284334555023005", "price": "0.002", "size": "1872.69", "side": "SELL", "hash": "fda0192b16776a428f9a78fff2ccb70af906a686", "best_bid": "0", "best_ask": "0.001"}], "timestamp": "1769384022050", "event_type": "price_change"}}
{"_local_timestamp": "2026-01-25T23:33:42.243038+00:00", "data": {"market": "0xbbd9bf0e135638e608261797209989d4ced475ece27ecd2ffb15cd86ee4cfdaf", "price_changes": [{"asset_id": "80872438868793615237228308780768590880032317078663006772180513665812976567434", "price": "0.998", "size": "0", "side": "BUY", "hash": "2ff43ecf931d119fe8aa3d579c716938380c41c9", "best_bid": "0.999", "best_ask": "1"}, {"asset_id": "109557101997166065622834016092196577926689669348753952742467294284334555023005", "price": "0.002", "size": "0", "side": "SELL", "hash": "c896d0af0bc4b051cefdc41cd8ba8ef121f8afb1", "best_bid": "0", "best_ask": "0.001"}], "timestamp": "1769384022175", "event_type": "price_change"}}
{"_local_timestamp": "2026-01-25T23:33:44.328054+00:00", "data": {"market": "0xbbd9bf0e135638e608261797209989d4ced475ece27ecd2ffb15cd86ee4cfdaf", "price_changes": [{"asset_id": "80872438868793615237228308780768590880032317078663006772180513665812976567434", "price": "0.999", "size": "36031.7", "side": "BUY", "hash": "85b9a0e8764f4335e43fcfc904640847709c35a6", "best_bid": "0.999", "best_ask": "1"}, {"asset_id": "109557101997166065622834016092196577926689669348753952742467294284334555023005", "price": "0.001", "size": "36031.7", "side": "SELL", "hash": "ca50deb63f51f5b10fa0dc856adcb9d1ec42a93f", "best_bid": "0", "best_ask": "0.001"}], "timestamp": "1769384024256", "event_type": "price_change"}}
{"_local_timestamp": "2026-01-25T23:33:44.332688+00:00", "data": {"market": "0xbbd9bf0e135638e608261797209989d4ced475ece27ecd2ffb15cd86ee4cfdaf", "asset_id": "109557101997166065622834016092196577926689669348753952742467294284334555023005", "bids": [], "asks": [{"price": "0.999", "size": "101337.35"}, {"price": "0.998", "size": "36.86"}, {"price": "0.99", "size": "2033"}, {"price": "0.989", "size": "55555"}, {"price": "0.988", "size": "6.64"}, {"price": "0.98", "size": "1800"}, {"price": "0.979", "size": "10.4"}, {"price": "0.97", "size": "100"}, {"price": "0.95", "size": "10"}, {"price": "0.948", "size": "909.94"}, {"price": "0.918", "size": "300"}, {"price": "0.917", "size": "10100"}, {"price": "0.86", "size": "50"}, {"price": "0.859", "size": "7.82"}, {"price": "0.8", "size": "200"}, {"price": "0.799", "size": "176"}, {"price": "0.73", "size": "200"}, {"price": "0.72", "size": "7"}, {"price": "0.7", "size": "33.33"}, {"price": "0.66", "size": "100"}, {"price": "0.659", "size": "200.41"}, {"price": "0.41", "size": "70"}, {"price": "0.409", "size": "62"}, {"price": "0.22", "size": "68"}, {"price": "0.2", "size": "81.59"}, {"price": "0.01", "size": "26282.37"}, {"price": "0.009", "size": "144"}, {"price": "0.001", "size": "36031.7"}], "hash": "ca50deb63f51f5b10fa0dc856adcb9d1ec42a93f", "timestamp": "1769384024256", "event_type": "book"}}
{"_local_timestamp": "2026-01-25T23:33:44.333159+00:00", "data": {"market": "0xbbd9bf0e135638e608261797209989d4ced475ece27ecd2ffb15cd86ee4cfdaf", "asset_id": "80872438868793615237228308780768590880032317078663006772180513665812976567434", "bids": [{"price": "0.001", "size": "101337.35"}, {"price": "0.002", "size": "36.86"}, {"price": "0.01", "size": "2033"}, {"price": "0.011", "size": "55555"}, {"price": "0.012", "size": "6.64"}, {"price": "0.02", "size": "1800"}, {"price": "0.021", "size": "10.4"}, {"price": "0.03", "size": "100"}, {"price": "0.05", "size": "10"}, {"price": "0.052", "size": "909.94"}, {"price": "0.082", "size": "300"}, {"price": "0.083", "size": "10100"}, {"price": "0.14", "size": "50"}, {"price": "0.141", "size": "7.82"}, {"price": "0.2", "size": "200"}, {"price": "0.201", "size": "176"}, {"price": "0.27", "size": "200"}, {"price": "0.28", "size": "7"}, {"price": "0.3", "size": "33.33"}, {"price": "0.34", "size": "100"}, {"price": "0.341", "size": "200.41"}, {"price": "0.59", "size": "70"}, {"price": "0.591", "size": "62"}, {"price": "0.78", "size": "68"}, {"price": "0.8", "size": "81.59"}, {"price": "0.99", "size": "26282.37"}, {"price": "0.991", "size": "144"}, {"price": "0.999", "size": "36031.7"}], "asks": [], "hash": "85b9a0e8764f4335e43fcfc904640847709c35a6", "timestamp": "1769384024256", "event_type": "book"}}
{"_local_timestamp": "2026-01-25T23:33:44.362022+00:00", "data": {"market": "0xbbd9bf0e135638e608261797209989d4ced475ece27ecd2ffb15cd86ee4cfdaf", "asset_id": "80872438868793615237228308780768590880032317078663006772180513665812976567434", "price": "0.999", "size": "3.94", "fee_rate_bps": "0", "side": "SELL", "timestamp": "1769384024282", "event_type": "last_trade_price", "transaction_hash": "0xd09654c4da02fbb45192dd801742f1c5294b585db9bb08aca1836307941447e8"}}
{"_local_timestamp": "2026-01-25T23:33:44.362426+00:00", "data": {"market": "0xbbd9bf0e135638e608261797209989d4ced475ece27ecd2ffb15cd86ee4cfdaf", "price_changes": [{"asset_id": "80872438868793615237228308780768590880032317078663006772180513665812976567434", "price": "0.998", "size": "1957.69", "side": "BUY", "hash": "d603c62b2b7019ae38b31fd445847eb91f0f6924", "best_bid": "0.999", "best_ask": "1"}, {"asset_id": "109557101997166065622834016092196577926689669348753952742467294284334555023005", "price": "0.002", "size": "1957.69", "side": "SELL", "hash": "d4ca2c05e870ece94505d427b66088f2b68325b3", "best_bid": "0", "best_ask": "0.001"}], "timestamp": "1769384024288", "event_type": "price_change"}}
{"_local_timestamp": "2026-01-25T23:33:48.037088+00:00", "data": {"market": "0x1afd194d763de2bd7abda05e00e517ad0d85b1bb12339dcbe05ccd8b5e0de0de", "price_changes": [{"asset_id": "101719154660517380687612365015835668227884146293605413205809626106808355686977", "price": "0.081", "size": "100", "side": "BUY", "hash": "8e0412c6b1407e9cf7228b83df1e46b45111b060", "best_bid": "0.999", "best_ask": "1"}, {"asset_id": "12535614914084285997184767785923318454161071933642366975151945930020373370140", "price": "0.919", "size": "100", "side": "SELL", "hash": "f0697f833b9c09c0fc08470388f195dae0142263", "best_bid": "0", "best_ask": "0.001"}], "timestamp": "1769384027936", "event_type": "price_change"}}
{"_local_timestamp": "2026-01-25T23:33:48.042745+00:00", "data": {"market": "0xbbd9bf0e135638e608261797209989d4ced475ece27ecd2ffb15cd86ee4cfdaf", "price_changes": [{"asset_id": "80872438868793615237228308780768590880032317078663006772180513665812976567434", "price": "0.082", "size": "200", "side": "BUY", "hash": "f786bfe082a65583453059aba767170260021215", "best_bid": "0.999", "best_ask": "1"}, {"asset_id": "109557101997166065622834016092196577926689669348753952742467294284334555023005", "price": "0.918", "size": "200", "side": "SELL", "hash": "caa74025e343dea3c2569375cd7143c2ffd4cb5c", "best_bid": "0", "best_ask": "0.001"}], "timestamp": "1769384027936", "event_type": "price_change"}}
{"_local_timestamp": "2026-01-25T23:33:48.254297+00:00", "data": {"market": "0xbbd9bf0e135638e608261797209989d4ced475ece27ecd2ffb15cd86ee4cfdaf", "price_changes": [{"asset_id": "80872438868793615237228308780768590880032317078663006772180513665812976567434", "price": "0.998", "size": "0", "side": "BUY", "hash": "6c307ed2d54b6207a1857a9b73880905fead7f1f", "best_bid": "0.999", "best_ask": "1"}, {"asset_id": "109557101997166065622834016092196577926689669348753952742467294284334555023005", "price": "0.002", "size": "0", "side": "SELL", "hash": "cdcf2908e4340d692422c349572a8ee3a3535d0c", "best_bid": "0", "best_ask": "0.001"}], "timestamp": "1769384028183", "event_type": "price_change"}}
{"_local_timestamp": "2026-01-25T23:33:48.381917+00:00", "data": {"market": "0xbbd9bf0e135638e608261797209989d4ced475ece27ecd2ffb15cd86ee4cfdaf", "price_changes": [{"asset_id": "80872438868793615237228308780768590880032317078663006772180513665812976567434", "price": "0.998", "size": "1957.69", "side": "BUY", "hash": "c93ad13c2a0178575d6952ab68748cb9714d612b", "best_bid": "0.999", "best_ask": "1"}, {"asset_id": "109557101997166065622834016092196577926689669348753952742467294284334555023005", "price": "0.002", "size": "1957.69", "side": "SELL", "hash": "dd6887eb5562a8d7f561a21a630f130e4feae6cb", "best_bid": "0", "best_ask": "0.001"}], "timestamp": "1769384028315", "event_type": "price_change"}}
{"_local_timestamp": "2026-01-25T23:33:48.593457+00:00", "data": {"market": "0xbbd9bf0e135638e608261797209989d4ced475ece27ecd2ffb15cd86ee4cfdaf", "price_changes": [{"asset_id": "80872438868793615237228308780768590880032317078663006772180513665812976567434", "price": "0.998", "size": "0", "side": "BUY", "hash": "ca304f2298ec222a743603052fb8be34bb5382a2", "best_bid": "0.999", "best_ask": "1"}, {"asset_id": "109557101997166065622834016092196577926689669348753952742467294284334555023005", "price": "0.002", "size": "0", "side": "SELL", "hash": "bc6b37a419916b3429422219547afb228efb9cde", "best_bid": "0", "best_ask": "0.001"}], "timestamp": "1769384028525", "event_type": "price_change"}}
{"_local_timestamp": "2026-01-25T23:33:48.722690+00:00", "data": {"market": "0xbbd9bf0e135638e608261797209989d4ced475ece27ecd2ffb15cd86ee4cfdaf", "price_changes": [{"asset_id": "80872438868793615237228308780768590880032317078663006772180513665812976567434", "price": "0.998", "size": "1957.69", "side": "BUY", "hash": "8bca9547c2016316a4b6d6a95a1ce61296a825cf", "best_bid": "0.999", "best_ask": "1"}, {"asset_id": "109557101997166065622834016092196577926689669348753952742467294284334555023005", "price": "0.002", "size": "1957.69", "side": "SELL", "hash": "65ce87fa3c62f9cfdaee248e8d2a11753b9500ca", "best_bid": "0", "best_ask": "0.001"}], "timestamp": "1769384028656", "event_type": "price_change"}}
{"_local_timestamp": "2026-01-25T23:33:48.939867+00:00", "data": {"market": "0xbbd9bf0e135638e608261797209989d4ced475ece27ecd2ffb15cd86ee4cfdaf", "price_changes": [{"asset_id": "80872438868793615237228308780768590880032317078663006772180513665812976567434", "price": "0.998", "size": "0", "side": "BUY", "hash": "3c2bbfe62252154afa2cc353c63619faf98b53d3", "best_bid": "0.999", "best_ask": "1"}, {"asset_id": "109557101997166065622834016092196577926689669348753952742467294284334555023005", "price": "0.002", "size": "0", "side": "SELL", "hash": "b0b6b9e59267a668982936e44c93ec7dbda9d3ba", "best_bid": "0", "best_ask": "0.001"}], "timestamp": "1769384028871", "event_type": "price_change"}}
{"_local_timestamp": "2026-01-25T23:33:49.019890+00:00", "data": {"market": "0xbbd9bf0e135638e608261797209989d4ced475ece27ecd2ffb15cd86ee4cfdaf", "price_changes": [{"asset_id": "80872438868793615237228308780768590880032317078663006772180513665812976567434", "price": "0.998", "size": "1957.69", "side": "BUY", "hash": "684e83a924ede743c166e96f4d8ebb8656ef3d70", "best_bid": "0.999", "best_ask": "1"}, {"asset_id": "109557101997166065622834016092196577926689669348753952742467294284334555023005", "price": "0.002", "size": "1957.69", "side": "SELL", "hash": "2ef77e256773d55a1947f763c9ad91b5894df92e", "best_bid": "0", "best_ask": "0.001"}], "timestamp": "1769384028947", "event_type": "price_change"}}
{"_local_timestamp": "2026-01-25T23:33:49.154568+00:00", "data": {"market": "0xbbd9bf0e135638e608261797209989d4ced475ece27ecd2ffb15cd86ee4cfdaf", "price_changes": [{"asset_id": "80872438868793615237228308780768590880032317078663006772180513665812976567434", "price": "0.021", "size": "0", "side": "BUY", "hash": "7e496a650aff8071063d84e33ffe2b9a35c8b387", "best_bid": "0.999", "best_ask": "1"}, {"asset_id": "109557101997166065622834016092196577926689669348753952742467294284334555023005", "price": "0.979", "size": "0", "side": "SELL", "hash": "c06a8c5bc1ed87a1568bbe5a731fea31cef0682a", "best_bid": "0", "best_ask": "0.001"}], "timestamp": "1769384029075", "event_type": "price_change"}}
{"_local_timestamp": "2026-01-25T23:33:49.155001+00:00", "data": {"market": "0xbbd9bf0e135638e608261797209989d4ced475ece27ecd2ffb15cd86ee4cfdaf", "price_changes": [{"asset_id": "80872438868793615237228308780768590880032317078663006772180513665812976567434", "price": "0.052", "size": "900", "side": "BUY", "hash": "7e496a650aff8071063d84e33ffe2b9a35c8b387", "best_bid": "0.999", "best_ask": "1"}, {"asset_id": "109557101997166065622834016092196577926689669348753952742467294284334555023005", "price": "0.948", "size": "900", "side": "SELL", "hash": "c06a8c5bc1ed87a1568bbe5a731fea31cef0682a", "best_bid": "0", "best_ask": "0.001"}], "timestamp": "1769384029075", "event_type": "price_change"}}
{"_local_timestamp": "2026-01-25T23:33:49.214481+00:00", "data": {"market": "0xbbd9bf0e135638e608261797209989d4ced475ece27ecd2ffb15cd86ee4cfdaf", "price_changes": [{"asset_id": "80872438868793615237228308780768590880032317078663006772180513665812976567434", "price": "0.998", "size": "0", "side": "BUY", "hash": "02e6bf399d6f230c5378c3f8388e510bc9db1dc0", "best_bid": "0.999", "best_ask": "1"}, {"asset_id": "109557101997166065622834016092196577926689669348753952742467294284334555023005", "price": "0.002", "size": "0", "side": "SELL", "hash": "902a4f1cbcf96da6a63cbd0c0111059dc3f4d57d", "best_bid": "0", "best_ask": "0.001"}], "timestamp": "1769384029147", "event_type": "price_change"}}
{"_local_timestamp": "2026-01-25T23:33:49.351721+00:00", "data": {"market": "0xbbd9bf0e135638e608261797209989d4ced475ece27ecd2ffb15cd86ee4cfdaf", "price_changes": [{"asset_id": "80872438868793615237228308780768590880032317078663006772180513665812976567434", "price": "0.998", "size": "1957.69", "side": "BUY", "hash": "4ea8a1c5fdbdcae9061e0321141f583b55e459f2", "best_bid": "0.999", "best_ask": "1"}, {"asset_id": "109557101997166065622834016092196577926689669348753952742467294284334555023005", "price": "0.002", "size": "1957.69", "side": "SELL", "hash": "6eebe70c8058f056e655e519b851cdac19bf8fc6", "best_bid": "0", "best_ask": "0.001"}], "timestamp": "1769384029261", "event_type": "price_change"}}
{"_local_timestamp": "2026-01-25T23:33:49.386027+00:00", "data": {"market": "0xbbd9bf0e135638e608261797209989d4ced475ece27ecd2ffb15cd86ee4cfdaf", "price_changes": [{"asset_id": "80872438868793615237228308780768590880032317078663006772180513665812976567434", "price": "0.083", "size": "10200", "side": "BUY", "hash": "136563bcf16c3746265bb3562e571a534b3a1a45", "best_bid": "0.999", "best_ask": "1"}, {"asset_id": "109557101997166065622834016092196577926689669348753952742467294284334555023005", "price": "0.917", "size": "10200", "side": "SELL", "hash": "f8fc32b93e4d347444bd12e07452ab260b4fb033", "best_bid": "0", "best_ask": "0.001"}], "timestamp": "1769384029315", "event_type": "price_change"}}
{"_local_timestamp": "2026-01-25T23:33:49.386561+00:00", "data": {"market": "0x1afd194d763de2bd7abda05e00e517ad0d85b1bb12339dcbe05ccd8b5e0de0de", "price_changes": [{"asset_id": "101719154660517380687612365015835668227884146293605413205809626106808355686977", "price": "0.082", "size": "10307.94", "side": "BUY", "hash": "63d584bfc8cd19652a95dec48f58dad5432873f4", "best_bid": "0.999", "best_ask": "1"}, {"asset_id": "12535614914084285997184767785923318454161071933642366975151945930020373370140", "price": "0.918", "size": "10307.94", "side": "SELL", "hash": "b96f0420be671c7c59932bf5e3a0931933674d0a", "best_bid": "0", "best_ask": "0.001"}], "timestamp": "1769384029315", "event_type": "price_change"}}
{"_local_timestamp": "2026-01-25T23:33:49.485961+00:00", "data": {"market": "0xbbd9bf0e135638e608261797209989d4ced475ece27ecd2ffb15cd86ee4cfdaf", "price_changes": [{"asset_id": "80872438868793615237228308780768590880032317078663006772180513665812976567434", "price": "0.012", "size": "12.28", "side": "BUY", "hash": "73e5c6e6f27b1837f31ca38106a3bdb96b47280d", "best_bid": "0.999", "best_ask": "1"}, {"asset_id": "109557101997166065622834016092196577926689669348753952742467294284334555023005", "price": "0.988", "size": "12.28", "side": "SELL", "hash": "c9cbb281ad0d10ed8d20274d5108136dfdc34e3e", "best_bid": "0", "best_ask": "0.001"}], "timestamp": "1769384029417", "event_type": "price_change"}}
{"_local_timestamp": "2026-01-25T23:33:49.486311+00:00", "data": {"market": "0xbbd9bf0e135638e608261797209989d4ced475ece27ecd2ffb15cd86ee4cfdaf", "price_changes": [{"asset_id": "80872438868793615237228308780768590880032317078663006772180513665812976567434", "price": "0.053", "size": "9.61", "side": "BUY", "hash": "301d59f8ee46ea2f044067931e092fc76b0a0b9f", "best_bid": "0.999", "best_ask": "1"}, {"asset_id": "109557101997166065622834016092196577926689669348753952742467294284334555023005", "price": "0.947", "size": "9.61", "side": "SELL", "hash": "1071c3cd8271e4d835fe0de3839ab2bb11c4b1b3", "best_bid": "0", "best_ask": "0.001"}], "timestamp": "1769384029419", "event_type": "price_change"}}
{"_local_timestamp": "2026-01-25T23:33:49.490042+00:00", "data": {"market": "0xbbd9bf0e135638e608261797209989d4ced475ece27ecd2ffb15cd86ee4cfdaf", "price_changes": [{"asset_id": "80872438868793615237228308780768590880032317078663006772180513665812976567434", "price": "0.031", "size": "5.1", "side": "BUY", "hash": "cd3ffd0e0262c8e0a6f3a2973fe03963e2b80807", "best_bid": "0.999", "best_ask": "1"}, {"asset_id": "109557101997166065622834016092196577926689669348753952742467294284334555023005", "price": "0.969", "size": "5.1", "side": "SELL", "hash": "dacbbff08200bb4bc6635bf2bfd94314e6ecb74c", "best_bid": "0", "best_ask": "0.001"}], "timestamp": "1769384029420", "event_type": "price_change"}}
{"_local_timestamp": "2026-01-25T23:33:49.525698+00:00", "data": {"market": "0xbbd9bf0e135638e608261797209989d4ced475ece27ecd2ffb15cd86ee4cfdaf", "price_changes": [{"asset_id": "80872438868793615237228308780768590880032317078663006772180513665812976567434", "price": "0.998", "size": "0", "side": "BUY", "hash": "5f5445a38a8df391c73f7cd36f2845b982ff4c27", "best_bid": "0.999", "best_ask": "1"}, {"asset_id": "109557101997166065622834016092196577926689669348753952742467294284334555023005", "price": "0.002", "size": "0", "side": "SELL", "hash": "65544f36ccadfcb196f9cb22d95a48d0017a514b", "best_bid": "0", "best_ask": "0.001"}], "timestamp": "1769384029457", "event_type": "price_change"}}
{"_local_timestamp": "2026-01-25T23:33:49.619895+00:00", "data": {"market": "0xbbd9bf0e135638e608261797209989d4ced475ece27ecd2ffb15cd86ee4cfdaf", "price_changes": [{"asset_id": "80872438868793615237228308780768590880032317078663006772180513665812976567434", "price": "0.998", "size": "1957.69", "side": "BUY", "hash": "fb15943183f16f7eae3aa843a202abefb77b4e22", "best_bid": "0.999", "best_ask": "1"}, {"asset_id": "109557101997166065622834016092196577926689669348753952742467294284334555023005", "price": "0.002", "size": "1957.69", "side": "SELL", "hash": "77ee19a1fbd7e02e1cc8dd794f9ed93fba837fa7", "best_bid": "0", "best_ask": "0.001"}], "timestamp": "1769384029553", "event_type": "price_change"}}
{"_local_timestamp": "2026-01-25T23:34:03.616183+00:00", "data": {"market": "0xbbd9bf0e135638e608261797209989d4ced475ece27ecd2ffb15cd86ee4cfdaf", "price_changes": [{"asset_id": "80872438868793615237228308780768590880032317078663006772180513665812976567434", "price": "0.082", "size": "100", "side": "BUY", "hash": "6ef2ab29bc56ff8aee7c3061d266aef65991ddd7", "best_bid": "0.999", "best_ask": "1"}, {"asset_id": "109557101997166065622834016092196577926689669348753952742467294284334555023005", "price": "0.918", "size": "100", "side": "SELL", "hash": "24d41a8df310d5874433e8d5a3bf72a8bc65eb4d", "best_bid": "0", "best_ask": "0.001"}], "timestamp": "1769384043535", "event_type": "price_change"}}
{"_local_timestamp": "2026-01-25T23:34:03.619141+00:00", "data": {"market": "0xbbd9bf0e135638e608261797209989d4ced475ece27ecd2ffb15cd86ee4cfdaf", "price_changes": [{"asset_id": "80872438868793615237228308780768590880032317078663006772180513665812976567434", "price": "0.052", "size": "600", "side": "BUY", "hash": "6ef2ab29bc56ff8aee7c3061d266aef65991ddd7", "best_bid": "0.999", "best_ask": "1"}, {"asset_id": "109557101997166065622834016092196577926689669348753952742467294284334555023005", "price": "0.948", "size": "600", "side": "SELL", "hash": "24d41a8df310d5874433e8d5a3bf72a8bc65eb4d", "best_bid": "0", "best_ask": "0.001"}], "timestamp": "1769384043535", "event_type": "price_change"}}
{"_local_timestamp": "2026-01-25T23:34:03.619423+00:00", "data": {"market": "0x1afd194d763de2bd7abda05e00e517ad0d85b1bb12339dcbe05ccd8b5e0de0de", "price_changes": [{"asset_id": "101719154660517380687612365015835668227884146293605413205809626106808355686977", "price": "0.081", "size": "0", "side": "BUY", "hash": "c296313fcfd1d47f871ce7603265cdd68111fe7d", "best_bid": "0.999", "best_ask": "1"}, {"asset_id": "12535614914084285997184767785923318454161071933642366975151945930020373370140", "price": "0.919", "size": "0", "side": "SELL", "hash": "212d2d8f3977301d7eca7df72aee3d0d2c1c6baa", "best_bid": "0", "best_ask": "0.001"}], "timestamp": "1769384043535", "event_type": "price_change"}}
{"_local_timestamp": "2026-01-25T23:34:03.620217+00:00", "data": {"market": "0x1afd194d763de2bd7abda05e00e517ad0d85b1bb12339dcbe05ccd8b5e0de0de", "price_changes": [{"asset_id": "101719154660517380687612365015835668227884146293605413205809626106808355686977", "price": "0.052", "size": "600", "side": "BUY", "hash": "c296313fcfd1d47f871ce7603265cdd68111fe7d", "best_bid": "0.999", "best_ask": "1"}, {"asset_id": "12535614914084285997184767785923318454161071933642366975151945930020373370140", "price": "0.948", "size": "600", "side": "SELL", "hash": "212d2d8f3977301d7eca7df72aee3d0d2c1c6baa", "best_bid": "0", "best_ask": "0.001"}], "timestamp": "1769384043535", "event_type": "price_change"}}
{"_local_timestamp": "2026-01-25T23:34:03.762059+00:00", "data": {"market": "0xbbd9bf0e135638e608261797209989d4ced475ece27ecd2ffb15cd86ee4cfdaf", "price_changes": [{"asset_id": "80872438868793615237228308780768590880032317078663006772180513665812976567434", "price": "0.998", "size": "0", "side": "BUY", "hash": "242c962b72c0ae2a9f76d18ac5a4e6dd8cb9f042", "best_bid": "0.999", "best_ask": "1"}, {"asset_id": "109557101997166065622834016092196577926689669348753952742467294284334555023005", "price": "0.002", "size": "0", "side": "SELL", "hash": "2a2952e20589a1eee04290aec1aba5a3d71aa8c1", "best_bid": "0", "best_ask": "0.001"}], "timestamp": "1769384043693", "event_type": "price_change"}}
{"_local_timestamp": "2026-01-25T23:34:03.854552+00:00", "data": {"market": "0xbbd9bf0e135638e608261797209989d4ced475ece27ecd2ffb15cd86ee4cfdaf", "price_changes": [{"asset_id": "80872438868793615237228308780768590880032317078663006772180513665812976567434", "price": "0.083", "size": "10300", "side": "BUY", "hash": "0dc551ea375a3dcd3498f5cd90b239fcc6080e00", "best_bid": "0.999", "best_ask": "1"}, {"asset_id": "109557101997166065622834016092196577926689669348753952742467294284334555023005", "price": "0.917", "size": "10300", "side": "SELL", "hash": "f106c8db15dbc8981758cb5e77f0e54847c3707b", "best_bid": "0", "best_ask": "0.001"}], "timestamp": "1769384043788", "event_type": "price_change"}}
{"_local_timestamp": "2026-01-25T23:34:03.854881+00:00", "data": {"market": "0x1afd194d763de2bd7abda05e00e517ad0d85b1bb12339dcbe05ccd8b5e0de0de", "price_changes": [{"asset_id": "101719154660517380687612365015835668227884146293605413205809626106808355686977", "price": "0.082", "size": "10407.94", "side": "BUY", "hash": "0fe21d68584d5cf18fa5eee0e343767311671645", "best_bid": "0.999", "best_ask": "1"}, {"asset_id": "12535614914084285997184767785923318454161071933642366975151945930020373370140", "price": "0.918", "size": "10407.94", "side": "SELL", "hash": "f67d10be87211fd72900450e9d12bb0f1e7aacf1", "best_bid": "0", "best_ask": "0.001"}], "timestamp": "1769384043788", "event_type": "price_change"}}
{"_local_timestamp": "2026-01-25T23:34:03.857312+00:00", "data": {"market": "0xbbd9bf0e135638e608261797209989d4ced475ece27ecd2ffb15cd86ee4cfdaf", "price_changes": [{"asset_id": "80872438868793615237228308780768590880032317078663006772180513665812976567434", "price": "0.02", "size": "2200", "side": "BUY", "hash": "211d10382d293e66ff02edf150bfbb9dc3800421", "best_bid": "0.999", "best_ask": "1"}, {"asset_id": "109557101997166065622834016092196577926689669348753952742467294284334555023005", "price": "0.98", "size": "2200", "side": "SELL", "hash": "1ef456259fecc2eab04fedffb14a96c92bb9baa0", "best_bid": "0", "best_ask": "0.001"}], "timestamp": "1769384043789", "event_type": "price_change"}}
{"_local_timestamp": "2026-01-25T23:34:03.857768+00:00", "data": {"market": "0x1afd194d763de2bd7abda05e00e517ad0d85b1bb12339dcbe05ccd8b5e0de0de", "price_changes": [{"asset_id": "101719154660517380687612365015835668227884146293605413205809626106808355686977", "price": "0.02", "size": "2200", "side": "BUY", "hash": "573110abceadf7c21f875a2b1a086e69a3e4bbec", "best_bid": "0.999", "best_ask": "1"}, {"asset_id": "12535614914084285997184767785923318454161071933642366975151945930020373370140", "price": "0.98", "size": "2200", "side": "SELL", "hash": "bca2b72701f57d3262eceff53943a576cc65e5a3", "best_bid": "0", "best_ask": "0.001"}], "timestamp": "1769384043789", "event_type": "price_change"}}
{"_local_timestamp": "2026-01-25T23:34:03.863630+00:00", "data": {"market": "0xbbd9bf0e135638e608261797209989d4ced475ece27ecd2ffb15cd86ee4cfdaf", "price_changes": [{"asset_id": "80872438868793615237228308780768590880032317078663006772180513665812976567434", "price": "0.998", "size": "1957.69", "side": "BUY", "hash": "2b12b068e5b363b278775a4f6388889f43e83cbe", "best_bid": "0.999", "best_ask": "1"}, {"asset_id": "109557101997166065622834016092196577926689669348753952742467294284334555023005", "price": "0.002", "size": "1957.69", "side": "SELL", "hash": "0738b8ec53edb407a3acf024ac89e1ae5a5e22c5", "best_bid": "0", "best_ask": "0.001"}], "timestamp": "1769384043794", "event_type": "price_change"}}
{"_local_timestamp": "2026-01-25T23:34:04.052754+00:00", "data": {"market": "0xbbd9bf0e135638e608261797209989d4ced475ece27ecd2ffb15cd86ee4cfdaf", "price_changes": [{"asset_id": "80872438868793615237228308780768590880032317078663006772180513665812976567434", "price": "0.998", "size": "0", "side": "BUY", "hash": "f209ede96d80d8976aba2cc7690b5ccdf91a333b", "best_bid": "0.999", "best_ask": "1"}, {"asset_id": "109557101997166065622834016092196577926689669348753952742467294284334555023005", "price": "0.002", "size": "0", "side": "SELL", "hash": "003c071db2be1b7961aa429f9418ec8be80fe1e4", "best_bid": "0", "best_ask": "0.001"}], "timestamp": "1769384043974", "event_type": "price_change"}}
{"_local_timestamp": "2026-01-25T23:34:04.108878+00:00", "data": {"market": "0xbbd9bf0e135638e608261797209989d4ced475ece27ecd2ffb15cd86ee4cfdaf", "price_changes": [{"asset_id": "80872438868793615237228308780768590880032317078663006772180513665812976567434", "price": "0.998", "size": "1957.69", "side": "BUY", "hash": "a7ddbbce5bff34a8402361d7e29d4a1c62abb0ff", "best_bid": "0.999", "best_ask": "1"}, {"asset_id": "109557101997166065622834016092196577926689669348753952742467294284334555023005", "price": "0.002", "size": "1957.69", "side": "SELL", "hash": "fd12bbaa0d9ff7b03869a0a2969a6743c68b24a5", "best_bid": "0", "best_ask": "0.001"}], "timestamp": "1769384044042", "event_type": "price_change"}}
{"_local_timestamp": "2026-01-25T23:34:04.270626+00:00", "data": {"market": "0xbbd9bf0e135638e608261797209989d4ced475ece27ecd2ffb15cd86ee4cfdaf", "price_changes": [{"asset_id": "80872438868793615237228308780768590880032317078663006772180513665812976567434", "price": "0.082", "size": "0", "side": "BUY", "hash": "ec7028f62ae878dcc668f9b1893423bf194fcbe2", "best_bid": "0.999", "best_ask": "1"}, {"asset_id": "109557101997166065622834016092196577926689669348753952742467294284334555023005", "price": "0.918", "size": "0", "side": "SELL", "hash": "08d6947a3060ffe1a40fdcacfaaf0e015294bf3b", "best_bid": "0", "best_ask": "0.001"}], "timestamp": "1769384044202", "event_type": "price_change"}}
{"_local_timestamp": "2026-01-25T23:34:04.289475+00:00", "data": {"market": "0xbbd9bf0e135638e608261797209989d4ced475ece27ecd2ffb15cd86ee4cfdaf", "price_changes": [{"asset_id": "80872438868793615237228308780768590880032317078663006772180513665812976567434", "price": "0.998", "size": "0", "side": "BUY", "hash": "525431b971ef22a9ebbb3e397b8c400ac462e3e6", "best_bid": "0.999", "best_ask": "1"}, {"asset_id": "109557101997166065622834016092196577926689669348753952742467294284334555023005", "price": "0.002", "size": "0", "side": "SELL", "hash": "11d15c4c9569dced3128a7be5cae38a1f350f995", "best_bid": "0", "best_ask": "0.001"}], "timestamp": "1769384044221", "event_type": "price_change"}}
{"_local_timestamp": "2026-01-25T23:34:04.533709+00:00", "data": {"market": "0xbbd9bf0e135638e608261797209989d4ced475ece27ecd2ffb15cd86ee4cfdaf", "price_changes": [{"asset_id": "80872438868793615237228308780768590880032317078663006772180513665812976567434", "price": "0.083", "size": "10400", "side": "BUY", "hash": "65f2bfa0a0227202ad7c7aa000f83b0794aab0e8", "best_bid": "0.999", "best_ask": "1"}, {"asset_id": "109557101997166065622834016092196577926689669348753952742467294284334555023005", "price": "0.917", "size": "10400", "side": "SELL", "hash": "f93f9864982cdefbcd8d37fc0ac429adf3445a5b", "best_bid": "0", "best_ask": "0.001"}], "timestamp": "1769384044466", "event_type": "price_change"}}
{"_local_timestamp": "2026-01-25T23:34:09.923558+00:00", "data": {"market": "0xbbd9bf0e135638e608261797209989d4ced475ece27ecd2ffb15cd86ee4cfdaf", "price_changes": [{"asset_id": "80872438868793615237228308780768590880032317078663006772180513665812976567434", "price": "0.999", "size": "35609.17", "side": "BUY", "hash": "8c7aa328d3abbc269da498825c39609a296e7614", "best_bid": "0.999", "best_ask": "1"}, {"asset_id": "109557101997166065622834016092196577926689669348753952742467294284334555023005", "price": "0.001", "size": "35609.17", "side": "SELL", "hash": "178afef95dbbd71de19037e54694bd21dae5a175", "best_bid": "0", "best_ask": "0.001"}], "timestamp": "1769384049854", "event_type": "price_change"}}
{"_local_timestamp": "2026-01-25T23:34:09.924780+00:00", "data": {"market": "0xbbd9bf0e135638e608261797209989d4ced475ece27ecd2ffb15cd86ee4cfdaf", "asset_id": "109557101997166065622834016092196577926689669348753952742467294284334555023005", "bids": [], "asks": [{"price": "0.999", "size": "101337.35"}, {"price": "0.998", "size": "36.86"}, {"price": "0.99", "size": "2033"}, {"price": "0.989", "size": "55555"}, {"price": "0.988", "size": "12.28"}, {"price": "0.98", "size": "2200"}, {"price": "0.97", "size": "100"}, {"price": "0.969", "size": "5.1"}, {"price": "0.95", "size": "10"}, {"price": "0.948", "size": "600"}, {"price": "0.947", "size": "9.61"}, {"price": "0.917", "size": "10400"}, {"price": "0.86", "size": "50"}, {"price": "0.859", "size": "7.82"}, {"price": "0.8", "size": "200"}, {"price": "0.799", "size": "176"}, {"price": "0.73", "size": "200"}, {"price": "0.72", "size": "7"}, {"price": "0.7", "size": "33.33"}, {"price": "0.66", "size": "100"}, {"price": "0.659", "size": "200.41"}, {"price": "0.41", "size": "70"}, {"price": "0.409", "size": "62"}, {"price": "0.22", "size": "68"}, {"price": "0.2", "size": "81.59"}, {"price": "0.01", "size": "26282.37"}, {"price": "0.009", "size": "144"}, {"price": "0.001", "size": "35609.17"}], "hash": "178afef95dbbd71de19037e54694bd21dae5a175", "timestamp": "1769384049854", "event_type": "book"}}
{"_local_timestamp": "2026-01-25T23:34:09.925286+00:00", "data": {"market": "0xbbd9bf0e135638e608261797209989d4ced475ece27ecd2ffb15cd86ee4cfdaf", "asset_id": "80872438868793615237228308780768590880032317078663006772180513665812976567434", "bids": [{"price": "0.001", "size": "101337.35"}, {"price": "0.002", "size": "36.86"}, {"price": "0.01", "size": "2033"}, {"price": "0.011", "size": "55555"}, {"price": "0.012", "size": "12.28"}, {"price": "0.02", "size": "2200"}, {"price": "0.03", "size": "100"}, {"price": "0.031", "size": "5.1"}, {"price": "0.05", "size": "10"}, {"price": "0.052", "size": "600"}, {"price": "0.053", "size": "9.61"}, {"price": "0.083", "size": "10400"}, {"price": "0.14", "size": "50"}, {"price": "0.141", "size": "7.82"}, {"price": "0.2", "size": "200"}, {"price": "0.201", "size": "176"}, {"price": "0.27", "size": "200"}, {"price": "0.28", "size": "7"}, {"price": "0.3", "size": "33.33"}, {"price": "0.34", "size": "100"}, {"price": "0.341", "size": "200.41"}, {"price": "0.59", "size": "70"}, {"price": "0.591", "size": "62"}, {"price": "0.78", "size": "68"}, {"price": "0.8", "size": "81.59"}, {"price": "0.99", "size": "26282.37"}, {"price": "0.991", "size": "144"}, {"price": "0.999", "size": "35609.17"}], "asks": [], "hash": "8c7aa328d3abbc269da498825c39609a296e7614", "timestamp": "1769384049854", "event_type": "book"}}
{"_local_timestamp": "2026-01-25T23:34:09.959074+00:00", "data": {"market": "0xbbd9bf0e135638e608261797209989d4ced475ece27ecd2ffb15cd86ee4cfdaf", "asset_id": "80872438868793615237228308780768590880032317078663006772180513665812976567434", "price": "0.999", "size": "422.53", "fee_rate_bps": "0", "side": "SELL", "timestamp": "1769384049885", "event_type": "last_trade_price", "transaction_hash": "0xc070cf37663d869e9b306de1eed5f84ba8837abab29c6215ccbd161d3bfaa19a"}}
{"_local_timestamp": "2026-01-25T23:34:09.963094+00:00", "data": {"market": "0xbbd9bf0e135638e608261797209989d4ced475ece27ecd2ffb15cd86ee4cfdaf", "price_changes": [{"asset_id": "80872438868793615237228308780768590880032317078663006772180513665812976567434", "price": "0.998", "size": "1957.69", "side": "BUY", "hash": "4dbc9f76c6acbcefb50037153fcef23fd6423e42", "best_bid": "0.999", "best_ask": "1"}, {"asset_id": "109557101997166065622834016092196577926689669348753952742467294284334555023005", "price": "0.002", "size": "1957.69", "side": "SELL", "hash": "6c2dcd913d8f33c8445e063123bb77bb8505bcde", "best_bid": "0", "best_ask": "0.001"}], "timestamp": "1769384049891", "event_type": "price_change"}}
{"_local_timestamp": "2026-01-25T23:35:09.707296+00:00", "data": {"market": "0x1afd194d763de2bd7abda05e00e517ad0d85b1bb12339dcbe05ccd8b5e0de0de", "price_changes": [{"asset_id": "101719154660517380687612365015835668227884146293605413205809626106808355686977", "price": "0.053", "size": "10000", "side": "BUY", "hash": "ba01d569db3a2fc231258b499d4537d3a68b6b51", "best_bid": "0.999", "best_ask": "1"}, {"asset_id": "12535614914084285997184767785923318454161071933642366975151945930020373370140", "price": "0.947", "size": "10000", "side": "SELL", "hash": "561d5608ac235ae22743b0a5e13b160188e79d56", "best_bid": "0", "best_ask": "0.001"}], "timestamp": "1769384109636", "event_type": "price_change"}}
{"_local_timestamp": "2026-01-25T23:35:10.185386+00:00", "data": {"market": "0xbbd9bf0e135638e608261797209989d4ced475ece27ecd2ffb15cd86ee4cfdaf", "price_changes": [{"asset_id": "80872438868793615237228308780768590880032317078663006772180513665812976567434", "price": "0.998", "size": "0", "side": "BUY", "hash": "6effd18039394c839fed8466384ca0000e798e2f", "best_bid": "0.999", "best_ask": "1"}, {"asset_id": "109557101997166065622834016092196577926689669348753952742467294284334555023005", "price": "0.002", "size": "0", "side": "SELL", "hash": "65a70bc72541b7ade67173119dba2eda433ed12b", "best_bid": "0", "best_ask": "0.001"}], "timestamp": "1769384110118", "event_type": "price_change"}}
{"_local_timestamp": "2026-01-25T23:35:10.313469+00:00", "data": {"market": "0xbbd9bf0e135638e608261797209989d4ced475ece27ecd2ffb15cd86ee4cfdaf", "price_changes": [{"asset_id": "80872438868793615237228308780768590880032317078663006772180513665812976567434", "price": "0.998", "size": "1857.79", "side": "BUY", "hash": "6c6b53dbd70bdd0dc4c4fb0714e89a4c8c3bcae2", "best_bid": "0.999", "best_ask": "1"}, {"asset_id": "109557101997166065622834016092196577926689669348753952742467294284334555023005", "price": "0.002", "size": "1857.79", "side": "SELL", "hash": "956f0ad6a8019d28d919a58ac0070544223c7348", "best_bid": "0", "best_ask": "0.001"}], "timestamp": "1769384110242", "event_type": "price_change"}}
{"_local_timestamp": "2026-01-25T23:35:10.490533+00:00", "data": {"market": "0xbbd9bf0e135638e608261797209989d4ced475ece27ecd2ffb15cd86ee4cfdaf", "price_changes": [{"asset_id": "80872438868793615237228308780768590880032317078663006772180513665812976567434", "price": "0.998", "size": "0", "side": "BUY", "hash": "a49486f035ec12ad4f951d936bdf52ce7f825d7f", "best_bid": "0.999", "best_ask": "1"}, {"asset_id": "109557101997166065622834016092196577926689669348753952742467294284334555023005", "price": "0.002", "size": "0", "side": "SELL", "hash": "404980a78861438ebd01ace38bb30bf4e76b2ca6", "best_bid": "0", "best_ask": "0.001"}], "timestamp": "1769384110414", "event_type": "price_change"}}
{"_local_timestamp": "2026-01-25T23:35:10.618218+00:00", "data": {"market": "0xbbd9bf0e135638e608261797209989d4ced475ece27ecd2ffb15cd86ee4cfdaf", "price_changes": [{"asset_id": "80872438868793615237228308780768590880032317078663006772180513665812976567434", "price": "0.998", "size": "1857.79", "side": "BUY", "hash": "363097754ace33b5ab94d4375d25a0e9a623dad8", "best_bid": "0.999", "best_ask": "1"}, {"asset_id": "109557101997166065622834016092196577926689669348753952742467294284334555023005", "price": "0.002", "size": "1857.79", "side": "SELL", "hash": "c5778990edd2b3095e596da6921c52b777736d40", "best_bid": "0", "best_ask": "0.001"}], "timestamp": "1769384110527", "event_type": "price_change"}}
{"_local_timestamp": "2026-01-25T23:35:10.935430+00:00", "data": {"market": "0x1afd194d763de2bd7abda05e00e517ad0d85b1bb12339dcbe05ccd8b5e0de0de", "price_changes": [{"asset_id": "101719154660517380687612365015835668227884146293605413205809626106808355686977", "price": "0.082", "size": "407.94", "side": "BUY", "hash": "5596e25ca98b29057d02cf01cdecca5fe56f25af", "best_bid": "0.999", "best_ask": "1"}, {"asset_id": "12535614914084285997184767785923318454161071933642366975151945930020373370140", "price": "0.918", "size": "407.94", "side": "SELL", "hash": "6ef2333f2dc5d289fad6c1718b53644734867e62", "best_bid": "0", "best_ask": "0.001"}], "timestamp": "1769384110730", "event_type": "price_change"}}
{"_local_timestamp": "2026-01-25T23:35:10.935917+00:00", "data": {"market": "0xbbd9bf0e135638e608261797209989d4ced475ece27ecd2ffb15cd86ee4cfdaf", "price_changes": [{"asset_id": "80872438868793615237228308780768590880032317078663006772180513665812976567434", "price": "0.998", "size": "0", "side": "BUY", "hash": "414a9ac131366f9bdca7f634c0f5deb0b51eb46b", "best_bid": "0.999", "best_ask": "1"}, {"asset_id": "109557101997166065622834016092196577926689669348753952742467294284334555023005", "price": "0.002", "size": "0", "side": "SELL", "hash": "d6c27598b28f5318cc4821a824f3350e7bb132d8", "best_bid": "0", "best_ask": "0.001"}], "timestamp": "1769384110737", "event_type": "price_change"}}
{"_local_timestamp": "2026-01-25T23:35:10.993619+00:00", "data": {"market": "0xbbd9bf0e135638e608261797209989d4ced475ece27ecd2ffb15cd86ee4cfdaf", "price_changes": [{"asset_id": "80872438868793615237228308780768590880032317078663006772180513665812976567434", "price": "0.998", "size": "1857.79", "side": "BUY", "hash": "46210ecf39da2ea455613cb9b75ea54800637fad", "best_bid": "0.999", "best_ask": "1"}, {"asset_id": "109557101997166065622834016092196577926689669348753952742467294284334555023005", "price": "0.002", "size": "1857.79", "side": "SELL", "hash": "7fb11ad4ca1bd026996baf75766bb2eb866bc326", "best_bid": "0", "best_ask": "0.001"}], "timestamp": "1769384110840", "event_type": "price_change"}}
{"_local_timestamp": "2026-01-25T23:35:11.122077+00:00", "data": {"market": "0xbbd9bf0e135638e608261797209989d4ced475ece27ecd2ffb15cd86ee4cfdaf", "price_changes": [{"asset_id": "80872438868793615237228308780768590880032317078663006772180513665812976567434", "price": "0.998", "size": "0", "side": "BUY", "hash": "363c8df0a82c2b70e8aa8e3af26522a11731f129", "best_bid": "0.999", "best_ask": "1"}, {"asset_id": "109557101997166065622834016092196577926689669348753952742467294284334555023005", "price": "0.002", "size": "0", "side": "SELL", "hash": "f68ccad6adfa1ac2c0119713a89077fdfe92be81", "best_bid": "0", "best_ask": "0.001"}], "timestamp": "1769384111055", "event_type": "price_change"}}
{"_local_timestamp": "2026-01-25T23:35:11.204920+00:00", "data": {"market": "0xbbd9bf0e135638e608261797209989d4ced475ece27ecd2ffb15cd86ee4cfdaf", "price_changes": [{"asset_id": "80872438868793615237228308780768590880032317078663006772180513665812976567434", "price": "0.998", "size": "1857.79", "side": "BUY", "hash": "956ac7b5f5fb48d36951088133fd29b31c92ce1a", "best_bid": "0.999", "best_ask": "1"}, {"asset_id": "109557101997166065622834016092196577926689669348753952742467294284334555023005", "price": "0.002", "size": "1857.79", "side": "SELL", "hash": "f35c0ae1a6dca03af841d0db447252e084610541", "best_bid": "0", "best_ask": "0.001"}], "timestamp": "1769384111136", "event_type": "price_change"}}
{"_local_timestamp": "2026-01-25T23:35:11.848380+00:00", "data": {"market": "0xbbd9bf0e135638e608261797209989d4ced475ece27ecd2ffb15cd86ee4cfdaf", "price_changes": [{"asset_id": "80872438868793615237228308780768590880032317078663006772180513665812976567434", "price": "0.998", "size": "0", "side": "BUY", "hash": "20fb0a3caaf87b5a87d50aacd3f11032aa70d39f", "best_bid": "0.999", "best_ask": "1"}, {"asset_id": "109557101997166065622834016092196577926689669348753952742467294284334555023005", "price": "0.002", "size": "0", "side": "SELL", "hash": "40b3ccbf26aaa1588bdc173450551d9c56f70026", "best_bid": "0", "best_ask": "0.001"}], "timestamp": "1769384111779", "event_type": "price_change"}}
{"_local_timestamp": "2026-01-25T23:35:11.941335+00:00", "data": {"market": "0xbbd9bf0e135638e608261797209989d4ced475ece27ecd2ffb15cd86ee4cfdaf", "price_changes": [{"asset_id": "80872438868793615237228308780768590880032317078663006772180513665812976567434", "price": "0.998", "size": "1857.79", "side": "BUY", "hash": "05d1268ccbb4695f99fc5b6fc45a88ebea54b729", "best_bid": "0.999", "best_ask": "1"}, {"asset_id": "109557101997166065622834016092196577926689669348753952742467294284334555023005", "price": "0.002", "size": "1857.79", "side": "SELL", "hash": "963ddf9aa71e430634f0a110b390939f20aa5ca6", "best_bid": "0", "best_ask": "0.001"}], "timestamp": "1769384111873", "event_type": "price_change"}}
{"_local_timestamp": "2026-01-25T23:35:12.184086+00:00", "data": {"market": "0xbbd9bf0e135638e608261797209989d4ced475ece27ecd2ffb15cd86ee4cfdaf", "price_changes": [{"asset_id": "80872438868793615237228308780768590880032317078663006772180513665812976567434", "price": "0.998", "size": "0", "side": "BUY", "hash": "d858f5e31fc60ce41182b1b2960965085d39af9d", "best_bid": "0.999", "best_ask": "1"}, {"asset_id": "109557101997166065622834016092196577926689669348753952742467294284334555023005", "price": "0.002", "size": "0", "side": "SELL", "hash": "c4309bcf4a82c8a1ce2463e9141bd69f5b418788", "best_bid": "0", "best_ask": "0.001"}], "timestamp": "1769384112073", "event_type": "price_change"}}
{"_local_timestamp": "2026-01-25T23:35:12.237883+00:00", "data": {"market": "0xbbd9bf0e135638e608261797209989d4ced475ece27ecd2ffb15cd86ee4cfdaf", "price_changes": [{"asset_id": "80872438868793615237228308780768590880032317078663006772180513665812976567434", "price": "0.998", "size": "1857.79", "side": "BUY", "hash": "4f6bea5fdf659ca8b1adab6d600d1600fb1da1df", "best_bid": "0.999", "best_ask": "1"}, {"asset_id": "109557101997166065622834016092196577926689669348753952742467294284334555023005", "price": "0.002", "size": "1857.79", "side": "SELL", "hash": "c0a2196ce4afd9d01ad86a6066fa9320b1a8797e", "best_bid": "0", "best_ask": "0.001"}], "timestamp": "1769384112171", "event_type": "price_change"}}
{"_local_timestamp": "2026-01-25T23:35:12.615978+00:00", "data": {"market": "0xbbd9bf0e135638e608261797209989d4ced475ece27ecd2ffb15cd86ee4cfdaf", "price_changes": [{"asset_id": "80872438868793615237228308780768590880032317078663006772180513665812976567434", "price": "0.998", "size": "0", "side": "BUY", "hash": "528ec3833f667199da24fcacff438e8867bf0ecd", "best_bid": "0.999", "best_ask": "1"}, {"asset_id": "109557101997166065622834016092196577926689669348753952742467294284334555023005", "price": "0.002", "size": "0", "side": "SELL", "hash": "c4e4dc4bc265cf4512697b8a94004cfaf5a4d7a9", "best_bid": "0", "best_ask": "0.001"}], "timestamp": "1769384112544", "event_type": "price_change"}}
{"_local_timestamp": "2026-01-25T23:35:12.795258+00:00", "data": {"market": "0xbbd9bf0e135638e608261797209989d4ced475ece27ecd2ffb15cd86ee4cfdaf", "price_changes": [{"asset_id": "80872438868793615237228308780768590880032317078663006772180513665812976567434", "price": "0.998", "size": "1857.79", "side": "BUY", "hash": "51b710fc0847a6ddabd7c1ff1c31f155a3cd3f15", "best_bid": "0.999", "best_ask": "1"}, {"asset_id": "109557101997166065622834016092196577926689669348753952742467294284334555023005", "price": "0.002", "size": "1857.79", "side": "SELL", "hash": "17059761a99a8aca0b82eb33ec25a30dc8d974c9", "best_bid": "0", "best_ask": "0.001"}], "timestamp": "1769384112715", "event_type": "price_change"}}
{"_local_timestamp": "2026-01-25T23:35:14.602532+00:00", "data": {"market": "0xbbd9bf0e135638e608261797209989d4ced475ece27ecd2ffb15cd86ee4cfdaf", "price_changes": [{"asset_id": "80872438868793615237228308780768590880032317078663006772180513665812976567434", "price": "0.998", "size": "0", "side": "BUY", "hash": "3fa4031f791bdf8957eaa366f878a92a8e280832", "best_bid": "0.999", "best_ask": "1"}, {"asset_id": "109557101997166065622834016092196577926689669348753952742467294284334555023005", "price": "0.002", "size": "0", "side": "SELL", "hash": "f322158c751ff5f8cc161a365f3fcaf52fdda236", "best_bid": "0", "best_ask": "0.001"}], "timestamp": "1769384114536", "event_type": "price_change"}}
{"_local_timestamp": "2026-01-25T23:35:14.734879+00:00", "data": {"market": "0xbbd9bf0e135638e608261797209989d4ced475ece27ecd2ffb15cd86ee4cfdaf", "price_changes": [{"asset_id": "80872438868793615237228308780768590880032317078663006772180513665812976567434", "price": "0.998", "size": "1857.79", "side": "BUY", "hash": "b04751f3977ab45a183bc222346929c563be8223", "best_bid": "0.999", "best_ask": "1"}, {"asset_id": "109557101997166065622834016092196577926689669348753952742467294284334555023005", "price": "0.002", "size": "1857.79", "side": "SELL", "hash": "bcb532c8b5affaf8984cd3d86445a80fae9c0eb0", "best_bid": "0", "best_ask": "0.001"}], "timestamp": "1769384114666", "event_type": "price_change"}}
{"_local_timestamp": "2026-01-25T23:35:14.930268+00:00", "data": {"market": "0xbbd9bf0e135638e608261797209989d4ced475ece27ecd2ffb15cd86ee4cfdaf", "price_changes": [{"asset_id": "80872438868793615237228308780768590880032317078663006772180513665812976567434", "price": "0.998", "size": "0", "side": "BUY", "hash": "e77f4a2c8931276e9047f7989eaa6243863cc929", "best_bid": "0.999", "best_ask": "1"}, {"asset_id": "109557101997166065622834016092196577926689669348753952742467294284334555023005", "price": "0.002", "size": "0", "side": "SELL", "hash": "97663234c216076f347066dab7a9e0215873ca16", "best_bid": "0", "best_ask": "0.001"}], "timestamp": "1769384114864", "event_type": "price_change"}}
{"_local_timestamp": "2026-01-25T23:35:15.050956+00:00", "data": {"market": "0xbbd9bf0e135638e608261797209989d4ced475ece27ecd2ffb15cd86ee4cfdaf", "price_changes": [{"asset_id": "80872438868793615237228308780768590880032317078663006772180513665812976567434", "price": "0.998", "size": "1857.79", "side": "BUY", "hash": "d3f2db53ba720a08b0c39c5ab27c07b17b6556d7", "best_bid": "0.999", "best_ask": "1"}, {"asset_id": "109557101997166065622834016092196577926689669348753952742467294284334555023005", "price": "0.002", "size": "1857.79", "side": "SELL", "hash": "125af8d491e149d84c5e0d10e9f31d95fb157450", "best_bid": "0", "best_ask": "0.001"}], "timestamp": "1769384114983", "event_type": "price_change"}}
{"_local_timestamp": "2026-01-25T23:35:16.605736+00:00", "data": {"market": "0xbbd9bf0e135638e608261797209989d4ced475ece27ecd2ffb15cd86ee4cfdaf", "price_changes": [{"asset_id": "80872438868793615237228308780768590880032317078663006772180513665812976567434", "price": "0.998", "size": "0", "side": "BUY", "hash": "afedec4c4aa63e601bfac2cc67aca81055881962", "best_bid": "0.999", "best_ask": "1"}, {"asset_id": "109557101997166065622834016092196577926689669348753952742467294284334555023005", "price": "0.002", "size": "0", "side": "SELL", "hash": "e3e837930df11dd016b608be55c9df2d71001ab0", "best_bid": "0", "best_ask": "0.001"}], "timestamp": "1769384116534", "event_type": "price_change"}}
{"_local_timestamp": "2026-01-25T23:35:16.751143+00:00", "data": {"market": "0xbbd9bf0e135638e608261797209989d4ced475ece27ecd2ffb15cd86ee4cfdaf", "price_changes": [{"asset_id": "80872438868793615237228308780768590880032317078663006772180513665812976567434", "price": "0.998", "size": "1857.79", "side": "BUY", "hash": "522540c73974b2eadfcbf1b33e505ec29eb264c1", "best_bid": "0.999", "best_ask": "1"}, {"asset_id": "109557101997166065622834016092196577926689669348753952742467294284334555023005", "price": "0.002", "size": "1857.79", "side": "SELL", "hash": "8cd28f6b1290a8d2e74d62c901fa7310941366ad", "best_bid": "0", "best_ask": "0.001"}], "timestamp": "1769384116679", "event_type": "price_change"}}
{"_local_timestamp": "2026-01-25T23:35:16.975528+00:00", "data": {"market": "0xbbd9bf0e135638e608261797209989d4ced475ece27ecd2ffb15cd86ee4cfdaf", "price_changes": [{"asset_id": "80872438868793615237228308780768590880032317078663006772180513665812976567434", "price": "0.998", "size": "0", "side": "BUY", "hash": "ac76377e9dec0ab9b33df100525c9e27ef607fe3", "best_bid": "0.999", "best_ask": "1"}, {"asset_id": "109557101997166065622834016092196577926689669348753952742467294284334555023005", "price": "0.002", "size": "0", "side": "SELL", "hash": "fd7742ffe92795555424011c0c75c60282f321ee", "best_bid": "0", "best_ask": "0.001"}], "timestamp": "1769384116907", "event_type": "price_change"}}
{"_local_timestamp": "2026-01-25T23:35:17.141149+00:00", "data": {"market": "0xbbd9bf0e135638e608261797209989d4ced475ece27ecd2ffb15cd86ee4cfdaf", "price_changes": [{"asset_id": "80872438868793615237228308780768590880032317078663006772180513665812976567434", "price": "0.998", "size": "1612.64", "side": "BUY", "hash": "19343a9175627255e436853065eaea5b406a6413", "best_bid": "0.999", "best_ask": "1"}, {"asset_id": "109557101997166065622834016092196577926689669348753952742467294284334555023005", "price": "0.002", "size": "1612.64", "side": "SELL", "hash": "893b9dda85f64762185a63ea551b7c3f3ec271ee", "best_bid": "0", "best_ask": "0.001"}], "timestamp": "1769384117077", "event_type": "price_change"}}
{"_local_timestamp": "2026-01-25T23:35:17.280592+00:00", "data": {"market": "0xbbd9bf0e135638e608261797209989d4ced475ece27ecd2ffb15cd86ee4cfdaf", "price_changes": [{"asset_id": "80872438868793615237228308780768590880032317078663006772180513665812976567434", "price": "0.998", "size": "0", "side": "BUY", "hash": "9fe244671dcd76c06ac97185664327ca22561517", "best_bid": "0.999", "best_ask": "1"}, {"asset_id": "109557101997166065622834016092196577926689669348753952742467294284334555023005", "price": "0.002", "size": "0", "side": "SELL", "hash": "8cdbdfacf69ed2a73858f968acb3624e5ab9e1f8", "best_bid": "0", "best_ask": "0.001"}], "timestamp": "1769384117210", "event_type": "price_change"}}
{"_local_timestamp": "2026-01-25T23:35:18.865556+00:00", "data": {"market": "0xbbd9bf0e135638e608261797209989d4ced475ece27ecd2ffb15cd86ee4cfdaf", "price_changes": [{"asset_id": "80872438868793615237228308780768590880032317078663006772180513665812976567434", "price": "0.053", "size": "10009.61", "side": "BUY", "hash": "0f5a5ed7f83f633182e32caf275cce2d9d424f7c", "best_bid": "0.999", "best_ask": "1"}, {"asset_id": "109557101997166065622834016092196577926689669348753952742467294284334555023005", "price": "0.947", "size": "10009.61", "side": "SELL", "hash": "11e40b56b911cba5640cc512ad4a291bfc9fc577", "best_bid": "0", "best_ask": "0.001"}], "timestamp": "1769384118793", "event_type": "price_change"}}
{"_local_timestamp": "2026-01-25T23:35:19.989890+00:00", "data": {"market": "0xbbd9bf0e135638e608261797209989d4ced475ece27ecd2ffb15cd86ee4cfdaf", "price_changes": [{"asset_id": "80872438868793615237228308780768590880032317078663006772180513665812976567434", "price": "0.083", "size": "400", "side": "BUY", "hash": "29bf8faa01e5ec75b289c417500b260f267ef28b", "best_bid": "0.999", "best_ask": "1"}, {"asset_id": "109557101997166065622834016092196577926689669348753952742467294284334555023005", "price": "0.917", "size": "400", "side": "SELL", "hash": "86dd61313f5403b918695ac6dc8f2e90c0a59755", "best_bid": "0", "best_ask": "0.001"}], "timestamp": "1769384119918", "event_type": "price_change"}}
{"_local_timestamp": "2026-01-25T23:35:35.059598+00:00", "data": {"market": "0xbbd9bf0e135638e608261797209989d4ced475ece27ecd2ffb15cd86ee4cfdaf", "price_changes": [{"asset_id": "80872438868793615237228308780768590880032317078663006772180513665812976567434", "price": "0.083", "size": "300", "side": "BUY", "hash": "62447418511f1214c1bbcd992b989d5038983e2e", "best_bid": "0.999", "best_ask": "1"}, {"asset_id": "109557101997166065622834016092196577926689669348753952742467294284334555023005", "price": "0.917", "size": "300", "side": "SELL", "hash": "9b76a8bfd4b42e0c7355b23b6fc4712f393fa720", "best_bid": "0", "best_ask": "0.001"}], "timestamp": "1769384134975", "event_type": "price_change"}}
{"_local_timestamp": "2026-01-25T23:35:35.060280+00:00", "data": {"market": "0xbbd9bf0e135638e608261797209989d4ced475ece27ecd2ffb15cd86ee4cfdaf", "price_changes": [{"asset_id": "80872438868793615237228308780768590880032317078663006772180513665812976567434", "price": "0.03", "size": "0", "side": "BUY", "hash": "62447418511f1214c1bbcd992b989d5038983e2e", "best_bid": "0.999", "best_ask": "1"}, {"asset_id": "109557101997166065622834016092196577926689669348753952742467294284334555023005", "price": "0.97", "size": "0", "side": "SELL", "hash": "9b76a8bfd4b42e0c7355b23b6fc4712f393fa720", "best_bid": "0", "best_ask": "0.001"}], "timestamp": "1769384134975", "event_type": "price_change"}}
{"_local_timestamp": "2026-01-25T23:35:35.060549+00:00", "data": {"market": "0x1afd194d763de2bd7abda05e00e517ad0d85b1bb12339dcbe05ccd8b5e0de0de", "price_changes": [{"asset_id": "101719154660517380687612365015835668227884146293605413205809626106808355686977", "price": "0.082", "size": "307.94", "side": "BUY", "hash": "9d0f002262b1ba1a60ad1ea0d48b3d6569c2fc3e", "best_bid": "0.999", "best_ask": "1"}, {"asset_id": "12535614914084285997184767785923318454161071933642366975151945930020373370140", "price": "0.918", "size": "307.94", "side": "SELL", "hash": "4b2c88e061cf15a85a7d8d85e010523804d44a3d", "best_bid": "0", "best_ask": "0.001"}], "timestamp": "1769384134975", "event_type": "price_change"}}
{"_local_timestamp": "2026-01-25T23:35:35.060802+00:00", "data": {"market": "0x1afd194d763de2bd7abda05e00e517ad0d85b1bb12339dcbe05ccd8b5e0de0de", "price_changes": [{"asset_id": "101719154660517380687612365015835668227884146293605413205809626106808355686977", "price": "0.03", "size": "0", "side": "BUY", "hash": "9d0f002262b1ba1a60ad1ea0d48b3d6569c2fc3e", "best_bid": "0.999", "best_ask": "1"}, {"asset_id": "12535614914084285997184767785923318454161071933642366975151945930020373370140", "price": "0.97", "size": "0", "side": "SELL", "hash": "4b2c88e061cf15a85a7d8d85e010523804d44a3d", "best_bid": "0", "best_ask": "0.001"}], "timestamp": "1769384134975", "event_type": "price_change"}}
{"_local_timestamp": "2026-01-25T23:35:35.426771+00:00", "data": {"market": "0x1afd194d763de2bd7abda05e00e517ad0d85b1bb12339dcbe05ccd8b5e0de0de", "price_changes": [{"asset_id": "101719154660517380687612365015835668227884146293605413205809626106808355686977", "price": "0.053", "size": "10100", "side": "BUY", "hash": "ed8e51dc7bfcb293dc9bf69465f0d8b61d1865c8", "best_bid": "0.999", "best_ask": "1"}, {"asset_id": "12535614914084285997184767785923318454161071933642366975151945930020373370140", "price": "0.947", "size": "10100", "side": "SELL", "hash": "f7cebb3dd8eb4d38c013c65983d78c557622eead", "best_bid": "0", "best_ask": "0.001"}], "timestamp": "1769384135349", "event_type": "price_change"}}
{"_local_timestamp": "2026-01-25T23:35:35.434463+00:00", "data": {"market": "0xbbd9bf0e135638e608261797209989d4ced475ece27ecd2ffb15cd86ee4cfdaf", "price_changes": [{"asset_id": "80872438868793615237228308780768590880032317078663006772180513665812976567434", "price": "0.08", "size": "100", "side": "BUY", "hash": "9bc1254b5a8ed6b4d0e78a6f7b4f9ffe89ec2cb8", "best_bid": "0.999", "best_ask": "1"}, {"asset_id": "109557101997166065622834016092196577926689669348753952742467294284334555023005", "price": "0.92", "size": "100", "side": "SELL", "hash": "9b6fdf7a6d5e940e97e7c0d8e69511ceca3a4129", "best_bid": "0", "best_ask": "0.001"}], "timestamp": "1769384135352", "event_type": "price_change"}}
{"_local_timestamp": "2026-01-25T23:35:35.444732+00:00", "data": {"market": "0x1afd194d763de2bd7abda05e00e517ad0d85b1bb12339dcbe05ccd8b5e0de0de", "price_changes": [{"asset_id": "101719154660517380687612365015835668227884146293605413205809626106808355686977", "price": "0.08", "size": "100", "side": "BUY", "hash": "234a5fc6f11524764b4aadd4c1a32b66157ec02e", "best_bid": "0.999", "best_ask": "1"}, {"asset_id": "12535614914084285997184767785923318454161071933642366975151945930020373370140", "price": "0.92", "size": "100", "side": "SELL", "hash": "47518718babe33f862cc86fd744594ed07471135", "best_bid": "0", "best_ask": "0.001"}], "timestamp": "1769384135352", "event_type": "price_change"}}
{"_local_timestamp": "2026-01-25T23:35:35.445093+00:00", "data": {"market": "0xbbd9bf0e135638e608261797209989d4ced475ece27ecd2ffb15cd86ee4cfdaf", "price_changes": [{"asset_id": "80872438868793615237228308780768590880032317078663006772180513665812976567434", "price": "0.053", "size": "10109.61", "side": "BUY", "hash": "9ca36d2f62c02165be28e4fead5881069017e4b5", "best_bid": "0.999", "best_ask": "1"}, {"asset_id": "109557101997166065622834016092196577926689669348753952742467294284334555023005", "price": "0.947", "size": "10109.61", "side": "SELL", "hash": "fb399a97e65199b811fea1a46193d3e956fa7bd1", "best_bid": "0", "best_ask": "0.001"}], "timestamp": "1769384135354", "event_type": "price_change"}}
{"_local_timestamp": "2026-01-25T23:35:37.278840+00:00", "data": {"market": "0xbbd9bf0e135638e608261797209989d4ced475ece27ecd2ffb15cd86ee4cfdaf", "price_changes": [{"asset_id": "80872438868793615237228308780768590880032317078663006772180513665812976567434", "price": "0.998", "size": "1625", "side": "BUY", "hash": "203994645491316296fd8499fdf85b8da91446c0", "best_bid": "0.999", "best_ask": "1"}, {"asset_id": "109557101997166065622834016092196577926689669348753952742467294284334555023005", "price": "0.002", "size": "1625", "side": "SELL", "hash": "573cf2d34507cbd1dcede7db6e1af6303fcc97d9", "best_bid": "0", "best_ask": "0.001"}], "timestamp": "1769384137183", "event_type": "price_change"}}
{"_local_timestamp": "2026-01-25T23:35:37.399211+00:00", "data": {"market": "0xbbd9bf0e135638e608261797209989d4ced475ece27ecd2ffb15cd86ee4cfdaf", "price_changes": [{"asset_id": "80872438868793615237228308780768590880032317078663006772180513665812976567434", "price": "0.998", "size": "0", "side": "BUY", "hash": "e455269ff2568c999279bf8965ca5538b4683d3b", "best_bid": "0.999", "best_ask": "1"}, {"asset_id": "109557101997166065622834016092196577926689669348753952742467294284334555023005", "price": "0.002", "size": "0", "side": "SELL", "hash": "27f6cd4cdc6838d7e9ae4b17f36390ce168164d6", "best_bid": "0", "best_ask": "0.001"}], "timestamp": "1769384137333", "event_type": "price_change"}}
{"_local_timestamp": "2026-01-25T23:35:37.594591+00:00", "data": {"market": "0xbbd9bf0e135638e608261797209989d4ced475ece27ecd2ffb15cd86ee4cfdaf", "price_changes": [{"asset_id": "80872438868793615237228308780768590880032317078663006772180513665812976567434", "price": "0.998", "size": "1625", "side": "BUY", "hash": "df41c6e3b57c70702d4a75f32f511da4c1f849f7", "best_bid": "0.999", "best_ask": "1"}, {"asset_id": "109557101997166065622834016092196577926689669348753952742467294284334555023005", "price": "0.002", "size": "1625", "side": "SELL", "hash": "fda6a7eac2df05480b385a268959489a8a569442", "best_bid": "0", "best_ask": "0.001"}], "timestamp": "1769384137513", "event_type": "price_change"}}
{"_local_timestamp": "2026-01-25T23:35:58.396038+00:00", "data": {"market": "0xbbd9bf0e135638e608261797209989d4ced475ece27ecd2ffb15cd86ee4cfdaf", "price_changes": [{"asset_id": "80872438868793615237228308780768590880032317078663006772180513665812976567434", "price": "0.052", "size": "300", "side": "BUY", "hash": "371c71611ad51a670c2fc83d507afe25f55e50f2", "best_bid": "0.999", "best_ask": "1"}, {"asset_id": "109557101997166065622834016092196577926689669348753952742467294284334555023005", "price": "0.948", "size": "300", "side": "SELL", "hash": "f237d7de37db63fe970d9b7b608f1844c51d42ef", "best_bid": "0", "best_ask": "0.001"}], "timestamp": "1769384158324", "event_type": "price_change"}}
{"_local_timestamp": "2026-01-25T23:35:58.397226+00:00", "data": {"market": "0x1afd194d763de2bd7abda05e00e517ad0d85b1bb12339dcbe05ccd8b5e0de0de", "price_changes": [{"asset_id": "101719154660517380687612365015835668227884146293605413205809626106808355686977", "price": "0.052", "size": "300", "side": "BUY", "hash": "120593009b8ce746e7482f78cacd50e9b6bc945f", "best_bid": "0.999", "best_ask": "1"}, {"asset_id": "12535614914084285997184767785923318454161071933642366975151945930020373370140", "price": "0.948", "size": "300", "side": "SELL", "hash": "04193052b4364a292454f7c002c1bdcd31e8e647", "best_bid": "0", "best_ask": "0.001"}], "timestamp": "1769384158324", "event_type": "price_change"}}
{"_local_timestamp": "2026-01-25T23:35:58.701033+00:00", "data": {"market": "0xbbd9bf0e135638e608261797209989d4ced475ece27ecd2ffb15cd86ee4cfdaf", "price_changes": [{"asset_id": "80872438868793615237228308780768590880032317078663006772180513665812976567434", "price": "0.053", "size": "10409.61", "side": "BUY", "hash": "e192726bc8544d25cb0abd1a55a97a91de608353", "best_bid": "0.999", "best_ask": "1"}, {"asset_id": "109557101997166065622834016092196577926689669348753952742467294284334555023005", "price": "0.947", "size": "10409.61", "side": "SELL", "hash": "de4c0b7ed08ff3eb2528c743225ddc21b73ff674", "best_bid": "0", "best_ask": "0.001"}], "timestamp": "1769384158631", "event_type": "price_change"}}
{"_local_timestamp": "2026-01-25T23:35:58.701379+00:00", "data": {"market": "0x1afd194d763de2bd7abda05e00e517ad0d85b1bb12339dcbe05ccd8b5e0de0de", "price_changes": [{"asset_id": "101719154660517380687612365015835668227884146293605413205809626106808355686977", "price": "0.053", "size": "10400", "side": "BUY", "hash": "aa599bb176985fd2215aaf0ccaec66185a2d7695", "best_bid": "0.999", "best_ask": "1"}, {"asset_id": "12535614914084285997184767785923318454161071933642366975151945930020373370140", "price": "0.947", "size": "10400", "side": "SELL", "hash": "54fc8b24880326cf49ea3611a411eb1191c56afa", "best_bid": "0", "best_ask": "0.001"}], "timestamp": "1769384158631", "event_type": "price_change"}}
{"_local_timestamp": "2026-01-25T23:35:59.212534+00:00", "data": {"market": "0xbbd9bf0e135638e608261797209989d4ced475ece27ecd2ffb15cd86ee4cfdaf", "price_changes": [{"asset_id": "80872438868793615237228308780768590880032317078663006772180513665812976567434", "price": "0.998", "size": "0", "side": "BUY", "hash": "9113f28603639d0ec135659d9cb57198204706ad", "best_bid": "0.999", "best_ask": "1"}, {"asset_id": "109557101997166065622834016092196577926689669348753952742467294284334555023005", "price": "0.002", "size": "0", "side": "SELL", "hash": "244c4584df4f90413dbc151f4c58e648a2617a3d", "best_bid": "0", "best_ask": "0.001"}], "timestamp": "1769384159112", "event_type": "price_change"}}
{"_local_timestamp": "2026-01-25T23:35:59.530673+00:00", "data": {"market": "0xbbd9bf0e135638e608261797209989d4ced475ece27ecd2ffb15cd86ee4cfdaf", "price_changes": [{"asset_id": "80872438868793615237228308780768590880032317078663006772180513665812976567434", "price": "0.052", "size": "0", "side": "BUY", "hash": "afdfd955b3da61af1f7c7e37d00360e108d60b01", "best_bid": "0.999", "best_ask": "1"}, {"asset_id": "109557101997166065622834016092196577926689669348753952742467294284334555023005", "price": "0.948", "size": "0", "side": "SELL", "hash": "7c45a85cef92de90204a3686f68d08a71967a92f", "best_bid": "0", "best_ask": "0.001"}], "timestamp": "1769384159453", "event_type": "price_change"}}
{"_local_timestamp": "2026-01-25T23:35:59.531174+00:00", "data": {"market": "0x1afd194d763de2bd7abda05e00e517ad0d85b1bb12339dcbe05ccd8b5e0de0de", "price_changes": [{"asset_id": "101719154660517380687612365015835668227884146293605413205809626106808355686977", "price": "0.052", "size": "0", "side": "BUY", "hash": "8013ed2b27f0ff520cdb77e1f4a29e4d7993a96d", "best_bid": "0.999", "best_ask": "1"}, {"asset_id": "12535614914084285997184767785923318454161071933642366975151945930020373370140", "price": "0.948", "size": "0", "side": "SELL", "hash": "8314b73a6b9c063587cdcb0d474dff6add549c9e", "best_bid": "0", "best_ask": "0.001"}], "timestamp": "1769384159453", "event_type": "price_change"}}
{"_local_timestamp": "2026-01-25T23:35:59.721045+00:00", "data": {"market": "0xbbd9bf0e135638e608261797209989d4ced475ece27ecd2ffb15cd86ee4cfdaf", "price_changes": [{"asset_id": "80872438868793615237228308780768590880032317078663006772180513665812976567434", "price": "0.998", "size": "44.71", "side": "BUY", "hash": "dc17d552bbf8caf3ed0788ef27adffc9df38524b", "best_bid": "0.999", "best_ask": "1"}, {"asset_id": "109557101997166065622834016092196577926689669348753952742467294284334555023005", "price": "0.002", "size": "44.71", "side": "SELL", "hash": "70879d893d51637ed08e7f39392bc58c6f8db787", "best_bid": "0", "best_ask": "0.001"}], "timestamp": "1769384159652", "event_type": "price_change"}}
{"_local_timestamp": "2026-01-25T23:35:59.807173+00:00", "data": {"market": "0xbbd9bf0e135638e608261797209989d4ced475ece27ecd2ffb15cd86ee4cfdaf", "price_changes": [{"asset_id": "80872438868793615237228308780768590880032317078663006772180513665812976567434", "price": "0.053", "size": "10709.61", "side": "BUY", "hash": "382bb1e0a910d65710a34be0db7fb11ab4299ce8", "best_bid": "0.999", "best_ask": "1"}, {"asset_id": "109557101997166065622834016092196577926689669348753952742467294284334555023005", "price": "0.947", "size": "10709.61", "side": "SELL", "hash": "df6547087010fe8adc413eff723f99fa5651b8c5", "best_bid": "0", "best_ask": "0.001"}], "timestamp": "1769384159735", "event_type": "price_change"}}
