{"_local_timestamp": "2026-01-25T23:40:29.699389+00:00", "data": [{"market": "0xbbd9bf0e135638e608261797209989d4ced475ece27ecd2ffb15cd86ee4cfdaf", "asset_id": "109557101997166065622834016092196577926689669348753952742467294284334555023005", "timestamp": "1769384383901", "hash": "1f9e8570cde84665354fe53f7211b1a37d074882", "bids": [], "asks": [{"price": "0.999", "size": "101337.85"}, {"price": "0.998", "size": "43.24"}, {"price": "0.99", "size": "2033"}, {"price": "0.989", "size": "55555"}, {"price": "0.988", "size": "6.22"}, {"price": "0.98", "size": "2200"}, {"price": "0.979", "size": "11.93"}, {"price": "0.97", "size": "100"}, {"price": "0.95", "size": "10"}, {"price": "0.947", "size": "600"}, {"price": "0.946", "size": "9.5"}, {"price": "0.916", "size": "10400"}, {"price": "0.86", "size": "50"}, {"price": "0.859", "size": "7.56"}, {"price": "0.8", "size": "200"}, {"price": "0.799", "size": "176"}, {"price": "0.73", "size": "200"}, {"price": "0.72", "size": "7"}, {"price": "0.7", "size": "33.33"}, {"price": "0.66", "size": "100"}, {"price": "0.659", "size": "200.41"}, {"price": "0.41", "size": "70"}, {"price": "0.409", "size": "62"}, {"price": "0.22", "size": "68"}, {"price": "0.2", "size": "68"}, {"price": "0.199", "size": "13.59"}, {"price": "0.01", "size": "26282.37"}, {"price": "0.009", "size": "144"}, {"price": "0.002", "size": "1957.96"}, {"price": "0.001", "size": "36496.69"}], "event_type": "book", "last_trade_price": "0.999"}, {"market": "0x1afd194d763de2bd7abda05e00e517ad0d85b1bb12339dcbe05ccd8b5e0de0de", "asset_id": "101719154660517380687612365015835668227884146293605413205809626106808355686977", "timestamp": "1769384383357", "hash": "736fc2a7b5f379365398b45e3c438a6973a2eae2", "bids": [{"price": "0.001", "size": "103574.38"}, {"price": "0.002", "size": "1250"}, {"price": "0.003", "size": "30.01"}, {"price": "0.01", "size": "2033"}, {"price": "0.011", "size": "55555"}, {"price": "0.02", "size": "2200"}, {"price": "0.021", "size": "11.79"}, {"price": "0.03", "size": "100"}, {"price": "0.053", "size": "600"}, {"price": "0.083", "size": "10407.85"}, {"price": "0.14", "size": "50"}, {"price": "0.2", "size": "200"}, {"price": "0.201", "size": "176"}, {"price": "0.27", "size": "200"}, {"price": "0.34", "size": "100"}, {"price": "0.5", "size": "1800"}, {"price": "0.501", "size": "1500"}, {"price": "0.523", "size": "228"}, {"price": "0.524", "size": "201"}, {"price": "0.701", "size": "30"}, {"price": "0.722", "size": "7.22"}, {"price": "0.923", "size": "200"}, {"price": "0.978", "size": "29"}, {"price": "0.979", "size": "45.72"}, {"price": "0.987", "size": "216"}, {"price": "0.988", "size": "144"}, {"price": "0.999", "size": "69344.28"}], "asks": [], "event_type": "book", "last_trade_price": "0.999"}, {"market": "0xbbd9bf0e135638e608261797209989d4ced475ece27ecd2ffb15cd86ee4cfdaf", "asset_id": "80872438868793615237228308780768590880032317078663006772180513665812976567434", "timestamp": "1769384383901", "hash": "75d7a5c978ae8dc12b8c0f87b070d8f55e228471", "bids": [{"price": "0.001", "size": "101337.85"}, {"price": "0.002", "size": "43.24"}, {"price": "0.01", "size": "2033"}, {"price": "0.011", "size": "55555"}, {"price": "0.012", "size": "6.22"}, {"price": "0.02", "size": "2200"}, {"price": "0.021", "size": "11.93"}, {"price": "0.03", "size": "100"}, {"price": "0.05", "size": "10"}, {"price": "0.053", "size": "600"}, {"price": "0.054", "size": "9.5"}, {"price": "0.084", "size": "10400"}, {"price": "0.14", "size": "50"}, {"price": "0.141", "size": "7.56"}, {"price": "0.2", "size": "200"}, {"price": "0.201", "size": "176"}, {"price": "0.27", "size": "200"}, {"price": "0.28", "size": "7"}, {"price": "0.3", "size": "33.33"}, {"price": "0.34", "size": "100"}, {"price": "0.341", "size": "200.41"}, {"price": "0.59", "size": "70"}, {"price": "0.591", "size": "62"}, {"price": "0.78", "size": "68"}, {"price": "0.8", "size": "68"}, {"price": "0.801", "size": "13.59"}, {"price": "0.99", "size": "26282.37"}, {"price": "0.991", "size": "144"}, {"price": "0.998", "size": "1957.96"}, {"price": "0.999", "size": "36496.69"}], "asks": [], "event_type": "book", "last_trade_price": "0.999"}, {"market": "0x1afd194d763de2bd7abda05e00e517ad0d85b1bb12339dcbe05ccd8b5e0de0de", "asset_id": "12535614914084285997184767785923318454161071933642366975151945930020373370140", "timestamp": "1769384383357", "hash": "e8a731335c724bd313a7c52f8ed54743c8c95200", "bids": [], "asks": [{"price": "0.999", "size": "103574.38"}, {"price": "0.998", "size": "1250"}, {"price": "0.997", "size": "30.01"}, {"price": "0.99", "size": "2033"}, {"price": "0.989", "size": "55555"}, {"price": "0.98", "size": "2200"}, {"price": "0.979", "size": "11.79"}, {"price": "0.97", "size": "100"}, {"price": "0.947", "size": "600"}, {"price": "0.917", "size": "10407.85"}, {"price": "0.86", "size": "50"}, {"price": "0.8", "size": "200"}, {"price": "0.799", "size": "176"}, {"price": "0.73", "size": "200"}, {"price": "0.66", "size": "100"}, {"price": "0.5", "size": "1800"}, {"price": "0.499", "size": "1500"}, {"price": "0.477", "size": "228"}, {"price": "0.476", "size": "201"}, {"price": "0.299", "size": "30"}, {"price": "0.278", "size": "7.22"}, {"price": "0.077", "size": "200"}, {"price": "0.022", "size": "29"}, {"price": "0.021", "size": "45.72"}, {"price": "0.013", "size": "216"}, {"price": "0.012", "size": "144"}, {"price": "0.001", "size": "69344.28"}], "event_type": "book", "last_trade_price": "0.999"}]}
{"_local_timestamp": "2026-01-25T23:41:32.441215+00:00", "data": {"market": "0x1afd194d763de2bd7abda05e00e517ad0d85b1bb12339dcbe05ccd8b5e0de0de", "price_changes": [{"asset_id": "101719154660517380687612365015835668227884146293605413205809626106808355686977", "price": "0.054", "size": "10000", "side": "BUY", "hash": "45f6b8ff0f2a8ea9455660fdbc00c6cd09054ec2", "best_bid": "0.999", "best_ask": "1"}, {"asset_id": "12535614914084285997184767785923318454161071933642366975151945930020373370140", "price": "0.946", "size": "10000", "side": "SELL", "hash": "03cd72969965fa302ba9006916dfedf00b736e23", "best_bid": "0", "best_ask": "0.001"}], "timestamp": "1769384492373", "event_type": "price_change"}}
{"_local_timestamp": "2026-01-25T23:41:32.632798+00:00", "data": {"market": "0xbbd9bf0e135638e608261797209989d4ced475ece27ecd2ffb15cd86ee4cfdaf", "price_changes": [{"asset_id": "80872438868793615237228308780768590880032317078663006772180513665812976567434", "price": "0.998", "size": "0", "side": "BUY", "hash": "c3a357a29a1cb2f7527239d307db197d5e63111c", "best_bid": "0.999", "best_ask": "1"}, {"asset_id": "109557101997166065622834016092196577926689669348753952742467294284334555023005", "price": "0.002", "size": "0", "side": "SELL", "hash": "c91e8ef2984b9d320480abec9d3bf20b2fd0e7b6", "best_bid": "0", "best_ask": "0.001"}], "timestamp": "1769384492558", "event_type": "price_change"}}
{"_local_timestamp": "2026-01-25T23:41:32.731326+00:00", "data": {"market": "0xbbd9bf0e135638e608261797209989d4ced475ece27ecd2ffb15cd86ee4cfdaf", "price_changes": [{"asset_id": "80872438868793615237228308780768590880032317078663006772180513665812976567434", "price": "0.998", "size": "1903.38", "side": "BUY", "hash": "7e5d6ca4409f197f5f5acdb280e32e5020da9607", "best_bid": "0.999", "best_ask": "1"}, {"asset_id": "109557101997166065622834016092196577926689669348753952742467294284334555023005", "price": "0.002", "size": "1903.38", "side": "SELL", "hash": "02e82210c9ecd7303192b0387d0a154e89c7e827", "best_bid": "0", "best_ask": "0.001"}], "timestamp": "1769384492662", "event_type": "price_change"}}
{"_local_timestamp": "2026-01-25T23:41:32.906409+00:00", "data": {"market": "0xbbd9bf0e135638e608261797209989d4ced475ece27ecd2ffb15cd86ee4cfdaf", "price_changes": [{"asset_id": "80872438868793615237228308780768590880032317078663006772180513665812976567434", "price": "0.998", "size": "0", "side": "BUY", "hash": "4216b8b1e52e02f329073b795d194d4aa9c64a53", "best_bid": "0.999", "best_ask": "1"}, {"asset_id": "109557101997166065622834016092196577926689669348753952742467294284334555023005", "price": "0.002", "size": "0", "side": "SELL", "hash": "48ec8939d2f45e0248b0f4fdb2d3ab2fc8debb25", "best_bid": "0", "best_ask": "0.001"}], "timestamp": "1769384492838", "event_type": "price_change"}}
{"_local_timestamp": "2026-01-25T23:41:33.013046+00:00", "data": {"market": "0xbbd9bf0e135638e608261797209989d4ced475ece27ecd2ffb15cd86ee4cfdaf", "price_changes": [{"asset_id": "80872438868793615237228308780768590880032317078663006772180513665812976567434", "price": "0.998", "size": "1903.38", "side": "BUY", "hash": "05b8ad9dd9dc986164af82bc5ede17075e004028", "best_bid": "0.999", "best_ask": "1"}, {"asset_id": "109557101997166065622834016092196577926689669348753952742467294284334555023005", "price": "0.002", "size": "1903.38", "side": "SELL", "hash": "4510ba1b8e83673e1c0db60c6d837826dd6ed413", "best_bid": "0", "best_ask": "0.001"}], "timestamp": "1769384492943", "event_type": "price_change"}}
{"_local_timestamp": "2026-01-25T23:41:33.420376+00:00", "data": {"market": "0x1afd194d763de2bd7abda05e00e517ad0d85b1bb12339dcbe05ccd8b5e0de0de", "price_changes": [{"asset_id": "101719154660517380687612365015835668227884146293605413205809626106808355686977", "price": "0.083", "size": "407.85", "side": "BUY", "hash": "6e166e55bb58548f81599727b246f21ec76d9ab3", "best_bid": "0.999", "best_ask": "1"}, {"asset_id": "12535614914084285997184767785923318454161071933642366975151945930020373370140", "price": "0.917", "size": "407.85", "side": "SELL", "hash": "15bf47cf2d26a730241f0e34e802b808a9f0e363", "best_bid": "0", "best_ask": "0.001"}], "timestamp": "1769384493345", "event_type": "price_change"}}
{"_local_timestamp": "2026-01-25T23:41:33.658272+00:00", "data": {"market": "0xbbd9bf0e135638e608261797209989d4ced475ece27ecd2ffb15cd86ee4cfdaf", "price_changes": [{"asset_id": "80872438868793615237228308780768590880032317078663006772180513665812976567434", "price": "0.998", "size": "0", "side": "BUY", "hash": "5f9c85d14143737e38a37f73de7870dea6c39b8c", "best_bid": "0.999", "best_ask": "1"}, {"asset_id": "109557101997166065622834016092196577926689669348753952742467294284334555023005", "price": "0.002", "size": "0", "side": "SELL", "hash": "9bd38de6e6061a0d13c2c3d87cb6107e53b4c9f2", "best_bid": "0", "best_ask": "0.001"}], "timestamp": "1769384493593", "event_type": "price_change"}}
{"_local_timestamp": "2026-01-25T23:41:33.704091+00:00", "data": {"market": "0xbbd9bf0e135638e608261797209989d4ced475ece27ecd2ffb15cd86ee4cfdaf", "price_changes": [{"asset_id": "80872438868793615237228308780768590880032317078663006772180513665812976567434", "price": "0.998", "size": "1903.38", "side": "BUY", "hash": "090e0329ccd5036c256d8c6aa89c5798210c024f", "best_bid": "0.999", "best_ask": "1"}, {"asset_id": "109557101997166065622834016092196577926689669348753952742467294284334555023005", "price": "0.002", "size": "1903.38", "side": "SELL", "hash": "23f24ddb54d6f9855d943bf1755849468364bdcb", "best_bid": "0", "best_ask": "0.001"}], "timestamp": "1769384493638", "event_type": "price_change"}}
