{"_local_timestamp": "2026-01-25T23:40:29.699389+00:00", "data": [{"market": "0xbbd9bf0e135638e608261797209989d4ced475ece27ecd2ffb15cd86ee4cfdaf", "asset_id": "109557101997166065622834016092196577926689669348753952742467294284334555023005", "timestamp": "1769384383901", "hash": "1f9e8570cde84665354fe53f7211b1a37d074882", "bids": [], "asks": [{"price": "0.999", "size": "101337.85"}, {"price": "0.998", "size": "43.24"}, {"price": "0.99", "size": "2033"}, {"price": "0.989", "size": "55555"}, {"price": "0.988", "size": "6.22"}, {"price": "0.98", "size": "2200"}, {"price": "0.979", "size": "11.93"}, {"price": "0.97", "size": "100"}, {"price": "0.95", "size": "10"}, {"price": "0.947", "size": "600"}, {"price": "0.946", "size": "9.5"}, {"price": "0.916", "size": "10400"}, {"price": "0.86", "size": "50"}, {"price": "0.859", "size": "7.56"}, {"price": "0.8", "size": "200"}, {"price": "0.799", "size": "176"}, {"price": "0.73", "size": "200"}, {"price": "0.72", "size": "7"}, {"price": "0.7", "size": "33.33"}, {"price": "0.66", "size": "100"}, {"price": "0.659", "size": "200.41"}, {"price": "0.41", "size": "70"}, {"price": "0.409", "size": "62"}, {"price": "0.22", "size": "68"}, {"price": "0.2", "size": "68"}, {"price": "0.199", "size": "13.59"}, {"price": "0.01", "size": "26282.37"}, {"price": "0.009", "size": "144"}, {"price": "0.002", "size": "1957.96"}, {"price": "0.001", "size": "36496.69"}], "event_type": "book", "last_trade_price": "0.999"}, {"market": "0x1afd194d763de2bd7abda05e00e517ad0d85b1bb12339dcbe05ccd8b5e0de0de", "asset_id": "101719154660517380687612365015835668227884146293605413205809626106808355686977", "timestamp": "1769384383357", "hash": "736fc2a7b5f379365398b45e3c438a6973a2eae2", "bids": [{"price": "0.001", "size": "103574.38"}, {"price": "0.002", "size": "1250"}, {"price": "0.003", "size": "30.01"}, {"price": "0.01", "size": "2033"}, {"price": "0.011", "size": "55555"}, {"price": "0.02", "size": "2200"}, {"price": "0.021", "size": "11.79"}, {"price": "0.03", "size": "100"}, {"price": "0.053", "size": "600"}, {"price": "0.083", "size": "10407.85"}, {"price": "0.14", "size": "50"}, {"price": "0.2", "size": "200"}, {"price": "0.201", "size": "176"}, {"price": "0.27", "size": "200"}, {"price": "0.34", "size": "100"}, {"price": "0.5", "size": "1800"}, {"price": "0.501", "size": "1500"}, {"price": "0.523", "size": "228"}, {"price": "0.524", "size": "201"}, {"price": "0.701", "size": "30"}, {"price": "0.722", "size": "7.22"}, {"price": "0.923", "size": "200"}, {"price": "0.978", "size": "29"}, {"price": "0.979", "size": "45.72"}, {"price": "0.987", "size": "216"}, {"price": "0.988", "size": "144"}, {"price": "0.999", "size": "69344.28"}], "asks": [], "event_type": "book", "last_trade_price": "0.999"}, {"market": "0xbbd9bf0e135638e608261797209989d4ced475ece27ecd2ffb15cd86ee4cfdaf", "asset_id": "80872438868793615237228308780768590880032317078663006772180513665812976567434", "timestamp": "1769384383901", "hash": "75d7a5c978ae8dc12b8c0f87b070d8f55e228471", "bids": [{"price": "0.001", "size": "101337.85"}, {"price": "0.002", "size": "43.24"}, {"price": "0.01", "size": "2033"}, {"price": "0.011", "size": "55555"}, {"price": "0.012", "size": "6.22"}, {"price": "0.02", "size": "2200"}, {"price": "0.021", "size": "11.93"}, {"price": "0.03", "size": "100"}, {"price": "0.05", "size": "10"}, {"price": "0.053", "size": "600"}, {"price": "0.054", "size": "9.5"}, {"price": "0.084", "size": "10400"}, {"price": "0.14", "size": "50"}, {"price": "0.141", "size": "7.56"}, {"price": "0.2", "size": "200"}, {"price": "0.201", "size": "176"}, {"price": "0.27", "size": "200"}, {"price": "0.28", "size": "7"}, {"price": "0.3", "size": "33.33"}, {"price": "0.34", "size": "100"}, {"price": "0.341", "size": "200.41"}, {"price": "0.59", "size": "70"}, {"price": "0.591", "size": "62"}, {"price": "0.78", "size": "68"}, {"price": "0.8", "size": "68"}, {"price": "0.801", "size": "13.59"}, {"price": "0.99", "size": "26282.37"}, {"price": "0.991", "size": "144"}, {"price": "0.998", "size": "1957.96"}, {"price": "0.999", "size": "36496.69"}], "asks": [], "event_type": "book", "last_trade_price": "0.999"}, {"market": "0x1afd194d763de2bd7abda05e00e517ad0d85b1bb12339dcbe05ccd8b5e0de0de", "asset_id": "12535614914084285997184767785923318454161071933642366975151945930020373370140", "timestamp": "1769384383357", "hash": "e8a731335c724bd313a7c52f8ed54743c8c95200", "bids": [], "asks": [{"price": "0.999", "size": "103574.38"}, {"price": "0.998", "size": "1250"}, {"price": "0.997", "size": "30.01"}, {"price": "0.99", "size": "2033"}, {"price": "0.989", "size": "55555"}, {"price": "0.98", "size": "2200"}, {"price": "0.979", "size": "11.79"}, {"price": "0.97", "size": "100"}, {"price": "0.947", "size": "600"}, {"price": "0.917", "size": "10407.85"}, {"price": "0.86", "size": "50"}, {"price": "0.8", "size": "200"}, {"price": "0.799", "size": "176"}, {"price": "0.73", "size": "200"}, {"price": "0.66", "size": "100"}, {"price": "0.5", "size": "1800"}, {"price": "0.499", "size": "1500"}, {"price": "0.477", "size": "228"}, {"price": "0.476", "size": "201"}, {"price": "0.299", "size": "30"}, {"price": "0.278", "size": "7.22"}, {"price": "0.077", "size": "200"}, {"price": "0.022", "size": "29"}, {"price": "0.021", "size": "45.72"}, {"price": "0.013", "size": "216"}, {"price": "0.012", "size": "144"}, {"price": "0.001", "size": "69344.28"}], "event_type": "book", "last_trade_price": "0.999"}]}
{"_local_timestamp": "2026-01-25T23:41:32.441215+00:00", "data": {"market": "0x1afd194d763de2bd7abda05e00e517ad0d85b1bb12339dcbe05ccd8b5e0de0de", "price_changes": [{"asset_id": "101719154660517380687612365015835668227884146293605413205809626106808355686977", "price": "0.054", "size": "10000", "side": "BUY", "hash": "45f6b8ff0f2a8ea9455660fdbc00c6cd09054ec2", "best_bid": "0.999", "best_ask": "1"}, {"asset_id": "12535614914084285997184767785923318454161071933642366975151945930020373370140", "price": "0.946", "size": "10000", "side": "SELL", "hash": "03cd72969965fa302ba9006916dfedf00b736e23", "best_bid": "0", "best_ask": "0.001"}], "timestamp": "1769384492373", "event_type": "price_change"}}
{"_local_timestamp": "2026-01-25T23:41:32.632798+00:00", "data": {"market": "0xbbd9bf0e135638e608261797209989d4ced475ece27ecd2ffb15cd86ee4cfdaf", "price_changes": [{"asset_id": "80872438868793615237228308780768590880032317078663006772180513665812976567434", "price": "0.998", "size": "0", "side": "BUY", "hash": "c3a357a29a1cb2f7527239d307db197d5e63111c", "best_bid": "0.999", "best_ask": "1"}, {"asset_id": "109557101997166065622834016092196577926689669348753952742467294284334555023005", "price": "0.002", "size": "0", "side": "SELL", "hash": "c91e8ef2984b9d320480abec9d3bf20b2fd0e7b6", "best_bid": "0", "best_ask": "0.001"}], "timestamp": "1769384492558", "event_type": "price_change"}}
{"_local_timestamp": "2026-01-25T23:41:32.731326+00:00", "data": {"market": "0xbbd9bf0e135638e608261797209989d4ced475ece27ecd2ffb15cd86ee4cfdaf", "price_changes": [{"asset_id": "80872438868793615237228308780768590880032317078663006772180513665812976567434", "price": "0.998", "size": "1903.38", "side": "BUY", "hash": "7e5d6ca4409f197f5f5acdb280e32e5020da9607", "best_bid": "0.999", "best_ask": "1"}, {"asset_id": "109557101997166065622834016092196577926689669348753952742467294284334555023005", "price": "0.002", "size": "1903.38", "side": "SELL", "hash": "02e82210c9ecd7303192b0387d0a154e89c7e827", "best_bid": "0", "best_ask": "0.001"}], "timestamp": "1769384492662", "event_type": "price_change"}}
{"_local_timestamp": "2026-01-25T23:41:32.906409+00:00", "data": {"market": "0xbbd9bf0e135638e608261797209989d4ced475ece27ecd2ffb15cd86ee4cfdaf", "price_changes": [{"asset_id": "80872438868793615237228308780768590880032317078663006772180513665812976567434", "price": "0.998", "size": "0", "side": "BUY", "hash": "4216b8b1e52e02f329073b795d194d4aa9c64a53", "best_bid": "0.999", "best_ask": "1"}, {"asset_id": "109557101997166065622834016092196577926689669348753952742467294284334555023005", "price": "0.002", "size": "0", "side": "SELL", "hash": "48ec8939d2f45e0248b0f4fdb2d3ab2fc8debb25", "best_bid": "0", "best_ask": "0.001"}], "timestamp": "1769384492838", "event_type": "price_change"}}
{"_local_timestamp": "2026-01-25T23:41:33.013046+00:00", "data": {"market": "0xbbd9bf0e135638e608261797209989d4ced475ece27ecd2ffb15cd86ee4cfdaf", "price_changes": [{"asset_id": "80872438868793615237228308780768590880032317078663006772180513665812976567434", "price": "0.998", "size": "1903.38", "side": "BUY", "hash": "05b8ad9dd9dc986164af82bc5ede17075e004028", "best_bid": "0.999", "best_ask": "1"}, {"asset_id": "109557101997166065622834016092196577926689669348753952742467294284334555023005", "price": "0.002", "size": "1903.38", "side": "SELL", "hash": "4510ba1b8e83673e1c0db60c6d837826dd6ed413", "best_bid": "0", "best_ask": "0.001"}], "timestamp": "1769384492943", "event_type": "price_change"}}
{"_local_timestamp": "2026-01-25T23:41:33.420376+00:00", "data": {"market": "0x1afd194d763de2bd7abda05e00e517ad0d85b1bb12339dcbe05ccd8b5e0de0de", "price_changes": [{"asset_id": "101719154660517380687612365015835668227884146293605413205809626106808355686977", "price": "0.083", "size": "407.85", "side": "BUY", "hash": "6e166e55bb58548f81599727b246f21ec76d9ab3", "best_bid": "0.999", "best_ask": "1"}, {"asset_id": "12535614914084285997184767785923318454161071933642366975151945930020373370140", "price": "0.917", "size": "407.85", "side": "SELL", "hash": "15bf47cf2d26a730241f0e34e802b808a9f0e363", "best_bid": "0", "best_ask": "0.001"}], "timestamp": "1769384493345", "event_type": "price_change"}}
{"_local_timestamp": "2026-01-25T23:41:33.658272+00:00", "data": {"market": "0xbbd9bf0e135638e608261797209989d4ced475ece27ecd2ffb15cd86ee4cfdaf", "price_changes": [{"asset_id": "80872438868793615237228308780768590880032317078663006772180513665812976567434", "price": "0.998", "size": "0", "side": "BUY", "hash": "5f9c85d14143737e38a37f73de7870dea6c39b8c", "best_bid": "0.999", "best_ask": "1"}, {"asset_id": "109557101997166065622834016092196577926689669348753952742467294284334555023005", "price": "0.002", "size": "0", "side": "SELL", "hash": "9bd38de6e6061a0d13c2c3d87cb6107e53b4c9f2", "best_bid": "0", "best_ask": "0.001"}], "timestamp": "1769384493593", "event_type": "price_change"}}
{"_local_timestamp": "2026-01-25T23:41:33.704091+00:00", "data": {"market": "0xbbd9bf0e135638e608261797209989d4ced475ece27ecd2ffb15cd86ee4cfdaf", "price_changes": [{"asset_id": "80872438868793615237228308780768590880032317078663006772180513665812976567434", "price": "0.998", "size": "1903.38", "side": "BUY", "hash": "090e0329ccd5036c256d8c6aa89c5798210c024f", "best_bid": "0.999", "best_ask": "1"}, {"asset_id": "109557101997166065622834016092196577926689669348753952742467294284334555023005", "price": "0.002", "size": "1903.38", "side": "SELL", "hash": "23f24ddb54d6f9855d943bf1755849468364bdcb", "best_bid": "0", "best_ask": "0.001"}], "timestamp": "1769384493638", "event_type": "price_change"}}
{"_local_timestamp": "2026-01-25T23:41:39.606041+00:00", "data": {"market": "0x1afd194d763de2bd7abda05e00e517ad0d85b1bb12339dcbe05ccd8b5e0de0de", "price_changes": [{"asset_id": "12535614914084285997184767785923318454161071933642366975151945930020373370140", "price": "0.01", "size": "13", "side": "SELL", "hash": "1e99bbace20c2146c580774f9b26732f7ac2108f", "best_bid": "0", "best_ask": "0.001"}, {"asset_id": "101719154660517380687612365015835668227884146293605413205809626106808355686977", "price": "0.99", "size": "13", "side": "BUY", "hash": "438dfc35d6b8a6405ffff70e9cd0cc59f9016943", "best_bid": "0.999", "best_ask": "1"}], "timestamp": "1769384499508", "event_type": "price_change"}}
{"_local_timestamp": "2026-01-25T23:41:39.839168+00:00", "data": {"market": "0xbbd9bf0e135638e608261797209989d4ced475ece27ecd2ffb15cd86ee4cfdaf", "price_changes": [{"asset_id": "80872438868793615237228308780768590880032317078663006772180513665812976567434", "price": "0.998", "size": "0", "side": "BUY", "hash": "fbd0652200cdec677dbff05b76bf70769281a4cd", "best_bid": "0.999", "best_ask": "1"}, {"asset_id": "109557101997166065622834016092196577926689669348753952742467294284334555023005", "price": "0.002", "size": "0", "side": "SELL", "hash": "21ee9c437bb4f2341013eb3e757db157e184d627", "best_bid": "0", "best_ask": "0.001"}], "timestamp": "1769384499772", "event_type": "price_change"}}
{"_local_timestamp": "2026-01-25T23:41:39.931206+00:00", "data": {"market": "0xbbd9bf0e135638e608261797209989d4ced475ece27ecd2ffb15cd86ee4cfdaf", "price_changes": [{"asset_id": "80872438868793615237228308780768590880032317078663006772180513665812976567434", "price": "0.998", "size": "1903.38", "side": "BUY", "hash": "6fd3ff54e826a4fd023beb19586972f9fe17b89b", "best_bid": "0.999", "best_ask": "1"}, {"asset_id": "109557101997166065622834016092196577926689669348753952742467294284334555023005", "price": "0.002", "size": "1903.38", "side": "SELL", "hash": "23e71639c8b4543003ced66690161aa25cc06653", "best_bid": "0", "best_ask": "0.001"}], "timestamp": "1769384499862", "event_type": "price_change"}}
{"_local_timestamp": "2026-01-25T23:41:40.129213+00:00", "data": {"market": "0xbbd9bf0e135638e608261797209989d4ced475ece27ecd2ffb15cd86ee4cfdaf", "price_changes": [{"asset_id": "80872438868793615237228308780768590880032317078663006772180513665812976567434", "price": "0.998", "size": "0", "side": "BUY", "hash": "aa7180d440fe9b3d35b9ff39cd2bd436a4b97be1", "best_bid": "0.999", "best_ask": "1"}, {"asset_id": "109557101997166065622834016092196577926689669348753952742467294284334555023005", "price": "0.002", "size": "0", "side": "SELL", "hash": "edb211013af60f76d741d23b8376721ea6e8ba40", "best_bid": "0", "best_ask": "0.001"}], "timestamp": "1769384500047", "event_type": "price_change"}}
{"_local_timestamp": "2026-01-25T23:41:40.225764+00:00", "data": {"market": "0xbbd9bf0e135638e608261797209989d4ced475ece27ecd2ffb15cd86ee4cfdaf", "price_changes": [{"asset_id": "80872438868793615237228308780768590880032317078663006772180513665812976567434", "price": "0.998", "size": "1903.38", "side": "BUY", "hash": "50eff40486b51f44f4cf578be78cc1f6724fa7bb", "best_bid": "0.999", "best_ask": "1"}, {"asset_id": "109557101997166065622834016092196577926689669348753952742467294284334555023005", "price": "0.002", "size": "1903.38", "side": "SELL", "hash": "3466ed98b554d585fee5fde884f598787a78cc80", "best_bid": "0", "best_ask": "0.001"}], "timestamp": "1769384500125", "event_type": "price_change"}}
{"_local_timestamp": "2026-01-25T23:41:40.398253+00:00", "data": {"market": "0xbbd9bf0e135638e608261797209989d4ced475ece27ecd2ffb15cd86ee4cfdaf", "price_changes": [{"asset_id": "80872438868793615237228308780768590880032317078663006772180513665812976567434", "price": "0.998", "size": "0", "side": "BUY", "hash": "2147ab505edc3c2c4cba11e790e6b1587408f2de", "best_bid": "0.999", "best_ask": "1"}, {"asset_id": "109557101997166065622834016092196577926689669348753952742467294284334555023005", "price": "0.002", "size": "0", "side": "SELL", "hash": "6008f4ae5af5cfc83b0336cd63473e41db11242a", "best_bid": "0", "best_ask": "0.001"}], "timestamp": "1769384500278", "event_type": "price_change"}}
{"_local_timestamp": "2026-01-25T23:41:40.465837+00:00", "data": {"market": "0xbbd9bf0e135638e608261797209989d4ced475ece27ecd2ffb15cd86ee4cfdaf", "price_changes": [{"asset_id": "80872438868793615237228308780768590880032317078663006772180513665812976567434", "price": "0.998", "size": "1903.38", "side": "BUY", "hash": "44b75626275856b91ea77eab912ad85c74d048fd", "best_bid": "0.999", "best_ask": "1"}, {"asset_id": "109557101997166065622834016092196577926689669348753952742467294284334555023005", "price": "0.002", "size": "1903.38", "side": "SELL", "hash": "5a7a9601afb5322c3c610f2c8612da62697abb9f", "best_bid": "0", "best_ask": "0.001"}], "timestamp": "1769384500368", "event_type": "price_change"}}
{"_local_timestamp": "2026-01-25T23:41:40.577502+00:00", "data": {"market": "0xbbd9bf0e135638e608261797209989d4ced475ece27ecd2ffb15cd86ee4cfdaf", "price_changes": [{"asset_id": "80872438868793615237228308780768590880032317078663006772180513665812976567434", "price": "0.998", "size": "0", "side": "BUY", "hash": "9468888a5c1e9d8738fffd82c63cad971267da86", "best_bid": "0.999", "best_ask": "1"}, {"asset_id": "109557101997166065622834016092196577926689669348753952742467294284334555023005", "price": "0.002", "size": "0", "side": "SELL", "hash": "5537f2189743d85ea18a9c19f8ce28493d3b5e8d", "best_bid": "0", "best_ask": "0.001"}], "timestamp": "1769384500507", "event_type": "price_change"}}
{"_local_timestamp": "2026-01-25T23:41:40.650026+00:00", "data": {"market": "0xbbd9bf0e135638e608261797209989d4ced475ece27ecd2ffb15cd86ee4cfdaf", "price_changes": [{"asset_id": "80872438868793615237228308780768590880032317078663006772180513665812976567434", "price": "0.998", "size": "1903.38", "side": "BUY", "hash": "3708113f5f85370b2839b51a0af3e5283bc65dc3", "best_bid": "0.999", "best_ask": "1"}, {"asset_id": "109557101997166065622834016092196577926689669348753952742467294284334555023005", "price": "0.002", "size": "1903.38", "side": "SELL", "hash": "e7485d0dcec36eb1b69c6f609c9322c60d33008a", "best_bid": "0", "best_ask": "0.001"}], "timestamp": "1769384500579", "event_type": "price_change"}}
{"_local_timestamp": "2026-01-25T23:41:41.642679+00:00", "data": {"market": "0xbbd9bf0e135638e608261797209989d4ced475ece27ecd2ffb15cd86ee4cfdaf", "price_changes": [{"asset_id": "80872438868793615237228308780768590880032317078663006772180513665812976567434", "price": "0.054", "size": "10009.5", "side": "BUY", "hash": "635188ab43c1ac639b211d86fc349b1865f3b189", "best_bid": "0.999", "best_ask": "1"}, {"asset_id": "109557101997166065622834016092196577926689669348753952742467294284334555023005", "price": "0.946", "size": "10009.5", "side": "SELL", "hash": "f3b89c257de8e7924d75f8af0cd99b6f5525bdea", "best_bid": "0", "best_ask": "0.001"}], "timestamp": "1769384501575", "event_type": "price_change"}}
{"_local_timestamp": "2026-01-25T23:41:41.762427+00:00", "data": {"market": "0xbbd9bf0e135638e608261797209989d4ced475ece27ecd2ffb15cd86ee4cfdaf", "price_changes": [{"asset_id": "80872438868793615237228308780768590880032317078663006772180513665812976567434", "price": "0.998", "size": "0", "side": "BUY", "hash": "c3f660b64ee8517070f88c1f4a8967e6d210420d", "best_bid": "0.999", "best_ask": "1"}, {"asset_id": "109557101997166065622834016092196577926689669348753952742467294284334555023005", "price": "0.002", "size": "0", "side": "SELL", "hash": "990a7331bac77a5f61dc5f1c0559da54f3eb9900", "best_bid": "0", "best_ask": "0.001"}], "timestamp": "1769384501691", "event_type": "price_change"}}
{"_local_timestamp": "2026-01-25T23:41:41.866493+00:00", "data": {"market": "0xbbd9bf0e135638e608261797209989d4ced475ece27ecd2ffb15cd86ee4cfdaf", "price_changes": [{"asset_id": "80872438868793615237228308780768590880032317078663006772180513665812976567434", "price": "0.998", "size": "1903.38", "side": "BUY", "hash": "5a4cf7f8d2a61c7c010a41ef41a3f3fafa229e49", "best_bid": "0.999", "best_ask": "1"}, {"asset_id": "109557101997166065622834016092196577926689669348753952742467294284334555023005", "price": "0.002", "size": "1903.38", "side": "SELL", "hash": "31aba9013a3b40e4da749e69b051258736146ad7", "best_bid": "0", "best_ask": "0.001"}], "timestamp": "1769384501793", "event_type": "price_change"}}
{"_local_timestamp": "2026-01-25T23:41:42.878097+00:00", "data": {"market": "0xbbd9bf0e135638e608261797209989d4ced475ece27ecd2ffb15cd86ee4cfdaf", "price_changes": [{"asset_id": "80872438868793615237228308780768590880032317078663006772180513665812976567434", "price": "0.084", "size": "400", "side": "BUY", "hash": "7b4f6404a31764e79f6366b32a1e83b5961a877f", "best_bid": "0.999", "best_ask": "1"}, {"asset_id": "109557101997166065622834016092196577926689669348753952742467294284334555023005", "price": "0.916", "size": "400", "side": "SELL", "hash": "97e0f1930e878b56a73d7272eda45b3a37df180f", "best_bid": "0", "best_ask": "0.001"}], "timestamp": "1769384502814", "event_type": "price_change"}}
{"_local_timestamp": "2026-01-25T23:41:43.363181+00:00", "data": {"market": "0xbbd9bf0e135638e608261797209989d4ced475ece27ecd2ffb15cd86ee4cfdaf", "price_changes": [{"asset_id": "80872438868793615237228308780768590880032317078663006772180513665812976567434", "price": "0.998", "size": "0", "side": "BUY", "hash": "45e0ce75ad95847b841eb863abd0f273a8cbf702", "best_bid": "0.999", "best_ask": "1"}, {"asset_id": "109557101997166065622834016092196577926689669348753952742467294284334555023005", "price": "0.002", "size": "0", "side": "SELL", "hash": "3931bf40a4f394ca6ac601bcb07837dee43f0ebc", "best_bid": "0", "best_ask": "0.001"}], "timestamp": "1769384503289", "event_type": "price_change"}}
{"_local_timestamp": "2026-01-25T23:41:43.533218+00:00", "data": {"market": "0xbbd9bf0e135638e608261797209989d4ced475ece27ecd2ffb15cd86ee4cfdaf", "price_changes": [{"asset_id": "80872438868793615237228308780768590880032317078663006772180513665812976567434", "price": "0.998", "size": "1903.38", "side": "BUY", "hash": "e8d363d5e99b7d835d673f9316b426063a63f418", "best_bid": "0.999", "best_ask": "1"}, {"asset_id": "109557101997166065622834016092196577926689669348753952742467294284334555023005", "price": "0.002", "size": "1903.38", "side": "SELL", "hash": "39d203fa2c488824d0f6565331726a0138449d59", "best_bid": "0", "best_ask": "0.001"}], "timestamp": "1769384503469", "event_type": "price_change"}}
{"_local_timestamp": "2026-01-25T23:41:43.922514+00:00", "data": {"market": "0xbbd9bf0e135638e608261797209989d4ced475ece27ecd2ffb15cd86ee4cfdaf", "price_changes": [{"asset_id": "80872438868793615237228308780768590880032317078663006772180513665812976567434", "price": "0.998", "size": "0", "side": "BUY", "hash": "f08eda5e06b31ae9f374350caedbe4a77352b84f", "best_bid": "0.999", "best_ask": "1"}, {"asset_id": "109557101997166065622834016092196577926689669348753952742467294284334555023005", "price": "0.002", "size": "0", "side": "SELL", "hash": "83db9a61f6237fd301d1c0265e1b77744251041e", "best_bid": "0", "best_ask": "0.001"}], "timestamp": "1769384503853", "event_type": "price_change"}}
{"_local_timestamp": "2026-01-25T23:41:44.106845+00:00", "data": {"market": "0xbbd9bf0e135638e608261797209989d4ced475ece27ecd2ffb15cd86ee4cfdaf", "price_changes": [{"asset_id": "80872438868793615237228308780768590880032317078663006772180513665812976567434", "price": "0.998", "size": "1903.38", "side": "BUY", "hash": "84661318bd7e8407660637371d984f60571843e2", "best_bid": "0.999", "best_ask": "1"}, {"asset_id": "109557101997166065622834016092196577926689669348753952742467294284334555023005", "price": "0.002", "size": "1903.38", "side": "SELL", "hash": "8795282a025180799c28343d3efc807e770a24ad", "best_bid": "0", "best_ask": "0.001"}], "timestamp": "1769384504032", "event_type": "price_change"}}
{"_local_timestamp": "2026-01-25T23:41:44.759783+00:00", "data": {"market": "0xbbd9bf0e135638e608261797209989d4ced475ece27ecd2ffb15cd86ee4cfdaf", "price_changes": [{"asset_id": "80872438868793615237228308780768590880032317078663006772180513665812976567434", "price": "0.998", "size": "0", "side": "BUY", "hash": "c144d06c579d6c6cfca00cdb4cd418d9a097ad4f", "best_bid": "0.999", "best_ask": "1"}, {"asset_id": "109557101997166065622834016092196577926689669348753952742467294284334555023005", "price": "0.002", "size": "0", "side": "SELL", "hash": "c5a572f7d236cabe1ab26343e39ac0fd050726ff", "best_bid": "0", "best_ask": "0.001"}], "timestamp": "1769384504691", "event_type": "price_change"}}
{"_local_timestamp": "2026-01-25T23:41:44.942799+00:00", "data": {"market": "0xbbd9bf0e135638e608261797209989d4ced475ece27ecd2ffb15cd86ee4cfdaf", "price_changes": [{"asset_id": "80872438868793615237228308780768590880032317078663006772180513665812976567434", "price": "0.998", "size": "1903.38", "side": "BUY", "hash": "fa5b7e1b68be091b7f7a46925ebd164a7f0173e8", "best_bid": "0.999", "best_ask": "1"}, {"asset_id": "109557101997166065622834016092196577926689669348753952742467294284334555023005", "price": "0.002", "size": "1903.38", "side": "SELL", "hash": "79ae520f771ec55facd9b22c551a1b657e047efb", "best_bid": "0", "best_ask": "0.001"}], "timestamp": "1769384504866", "event_type": "price_change"}}
{"_local_timestamp": "2026-01-25T23:41:45.554170+00:00", "data": {"market": "0xbbd9bf0e135638e608261797209989d4ced475ece27ecd2ffb15cd86ee4cfdaf", "price_changes": [{"asset_id": "80872438868793615237228308780768590880032317078663006772180513665812976567434", "price": "0.998", "size": "0", "side": "BUY", "hash": "da09ee32f1266ec6be4202b6c12888feed1acce0", "best_bid": "0.999", "best_ask": "1"}, {"asset_id": "109557101997166065622834016092196577926689669348753952742467294284334555023005", "price": "0.002", "size": "0", "side": "SELL", "hash": "80437bd0607e2aebcccb86ebd4b5c0b7736eb66e", "best_bid": "0", "best_ask": "0.001"}], "timestamp": "1769384505482", "event_type": "price_change"}}
{"_local_timestamp": "2026-01-25T23:41:45.683373+00:00", "data": {"market": "0xbbd9bf0e135638e608261797209989d4ced475ece27ecd2ffb15cd86ee4cfdaf", "price_changes": [{"asset_id": "80872438868793615237228308780768590880032317078663006772180513665812976567434", "price": "0.998", "size": "1903.38", "side": "BUY", "hash": "5d448e2b4b306175ec2f94136fb1460f5c151c62", "best_bid": "0.999", "best_ask": "1"}, {"asset_id": "109557101997166065622834016092196577926689669348753952742467294284334555023005", "price": "0.002", "size": "1903.38", "side": "SELL", "hash": "999b08667c5e8e6fb91857d292fd3979fdb763c5", "best_bid": "0", "best_ask": "0.001"}], "timestamp": "1769384505616", "event_type": "price_change"}}
{"_local_timestamp": "2026-01-25T23:41:46.143177+00:00", "data": {"market": "0xbbd9bf0e135638e608261797209989d4ced475ece27ecd2ffb15cd86ee4cfdaf", "price_changes": [{"asset_id": "80872438868793615237228308780768590880032317078663006772180513665812976567434", "price": "0.998", "size": "0", "side": "BUY", "hash": "fb8a70011846a3855240eea027c125a5fa7a11ec", "best_bid": "0.999", "best_ask": "1"}, {"asset_id": "109557101997166065622834016092196577926689669348753952742467294284334555023005", "price": "0.002", "size": "0", "side": "SELL", "hash": "71cd8ca4d4354514de565adb386470dd54ccfb79", "best_bid": "0", "best_ask": "0.001"}], "timestamp": "1769384506065", "event_type": "price_change"}}
{"_local_timestamp": "2026-01-25T23:41:46.204735+00:00", "data": {"market": "0xbbd9bf0e135638e608261797209989d4ced475ece27ecd2ffb15cd86ee4cfdaf", "price_changes": [{"asset_id": "80872438868793615237228308780768590880032317078663006772180513665812976567434", "price": "0.998", "size": "1903.38", "side": "BUY", "hash": "5f590b9c931c76e6d5d69d1768880ff6ac76a60b", "best_bid": "0.999", "best_ask": "1"}, {"asset_id": "109557101997166065622834016092196577926689669348753952742467294284334555023005", "price": "0.002", "size": "1903.38", "side": "SELL", "hash": "bcadf6d010f43c21d8a2874f7756050d3c88c4e3", "best_bid": "0", "best_ask": "0.001"}], "timestamp": "1769384506136", "event_type": "price_change"}}
{"_local_timestamp": "2026-01-25T23:41:46.294799+00:00", "data": {"market": "0x1afd194d763de2bd7abda05e00e517ad0d85b1bb12339dcbe05ccd8b5e0de0de", "price_changes": [{"asset_id": "12535614914084285997184767785923318454161071933642366975151945930020373370140", "price": "0.013", "size": "0", "side": "SELL", "hash": "9063d3ba4c0986d6ee755ead0dad64348389a57e", "best_bid": "0", "best_ask": "0.001"}, {"asset_id": "101719154660517380687612365015835668227884146293605413205809626106808355686977", "price": "0.987", "size": "0", "side": "BUY", "hash": "ee3249c5c0944853b9e51a724ed8887dc66be47e", "best_bid": "0.999", "best_ask": "1"}], "timestamp": "1769384506220", "event_type": "price_change"}}
{"_local_timestamp": "2026-01-25T23:41:46.295732+00:00", "data": {"market": "0x1afd194d763de2bd7abda05e00e517ad0d85b1bb12339dcbe05ccd8b5e0de0de", "price_changes": [{"asset_id": "12535614914084285997184767785923318454161071933642366975151945930020373370140", "price": "0.021", "size": "0", "side": "SELL", "hash": "9063d3ba4c0986d6ee755ead0dad64348389a57e", "best_bid": "0", "best_ask": "0.001"}, {"asset_id": "101719154660517380687612365015835668227884146293605413205809626106808355686977", "price": "0.979", "size": "0", "side": "BUY", "hash": "ee3249c5c0944853b9e51a724ed8887dc66be47e", "best_bid": "0.999", "best_ask": "1"}], "timestamp": "1769384506220", "event_type": "price_change"}}
{"_local_timestamp": "2026-01-25T23:41:46.390554+00:00", "data": {"market": "0xbbd9bf0e135638e608261797209989d4ced475ece27ecd2ffb15cd86ee4cfdaf", "price_changes": [{"asset_id": "80872438868793615237228308780768590880032317078663006772180513665812976567434", "price": "0.998", "size": "0", "side": "BUY", "hash": "73a6a3028613633fc7ffbd8232d63d024cc439f9", "best_bid": "0.999", "best_ask": "1"}, {"asset_id": "109557101997166065622834016092196577926689669348753952742467294284334555023005", "price": "0.002", "size": "0", "side": "SELL", "hash": "fa719550025c4e7f2c1ddb0d1732e85a1f5ea02d", "best_bid": "0", "best_ask": "0.001"}], "timestamp": "1769384506324", "event_type": "price_change"}}
{"_local_timestamp": "2026-01-25T23:41:46.494724+00:00", "data": {"market": "0xbbd9bf0e135638e608261797209989d4ced475ece27ecd2ffb15cd86ee4cfdaf", "price_changes": [{"asset_id": "80872438868793615237228308780768590880032317078663006772180513665812976567434", "price": "0.998", "size": "1903.38", "side": "BUY", "hash": "0310096eb396ebcb7143e7e001d864474e7b2be7", "best_bid": "0.999", "best_ask": "1"}, {"asset_id": "109557101997166065622834016092196577926689669348753952742467294284334555023005", "price": "0.002", "size": "1903.38", "side": "SELL", "hash": "ab97cfbd45a3981037ea4f4059529d0d47804b4f", "best_bid": "0", "best_ask": "0.001"}], "timestamp": "1769384506429", "event_type": "price_change"}}
{"_local_timestamp": "2026-01-25T23:41:47.142488+00:00", "data": {"market": "0x1afd194d763de2bd7abda05e00e517ad0d85b1bb12339dcbe05ccd8b5e0de0de", "price_changes": [{"asset_id": "12535614914084285997184767785923318454161071933642366975151945930020373370140", "price": "0.009", "size": "19.5", "side": "SELL", "hash": "08fee91ba1e1b014468e8ba0866c19819ce2e377", "best_bid": "0", "best_ask": "0.001"}, {"asset_id": "101719154660517380687612365015835668227884146293605413205809626106808355686977", "price": "0.991", "size": "19.5", "side": "BUY", "hash": "6eb953221fcd2f93aabe70d1e988df5dddb2b4be", "best_bid": "0.999", "best_ask": "1"}], "timestamp": "1769384507073", "event_type": "price_change"}}
{"_local_timestamp": "2026-01-25T23:41:47.155218+00:00", "data": {"market": "0x1afd194d763de2bd7abda05e00e517ad0d85b1bb12339dcbe05ccd8b5e0de0de", "price_changes": [{"asset_id": "12535614914084285997184767785923318454161071933642366975151945930020373370140", "price": "0.011", "size": "216", "side": "SELL", "hash": "a362bc822f783de3e830f9635575fff6baf7cbf6", "best_bid": "0", "best_ask": "0.001"}, {"asset_id": "101719154660517380687612365015835668227884146293605413205809626106808355686977", "price": "0.989", "size": "216", "side": "BUY", "hash": "127c71cf472c3a0fc64336c5c5d2286859ed8e0e", "best_bid": "0.999", "best_ask": "1"}], "timestamp": "1769384507074", "event_type": "price_change"}}
{"_local_timestamp": "2026-01-25T23:41:47.156703+00:00", "data": {"market": "0x1afd194d763de2bd7abda05e00e517ad0d85b1bb12339dcbe05ccd8b5e0de0de", "price_changes": [{"asset_id": "12535614914084285997184767785923318454161071933642366975151945930020373370140", "price": "0.021", "size": "26.22", "side": "SELL", "hash": "65e1bffe76dfdb3f7466e890ffe2503622b7791b", "best_bid": "0", "best_ask": "0.001"}, {"asset_id": "101719154660517380687612365015835668227884146293605413205809626106808355686977", "price": "0.979", "size": "26.22", "side": "BUY", "hash": "6d114f9124f8d13bb797d78e68925daf00793b81", "best_bid": "0.999", "best_ask": "1"}], "timestamp": "1769384507075", "event_type": "price_change"}}
{"_local_timestamp": "2026-01-25T23:41:47.277298+00:00", "data": {"market": "0xbbd9bf0e135638e608261797209989d4ced475ece27ecd2ffb15cd86ee4cfdaf", "price_changes": [{"asset_id": "80872438868793615237228308780768590880032317078663006772180513665812976567434", "price": "0.998", "size": "0", "side": "BUY", "hash": "77e31f6d122ad41122b3545c1407e9a60ae6b263", "best_bid": "0.999", "best_ask": "1"}, {"asset_id": "109557101997166065622834016092196577926689669348753952742467294284334555023005", "price": "0.002", "size": "0", "side": "SELL", "hash": "7734945fc9a7f0d70b43dd7b6da41053022b5e22", "best_bid": "0", "best_ask": "0.001"}], "timestamp": "1769384507211", "event_type": "price_change"}}
{"_local_timestamp": "2026-01-25T23:41:47.375250+00:00", "data": {"market": "0xbbd9bf0e135638e608261797209989d4ced475ece27ecd2ffb15cd86ee4cfdaf", "price_changes": [{"asset_id": "80872438868793615237228308780768590880032317078663006772180513665812976567434", "price": "0.998", "size": "1903.38", "side": "BUY", "hash": "2f345991737b2eb98bc92e6a780cd05e3b8d7788", "best_bid": "0.999", "best_ask": "1"}, {"asset_id": "109557101997166065622834016092196577926689669348753952742467294284334555023005", "price": "0.002", "size": "1903.38", "side": "SELL", "hash": "5c6f122f596d93054055b27d0ed9ebbf24723225", "best_bid": "0", "best_ask": "0.001"}], "timestamp": "1769384507307", "event_type": "price_change"}}
{"_local_timestamp": "2026-01-25T23:41:47.566628+00:00", "data": {"market": "0xbbd9bf0e135638e608261797209989d4ced475ece27ecd2ffb15cd86ee4cfdaf", "price_changes": [{"asset_id": "80872438868793615237228308780768590880032317078663006772180513665812976567434", "price": "0.998", "size": "0", "side": "BUY", "hash": "7e48f0fd4d1323f98911e34c2a40128b512268ca", "best_bid": "0.999", "best_ask": "1"}, {"asset_id": "109557101997166065622834016092196577926689669348753952742467294284334555023005", "price": "0.002", "size": "0", "side": "SELL", "hash": "4ef87eaad645219ce47d2f075bac4cdc57f843d2", "best_bid": "0", "best_ask": "0.001"}], "timestamp": "1769384507500", "event_type": "price_change"}}
{"_local_timestamp": "2026-01-25T23:41:47.653437+00:00", "data": {"market": "0xbbd9bf0e135638e608261797209989d4ced475ece27ecd2ffb15cd86ee4cfdaf", "price_changes": [{"asset_id": "80872438868793615237228308780768590880032317078663006772180513665812976567434", "price": "0.998", "size": "1903.38", "side": "BUY", "hash": "31dc19ffe86e4aea9958c710aea914efa90be13f", "best_bid": "0.999", "best_ask": "1"}, {"asset_id": "109557101997166065622834016092196577926689669348753952742467294284334555023005", "price": "0.002", "size": "1903.38", "side": "SELL", "hash": "122c2e629713e78e66d20bf429394e835a3f2779", "best_bid": "0", "best_ask": "0.001"}], "timestamp": "1769384507588", "event_type": "price_change"}}
{"_local_timestamp": "2026-01-25T23:41:47.858925+00:00", "data": {"market": "0xbbd9bf0e135638e608261797209989d4ced475ece27ecd2ffb15cd86ee4cfdaf", "price_changes": [{"asset_id": "80872438868793615237228308780768590880032317078663006772180513665812976567434", "price": "0.998", "size": "0", "side": "BUY", "hash": "b83247a43d8f8148b7c1c84d7d13c320e2674054", "best_bid": "0.999", "best_ask": "1"}, {"asset_id": "109557101997166065622834016092196577926689669348753952742467294284334555023005", "price": "0.002", "size": "0", "side": "SELL", "hash": "21570d102094f2eb6c448f215d556673283f5757", "best_bid": "0", "best_ask": "0.001"}], "timestamp": "1769384507795", "event_type": "price_change"}}
{"_local_timestamp": "2026-01-25T23:41:47.922551+00:00", "data": {"market": "0xbbd9bf0e135638e608261797209989d4ced475ece27ecd2ffb15cd86ee4cfdaf", "price_changes": [{"asset_id": "80872438868793615237228308780768590880032317078663006772180513665812976567434", "price": "0.998", "size": "1903.38", "side": "BUY", "hash": "69389260e3ccf277d8c911963b7207db40c1ccd0", "best_bid": "0.999", "best_ask": "1"}, {"asset_id": "109557101997166065622834016092196577926689669348753952742467294284334555023005", "price": "0.002", "size": "1903.38", "side": "SELL", "hash": "a868aae7eb4fe494eb730b4e1a28cc6db3edac22", "best_bid": "0", "best_ask": "0.001"}], "timestamp": "1769384507857", "event_type": "price_change"}}
{"_local_timestamp": "2026-01-25T23:41:55.331428+00:00", "data": {"market": "0xbbd9bf0e135638e608261797209989d4ced475ece27ecd2ffb15cd86ee4cfdaf", "price_changes": [{"asset_id": "80872438868793615237228308780768590880032317078663006772180513665812976567434", "price": "0.021", "size": "0", "side": "BUY", "hash": "2f8c52e041694ed16c6586affa81b84aefa0f302", "best_bid": "0.999", "best_ask": "1"}, {"asset_id": "109557101997166065622834016092196577926689669348753952742467294284334555023005", "price": "0.979", "size": "0", "side": "SELL", "hash": "b05a1cebfc9fffd65c42cbc34cc1081beee18884", "best_bid": "0", "best_ask": "0.001"}], "timestamp": "1769384515250", "event_type": "price_change"}}
{"_local_timestamp": "2026-01-25T23:41:55.332106+00:00", "data": {"market": "0xbbd9bf0e135638e608261797209989d4ced475ece27ecd2ffb15cd86ee4cfdaf", "price_changes": [{"asset_id": "80872438868793615237228308780768590880032317078663006772180513665812976567434", "price": "0.054", "size": "10000", "side": "BUY", "hash": "2f8c52e041694ed16c6586affa81b84aefa0f302", "best_bid": "0.999", "best_ask": "1"}, {"asset_id": "109557101997166065622834016092196577926689669348753952742467294284334555023005", "price": "0.946", "size": "10000", "side": "SELL", "hash": "b05a1cebfc9fffd65c42cbc34cc1081beee18884", "best_bid": "0", "best_ask": "0.001"}], "timestamp": "1769384515250", "event_type": "price_change"}}
{"_local_timestamp": "2026-01-25T23:41:55.657484+00:00", "data": {"market": "0xbbd9bf0e135638e608261797209989d4ced475ece27ecd2ffb15cd86ee4cfdaf", "price_changes": [{"asset_id": "80872438868793615237228308780768590880032317078663006772180513665812976567434", "price": "0.998", "size": "0", "side": "BUY", "hash": "4149f8123b9650148f3379b005a797b73127958d", "best_bid": "0.999", "best_ask": "1"}, {"asset_id": "109557101997166065622834016092196577926689669348753952742467294284334555023005", "price": "0.002", "size": "0", "side": "SELL", "hash": "540e0dae14df88ca35faf07f034b95228b4df429", "best_bid": "0", "best_ask": "0.001"}], "timestamp": "1769384515591", "event_type": "price_change"}}
{"_local_timestamp": "2026-01-25T23:41:55.676361+00:00", "data": {"market": "0xbbd9bf0e135638e608261797209989d4ced475ece27ecd2ffb15cd86ee4cfdaf", "price_changes": [{"asset_id": "80872438868793615237228308780768590880032317078663006772180513665812976567434", "price": "0.055", "size": "9.2", "side": "BUY", "hash": "56624f4329fbee9ece1b9e6ea5b3044420d7199b", "best_bid": "0.999", "best_ask": "1"}, {"asset_id": "109557101997166065622834016092196577926689669348753952742467294284334555023005", "price": "0.945", "size": "9.2", "side": "SELL", "hash": "218700a86c9aa7689bdafd14d23048567a74ef24", "best_bid": "0", "best_ask": "0.001"}], "timestamp": "1769384515608", "event_type": "price_change"}}
{"_local_timestamp": "2026-01-25T23:41:55.677277+00:00", "data": {"market": "0xbbd9bf0e135638e608261797209989d4ced475ece27ecd2ffb15cd86ee4cfdaf", "price_changes": [{"asset_id": "80872438868793615237228308780768590880032317078663006772180513665812976567434", "price": "0.012", "size": "12.87", "side": "BUY", "hash": "91b0f29e3e8dadc3bf51099807bd654c28facc75", "best_bid": "0.999", "best_ask": "1"}, {"asset_id": "109557101997166065622834016092196577926689669348753952742467294284334555023005", "price": "0.988", "size": "12.87", "side": "SELL", "hash": "87962a121d9ea53a878a098c80dd9c7d3abf1926", "best_bid": "0", "best_ask": "0.001"}], "timestamp": "1769384515609", "event_type": "price_change"}}
{"_local_timestamp": "2026-01-25T23:41:55.677629+00:00", "data": {"market": "0xbbd9bf0e135638e608261797209989d4ced475ece27ecd2ffb15cd86ee4cfdaf", "price_changes": [{"asset_id": "80872438868793615237228308780768590880032317078663006772180513665812976567434", "price": "0.031", "size": "5.74", "side": "BUY", "hash": "ac3667ec594b371fd4648aa31533fcbc87ffec38", "best_bid": "0.999", "best_ask": "1"}, {"asset_id": "109557101997166065622834016092196577926689669348753952742467294284334555023005", "price": "0.969", "size": "5.74", "side": "SELL", "hash": "6593ec37912f7cf15efefa9f7a7e3c93cd8ab0d4", "best_bid": "0", "best_ask": "0.001"}], "timestamp": "1769384515610", "event_type": "price_change"}}
{"_local_timestamp": "2026-01-25T23:41:55.742963+00:00", "data": {"market": "0xbbd9bf0e135638e608261797209989d4ced475ece27ecd2ffb15cd86ee4cfdaf", "price_changes": [{"asset_id": "80872438868793615237228308780768590880032317078663006772180513665812976567434", "price": "0.998", "size": "1930.92", "side": "BUY", "hash": "6234cd8fbe0f2ee1bd7f35c165ade951a35a1a3c", "best_bid": "0.999", "best_ask": "1"}, {"asset_id": "109557101997166065622834016092196577926689669348753952742467294284334555023005", "price": "0.002", "size": "1930.92", "side": "SELL", "hash": "cd885f04b2c89460d5df6b67a3afb52fe420c107", "best_bid": "0", "best_ask": "0.001"}], "timestamp": "1769384515675", "event_type": "price_change"}}
{"_local_timestamp": "2026-01-25T23:41:55.947167+00:00", "data": {"market": "0xbbd9bf0e135638e608261797209989d4ced475ece27ecd2ffb15cd86ee4cfdaf", "price_changes": [{"asset_id": "80872438868793615237228308780768590880032317078663006772180513665812976567434", "price": "0.998", "size": "0", "side": "BUY", "hash": "7209bd900aab41cfe6a1b218f76aff1a129cbce1", "best_bid": "0.999", "best_ask": "1"}, {"asset_id": "109557101997166065622834016092196577926689669348753952742467294284334555023005", "price": "0.002", "size": "0", "side": "SELL", "hash": "cb22e6c631d16ac96548aa58695cb3e2a909c64d", "best_bid": "0", "best_ask": "0.001"}], "timestamp": "1769384515873", "event_type": "price_change"}}
{"_local_timestamp": "2026-01-25T23:41:56.093913+00:00", "data": {"market": "0xbbd9bf0e135638e608261797209989d4ced475ece27ecd2ffb15cd86ee4cfdaf", "price_changes": [{"asset_id": "80872438868793615237228308780768590880032317078663006772180513665812976567434", "price": "0.998", "size": "1930.92", "side": "BUY", "hash": "b87c7c6d946035b12cc17587f4a0d6d550fb7898", "best_bid": "0.999", "best_ask": "1"}, {"asset_id": "109557101997166065622834016092196577926689669348753952742467294284334555023005", "price": "0.002", "size": "1930.92", "side": "SELL", "hash": "b3cf8f224cc3df06e7d97087192013052ad1c3ef", "best_bid": "0", "best_ask": "0.001"}], "timestamp": "1769384516005", "event_type": "price_change"}}
{"_local_timestamp": "2026-01-25T23:41:56.282991+00:00", "data": {"market": "0xbbd9bf0e135638e608261797209989d4ced475ece27ecd2ffb15cd86ee4cfdaf", "price_changes": [{"asset_id": "80872438868793615237228308780768590880032317078663006772180513665812976567434", "price": "0.998", "size": "0", "side": "BUY", "hash": "deb52236672ac99a970238f2067c127ad1515662", "best_bid": "0.999", "best_ask": "1"}, {"asset_id": "109557101997166065622834016092196577926689669348753952742467294284334555023005", "price": "0.002", "size": "0", "side": "SELL", "hash": "4193f88aa9bfd2d0e50efcb6478998e4303926a9", "best_bid": "0", "best_ask": "0.001"}], "timestamp": "1769384516212", "event_type": "price_change"}}
{"_local_timestamp": "2026-01-25T23:41:59.937213+00:00", "data": {"market": "0x1afd194d763de2bd7abda05e00e517ad0d85b1bb12339dcbe05ccd8b5e0de0de", "price_changes": [{"asset_id": "101719154660517380687612365015835668227884146293605413205809626106808355686977", "price": "0.053", "size": "300", "side": "BUY", "hash": "ed6b577d6e8bd12b2142912daa64dc1b6da9e213", "best_bid": "0.999", "best_ask": "1"}, {"asset_id": "12535614914084285997184767785923318454161071933642366975151945930020373370140", "price": "0.947", "size": "300", "side": "SELL", "hash": "eb89b2054eb1ffd556af57fba378c3e7f6aa5e8d", "best_bid": "0", "best_ask": "0.001"}], "timestamp": "1769384519868", "event_type": "price_change"}}
{"_local_timestamp": "2026-01-25T23:42:00.135519+00:00", "data": {"market": "0xbbd9bf0e135638e608261797209989d4ced475ece27ecd2ffb15cd86ee4cfdaf", "price_changes": [{"asset_id": "80872438868793615237228308780768590880032317078663006772180513665812976567434", "price": "0.998", "size": "1930.92", "side": "BUY", "hash": "462a34643640f00b5defa6d8fb83d0b7f6a9a1f2", "best_bid": "0.999", "best_ask": "1"}, {"asset_id": "109557101997166065622834016092196577926689669348753952742467294284334555023005", "price": "0.002", "size": "1930.92", "side": "SELL", "hash": "6b081bca4c358fda5da02f8f71543d07b07b0bff", "best_bid": "0", "best_ask": "0.001"}], "timestamp": "1769384520025", "event_type": "price_change"}}
{"_local_timestamp": "2026-01-25T23:42:00.211359+00:00", "data": {"market": "0x1afd194d763de2bd7abda05e00e517ad0d85b1bb12339dcbe05ccd8b5e0de0de", "price_changes": [{"asset_id": "101719154660517380687612365015835668227884146293605413205809626106808355686977", "price": "0.054", "size": "10300", "side": "BUY", "hash": "8cfa786db358ddb78779b4812436217aca618782", "best_bid": "0.999", "best_ask": "1"}, {"asset_id": "12535614914084285997184767785923318454161071933642366975151945930020373370140", "price": "0.946", "size": "10300", "side": "SELL", "hash": "ecad0ad229779f905f476acaa81ac84375bbeb6b", "best_bid": "0", "best_ask": "0.001"}], "timestamp": "1769384520140", "event_type": "price_change"}}
{"_local_timestamp": "2026-01-25T23:42:00.291674+00:00", "data": {"market": "0xbbd9bf0e135638e608261797209989d4ced475ece27ecd2ffb15cd86ee4cfdaf", "price_changes": [{"asset_id": "80872438868793615237228308780768590880032317078663006772180513665812976567434", "price": "0.998", "size": "0", "side": "BUY", "hash": "dc1948d7c92806027017dd4b956036a8d96d5a8b", "best_bid": "0.999", "best_ask": "1"}, {"asset_id": "109557101997166065622834016092196577926689669348753952742467294284334555023005", "price": "0.002", "size": "0", "side": "SELL", "hash": "667634b5598070f50a6921d359f0a6c0ef4be635", "best_bid": "0", "best_ask": "0.001"}], "timestamp": "1769384520226", "event_type": "price_change"}}
{"_local_timestamp": "2026-01-25T23:42:00.390009+00:00", "data": {"market": "0xbbd9bf0e135638e608261797209989d4ced475ece27ecd2ffb15cd86ee4cfdaf", "price_changes": [{"asset_id": "80872438868793615237228308780768590880032317078663006772180513665812976567434", "price": "0.998", "size": "1930.92", "side": "BUY", "hash": "d952cd5699a82ae32760faf64f755b9f97aff4c9", "best_bid": "0.999", "best_ask": "1"}, {"asset_id": "109557101997166065622834016092196577926689669348753952742467294284334555023005", "price": "0.002", "size": "1930.92", "side": "SELL", "hash": "6b07e477bd7d8fea9ce1b508416f12bb5c9312d7", "best_bid": "0", "best_ask": "0.001"}], "timestamp": "1769384520321", "event_type": "price_change"}}
{"_local_timestamp": "2026-01-25T23:42:00.580436+00:00", "data": {"market": "0xbbd9bf0e135638e608261797209989d4ced475ece27ecd2ffb15cd86ee4cfdaf", "price_changes": [{"asset_id": "80872438868793615237228308780768590880032317078663006772180513665812976567434", "price": "0.998", "size": "0", "side": "BUY", "hash": "9fe9468921ea7cc9e4232ef458cc8ce9d322944e", "best_bid": "0.999", "best_ask": "1"}, {"asset_id": "109557101997166065622834016092196577926689669348753952742467294284334555023005", "price": "0.002", "size": "0", "side": "SELL", "hash": "d056db6a11694dccae8679a0096117e5ea402375", "best_bid": "0", "best_ask": "0.001"}], "timestamp": "1769384520510", "event_type": "price_change"}}
{"_local_timestamp": "2026-01-25T23:42:00.700700+00:00", "data": {"market": "0xbbd9bf0e135638e608261797209989d4ced475ece27ecd2ffb15cd86ee4cfdaf", "price_changes": [{"asset_id": "80872438868793615237228308780768590880032317078663006772180513665812976567434", "price": "0.998", "size": "1930.92", "side": "BUY", "hash": "f022bd30f80a1ebab709f65a9eb0f53b598bac90", "best_bid": "0.999", "best_ask": "1"}, {"asset_id": "109557101997166065622834016092196577926689669348753952742467294284334555023005", "price": "0.002", "size": "1930.92", "side": "SELL", "hash": "ff737ba50a22070016e4c8d09cf7f58e9ea76b13", "best_bid": "0", "best_ask": "0.001"}], "timestamp": "1769384520631", "event_type": "price_change"}}
{"_local_timestamp": "2026-01-25T23:42:04.784989+00:00", "data": {"market": "0x1afd194d763de2bd7abda05e00e517ad0d85b1bb12339dcbe05ccd8b5e0de0de", "price_changes": [{"asset_id": "101719154660517380687612365015835668227884146293605413205809626106808355686977", "price": "0.03", "size": "0", "side": "BUY", "hash": "d83e665f8d60986db9dc96b0cdf642776fababc9", "best_bid": "0.999", "best_ask": "1"}, {"asset_id": "12535614914084285997184767785923318454161071933642366975151945930020373370140", "price": "0.97", "size": "0", "side": "SELL", "hash": "b800a5d684701ca15c05d971c027bdc16935761f", "best_bid": "0", "best_ask": "0.001"}], "timestamp": "1769384524694", "event_type": "price_change"}}
{"_local_timestamp": "2026-01-25T23:42:04.785349+00:00", "data": {"market": "0x1afd194d763de2bd7abda05e00e517ad0d85b1bb12339dcbe05ccd8b5e0de0de", "price_changes": [{"asset_id": "101719154660517380687612365015835668227884146293605413205809626106808355686977", "price": "0.083", "size": "307.85", "side": "BUY", "hash": "d83e665f8d60986db9dc96b0cdf642776fababc9", "best_bid": "0.999", "best_ask": "1"}, {"asset_id": "12535614914084285997184767785923318454161071933642366975151945930020373370140", "price": "0.917", "size": "307.85", "side": "SELL", "hash": "b800a5d684701ca15c05d971c027bdc16935761f", "best_bid": "0", "best_ask": "0.001"}], "timestamp": "1769384524694", "event_type": "price_change"}}
{"_local_timestamp": "2026-01-25T23:42:04.785662+00:00", "data": {"market": "0xbbd9bf0e135638e608261797209989d4ced475ece27ecd2ffb15cd86ee4cfdaf", "price_changes": [{"asset_id": "80872438868793615237228308780768590880032317078663006772180513665812976567434", "price": "0.03", "size": "0", "side": "BUY", "hash": "a709acf326953e53011d7678988474376a2041ba", "best_bid": "0.999", "best_ask": "1"}, {"asset_id": "109557101997166065622834016092196577926689669348753952742467294284334555023005", "price": "0.97", "size": "0", "side": "SELL", "hash": "3b26c419745b710c2cfb6a324ce2f0e4f7935513", "best_bid": "0", "best_ask": "0.001"}], "timestamp": "1769384524694", "event_type": "price_change"}}
{"_local_timestamp": "2026-01-25T23:42:04.786694+00:00", "data": {"market": "0xbbd9bf0e135638e608261797209989d4ced475ece27ecd2ffb15cd86ee4cfdaf", "price_changes": [{"asset_id": "80872438868793615237228308780768590880032317078663006772180513665812976567434", "price": "0.084", "size": "300", "side": "BUY", "hash": "a709acf326953e53011d7678988474376a2041ba", "best_bid": "0.999", "best_ask": "1"}, {"asset_id": "109557101997166065622834016092196577926689669348753952742467294284334555023005", "price": "0.916", "size": "300", "side": "SELL", "hash": "3b26c419745b710c2cfb6a324ce2f0e4f7935513", "best_bid": "0", "best_ask": "0.001"}], "timestamp": "1769384524694", "event_type": "price_change"}}
{"_local_timestamp": "2026-01-25T23:42:04.836360+00:00", "data": {"market": "0xbbd9bf0e135638e608261797209989d4ced475ece27ecd2ffb15cd86ee4cfdaf", "price_changes": [{"asset_id": "80872438868793615237228308780768590880032317078663006772180513665812976567434", "price": "0.998", "size": "0", "side": "BUY", "hash": "70c07dca9e77e5e3956cc24c6ea9900f0ce8485d", "best_bid": "0.999", "best_ask": "1"}, {"asset_id": "109557101997166065622834016092196577926689669348753952742467294284334555023005", "price": "0.002", "size": "0", "side": "SELL", "hash": "ed8c3f076e557f765691bb3cfe1c05630fa21127", "best_bid": "0", "best_ask": "0.001"}], "timestamp": "1769384524773", "event_type": "price_change"}}
{"_local_timestamp": "2026-01-25T23:42:04.940287+00:00", "data": {"market": "0xbbd9bf0e135638e608261797209989d4ced475ece27ecd2ffb15cd86ee4cfdaf", "price_changes": [{"asset_id": "80872438868793615237228308780768590880032317078663006772180513665812976567434", "price": "0.998", "size": "1930.92", "side": "BUY", "hash": "364cc62c77f28134bacead9424a634d7b64bed73", "best_bid": "0.999", "best_ask": "1"}, {"asset_id": "109557101997166065622834016092196577926689669348753952742467294284334555023005", "price": "0.002", "size": "1930.92", "side": "SELL", "hash": "48f7219eb2e28940d716e3d8dec169013bca3f1c", "best_bid": "0", "best_ask": "0.001"}], "timestamp": "1769384524874", "event_type": "price_change"}}
{"_local_timestamp": "2026-01-25T23:42:05.059414+00:00", "data": {"market": "0xbbd9bf0e135638e608261797209989d4ced475ece27ecd2ffb15cd86ee4cfdaf", "price_changes": [{"asset_id": "80872438868793615237228308780768590880032317078663006772180513665812976567434", "price": "0.08", "size": "100", "side": "BUY", "hash": "5879b6ac4bfa3c93b25fc93e0df6c04c69c189d1", "best_bid": "0.999", "best_ask": "1"}, {"asset_id": "109557101997166065622834016092196577926689669348753952742467294284334555023005", "price": "0.92", "size": "100", "side": "SELL", "hash": "b07e4162c6f4023881e5c128221c7d57623a6321", "best_bid": "0", "best_ask": "0.001"}], "timestamp": "1769384524977", "event_type": "price_change"}}
{"_local_timestamp": "2026-01-25T23:42:05.074639+00:00", "data": {"market": "0x1afd194d763de2bd7abda05e00e517ad0d85b1bb12339dcbe05ccd8b5e0de0de", "price_changes": [{"asset_id": "101719154660517380687612365015835668227884146293605413205809626106808355686977", "price": "0.08", "size": "100", "side": "BUY", "hash": "26872527aa2908253633a452e19651c75de478ad", "best_bid": "0.999", "best_ask": "1"}, {"asset_id": "12535614914084285997184767785923318454161071933642366975151945930020373370140", "price": "0.92", "size": "100", "side": "SELL", "hash": "e81852229424261ddc3150a8eb8a685b4b7dec12", "best_bid": "0", "best_ask": "0.001"}], "timestamp": "1769384524979", "event_type": "price_change"}}
{"_local_timestamp": "2026-01-25T23:42:05.074991+00:00", "data": {"market": "0x1afd194d763de2bd7abda05e00e517ad0d85b1bb12339dcbe05ccd8b5e0de0de", "price_changes": [{"asset_id": "101719154660517380687612365015835668227884146293605413205809626106808355686977", "price": "0.054", "size": "10400", "side": "BUY", "hash": "3f0aa064a9753bf7ff150d4ffede9c4abf22a90a", "best_bid": "0.999", "best_ask": "1"}, {"asset_id": "12535614914084285997184767785923318454161071933642366975151945930020373370140", "price": "0.946", "size": "10400", "side": "SELL", "hash": "a3101a2b8b396329c50b53e4b890898947a0f06f", "best_bid": "0", "best_ask": "0.001"}], "timestamp": "1769384524985", "event_type": "price_change"}}
{"_local_timestamp": "2026-01-25T23:42:05.086531+00:00", "data": {"market": "0xbbd9bf0e135638e608261797209989d4ced475ece27ecd2ffb15cd86ee4cfdaf", "price_changes": [{"asset_id": "80872438868793615237228308780768590880032317078663006772180513665812976567434", "price": "0.054", "size": "10100", "side": "BUY", "hash": "ee1d19a2a2bbadcd6e7ec77c5d35520ea903e94f", "best_bid": "0.999", "best_ask": "1"}, {"asset_id": "109557101997166065622834016092196577926689669348753952742467294284334555023005", "price": "0.946", "size": "10100", "side": "SELL", "hash": "fc1a589098f8e8751c1fbefe071d73db649ac807", "best_bid": "0", "best_ask": "0.001"}], "timestamp": "1769384524984", "event_type": "price_change"}}
{"_local_timestamp": "2026-01-25T23:42:05.190498+00:00", "data": {"market": "0xbbd9bf0e135638e608261797209989d4ced475ece27ecd2ffb15cd86ee4cfdaf", "price_changes": [{"asset_id": "80872438868793615237228308780768590880032317078663006772180513665812976567434", "price": "0.998", "size": "0", "side": "BUY", "hash": "132b0717337d58747d411e4355840ab891840b92", "best_bid": "0.999", "best_ask": "1"}, {"asset_id": "109557101997166065622834016092196577926689669348753952742467294284334555023005", "price": "0.002", "size": "0", "side": "SELL", "hash": "1245da44dc7256bb7774086dd4ad50f642cc9175", "best_bid": "0", "best_ask": "0.001"}], "timestamp": "1769384525071", "event_type": "price_change"}}
{"_local_timestamp": "2026-01-25T23:42:05.240248+00:00", "data": {"market": "0xbbd9bf0e135638e608261797209989d4ced475ece27ecd2ffb15cd86ee4cfdaf", "price_changes": [{"asset_id": "80872438868793615237228308780768590880032317078663006772180513665812976567434", "price": "0.998", "size": "1930.92", "side": "BUY", "hash": "b7ce4eb856d437216c8da5b272872fe319c6c56e", "best_bid": "0.999", "best_ask": "1"}, {"asset_id": "109557101997166065622834016092196577926689669348753952742467294284334555023005", "price": "0.002", "size": "1930.92", "side": "SELL", "hash": "56a45e421d8e22486948ebf970cef2b86196ce0d", "best_bid": "0", "best_ask": "0.001"}], "timestamp": "1769384525166", "event_type": "price_change"}}
{"_local_timestamp": "2026-01-25T23:42:10.145707+00:00", "data": {"market": "0xbbd9bf0e135638e608261797209989d4ced475ece27ecd2ffb15cd86ee4cfdaf", "price_changes": [{"asset_id": "80872438868793615237228308780768590880032317078663006772180513665812976567434", "price": "0.053", "size": "300", "side": "BUY", "hash": "4bcc5491a8dfe8145c9424d1a4a8bc067aabb6cb", "best_bid": "0.999", "best_ask": "1"}, {"asset_id": "109557101997166065622834016092196577926689669348753952742467294284334555023005", "price": "0.947", "size": "300", "side": "SELL", "hash": "38f2d180634ecc33ea8e0d345b4e1574734a29f6", "best_bid": "0", "best_ask": "0.001"}], "timestamp": "1769384530035", "event_type": "price_change"}}
{"_local_timestamp": "2026-01-25T23:42:10.146292+00:00", "data": {"market": "0x1afd194d763de2bd7abda05e00e517ad0d85b1bb12339dcbe05ccd8b5e0de0de", "price_changes": [{"asset_id": "101719154660517380687612365015835668227884146293605413205809626106808355686977", "price": "0.053", "size": "0", "side": "BUY", "hash": "9c6cec43a1407c8434891ddfd8a26a1f2f08ba11", "best_bid": "0.999", "best_ask": "1"}, {"asset_id": "12535614914084285997184767785923318454161071933642366975151945930020373370140", "price": "0.947", "size": "0", "side": "SELL", "hash": "99dc9c40f8e82cd7f3cabfe763ce82086f44d75d", "best_bid": "0", "best_ask": "0.001"}], "timestamp": "1769384530035", "event_type": "price_change"}}
{"_local_timestamp": "2026-01-25T23:42:10.332272+00:00", "data": {"market": "0xbbd9bf0e135638e608261797209989d4ced475ece27ecd2ffb15cd86ee4cfdaf", "price_changes": [{"asset_id": "80872438868793615237228308780768590880032317078663006772180513665812976567434", "price": "0.998", "size": "0", "side": "BUY", "hash": "a06d24124975fb3564988c7c378832cd63c135e4", "best_bid": "0.999", "best_ask": "1"}, {"asset_id": "109557101997166065622834016092196577926689669348753952742467294284334555023005", "price": "0.002", "size": "0", "side": "SELL", "hash": "c7e6e20307afcc4de9a1f79b37a99bd829222dc7", "best_bid": "0", "best_ask": "0.001"}], "timestamp": "1769384530264", "event_type": "price_change"}}
{"_local_timestamp": "2026-01-25T23:42:10.401145+00:00", "data": {"market": "0xbbd9bf0e135638e608261797209989d4ced475ece27ecd2ffb15cd86ee4cfdaf", "price_changes": [{"asset_id": "80872438868793615237228308780768590880032317078663006772180513665812976567434", "price": "0.054", "size": "10400", "side": "BUY", "hash": "6f31e653d32540f7af7dd38c84dfb944cd879a16", "best_bid": "0.999", "best_ask": "1"}, {"asset_id": "109557101997166065622834016092196577926689669348753952742467294284334555023005", "price": "0.946", "size": "10400", "side": "SELL", "hash": "7c7d54a9325b8854f286745aa4d098e1c8d19f76", "best_bid": "0", "best_ask": "0.001"}], "timestamp": "1769384530334", "event_type": "price_change"}}
{"_local_timestamp": "2026-01-25T23:42:10.408419+00:00", "data": {"market": "0x1afd194d763de2bd7abda05e00e517ad0d85b1bb12339dcbe05ccd8b5e0de0de", "price_changes": [{"asset_id": "101719154660517380687612365015835668227884146293605413205809626106808355686977", "price": "0.054", "size": "10700", "side": "BUY", "hash": "34787d5907d9394c69fdd65f63753012787c9f0e", "best_bid": "0.999", "best_ask": "1"}, {"asset_id": "12535614914084285997184767785923318454161071933642366975151945930020373370140", "price": "0.946", "size": "10700", "side": "SELL", "hash": "96048e4d6f6060c86ba59b104b54fb1a909a6d0c", "best_bid": "0", "best_ask": "0.001"}], "timestamp": "1769384530335", "event_type": "price_change"}}
{"_local_timestamp": "2026-01-25T23:42:10.452797+00:00", "data": {"market": "0xbbd9bf0e135638e608261797209989d4ced475ece27ecd2ffb15cd86ee4cfdaf", "price_changes": [{"asset_id": "80872438868793615237228308780768590880032317078663006772180513665812976567434", "price": "0.998", "size": "1930.92", "side": "BUY", "hash": "4972b61a2a5070458ab3aa68f413dbc87c23345d", "best_bid": "0.999", "best_ask": "1"}, {"asset_id": "109557101997166065622834016092196577926689669348753952742467294284334555023005", "price": "0.002", "size": "1930.92", "side": "SELL", "hash": "578113c8467e2b5ee77bfa7928832695c9758c52", "best_bid": "0", "best_ask": "0.001"}], "timestamp": "1769384530385", "event_type": "price_change"}}
{"_local_timestamp": "2026-01-25T23:42:10.669405+00:00", "data": {"market": "0xbbd9bf0e135638e608261797209989d4ced475ece27ecd2ffb15cd86ee4cfdaf", "price_changes": [{"asset_id": "80872438868793615237228308780768590880032317078663006772180513665812976567434", "price": "0.998", "size": "0", "side": "BUY", "hash": "bae22a0a69891018ad4bc88d063b2d5ac274a8fb", "best_bid": "0.999", "best_ask": "1"}, {"asset_id": "109557101997166065622834016092196577926689669348753952742467294284334555023005", "price": "0.002", "size": "0", "side": "SELL", "hash": "aa19ca5337d76481f767498f185169cdda0dd69d", "best_bid": "0", "best_ask": "0.001"}], "timestamp": "1769384530597", "event_type": "price_change"}}
{"_local_timestamp": "2026-01-25T23:42:10.721020+00:00", "data": {"market": "0xbbd9bf0e135638e608261797209989d4ced475ece27ecd2ffb15cd86ee4cfdaf", "price_changes": [{"asset_id": "80872438868793615237228308780768590880032317078663006772180513665812976567434", "price": "0.998", "size": "1930.92", "side": "BUY", "hash": "83b35094962e9bd7069aab6b463bcf53e710a277", "best_bid": "0.999", "best_ask": "1"}, {"asset_id": "109557101997166065622834016092196577926689669348753952742467294284334555023005", "price": "0.002", "size": "1930.92", "side": "SELL", "hash": "e3aa3d43027d6cd08f8ee1a2774da59c76b2feb9", "best_bid": "0", "best_ask": "0.001"}], "timestamp": "1769384530645", "event_type": "price_change"}}
{"_local_timestamp": "2026-01-25T23:42:12.635970+00:00", "data": {"market": "0x1afd194d763de2bd7abda05e00e517ad0d85b1bb12339dcbe05ccd8b5e0de0de", "price_changes": [{"asset_id": "101719154660517380687612365015835668227884146293605413205809626106808355686977", "price": "0.083", "size": "300", "side": "BUY", "hash": "7f6df618d1fefee0f0f48edb8a3a598bfa46c2c8", "best_bid": "0.999", "best_ask": "1"}, {"asset_id": "12535614914084285997184767785923318454161071933642366975151945930020373370140", "price": "0.917", "size": "300", "side": "SELL", "hash": "6cf285cbf54892c3a08603e88406a7956088359a", "best_bid": "0", "best_ask": "0.001"}], "timestamp": "1769384532570", "event_type": "price_change"}}
{"_local_timestamp": "2026-01-25T23:42:12.692276+00:00", "data": {"market": "0xbbd9bf0e135638e608261797209989d4ced475ece27ecd2ffb15cd86ee4cfdaf", "price_changes": [{"asset_id": "80872438868793615237228308780768590880032317078663006772180513665812976567434", "price": "0.998", "size": "0", "side": "BUY", "hash": "5e225e23c596fc71f8286b2f56b412ee78d0dd19", "best_bid": "0.999", "best_ask": "1"}, {"asset_id": "109557101997166065622834016092196577926689669348753952742467294284334555023005", "price": "0.002", "size": "0", "side": "SELL", "hash": "d15555a2ad9536a7239eb5850f53ca762cc9dac9", "best_bid": "0", "best_ask": "0.001"}], "timestamp": "1769384532622", "event_type": "price_change"}}
{"_local_timestamp": "2026-01-25T23:42:12.740178+00:00", "data": {"market": "0xbbd9bf0e135638e608261797209989d4ced475ece27ecd2ffb15cd86ee4cfdaf", "price_changes": [{"asset_id": "80872438868793615237228308780768590880032317078663006772180513665812976567434", "price": "0.998", "size": "1930.92", "side": "BUY", "hash": "12a9e1afe5d8d8ecc38d5c9ef0ac987012eee656", "best_bid": "0.999", "best_ask": "1"}, {"asset_id": "109557101997166065622834016092196577926689669348753952742467294284334555023005", "price": "0.002", "size": "1930.92", "side": "SELL", "hash": "94cb4485e8d57e9d601804009c2397263ec01708", "best_bid": "0", "best_ask": "0.001"}], "timestamp": "1769384532677", "event_type": "price_change"}}
{"_local_timestamp": "2026-01-25T23:42:12.908390+00:00", "data": {"market": "0x1afd194d763de2bd7abda05e00e517ad0d85b1bb12339dcbe05ccd8b5e0de0de", "price_changes": [{"asset_id": "101719154660517380687612365015835668227884146293605413205809626106808355686977", "price": "0.084", "size": "7.75", "side": "BUY", "hash": "3c51ff8e535a862290ab5c67a7b49576913f58db", "best_bid": "0.999", "best_ask": "1"}, {"asset_id": "12535614914084285997184767785923318454161071933642366975151945930020373370140", "price": "0.916", "size": "7.75", "side": "SELL", "hash": "9a4f16e0a98dc7e26f324e4ca3120de5c4fdd534", "best_bid": "0", "best_ask": "0.001"}], "timestamp": "1769384532840", "event_type": "price_change"}}
{"_local_timestamp": "2026-01-25T23:42:13.119848+00:00", "data": {"market": "0xbbd9bf0e135638e608261797209989d4ced475ece27ecd2ffb15cd86ee4cfdaf", "price_changes": [{"asset_id": "80872438868793615237228308780768590880032317078663006772180513665812976567434", "price": "0.998", "size": "0", "side": "BUY", "hash": "77d0f035044c65a76b3a83418deae5bed1bf9822", "best_bid": "0.999", "best_ask": "1"}, {"asset_id": "109557101997166065622834016092196577926689669348753952742467294284334555023005", "price": "0.002", "size": "0", "side": "SELL", "hash": "7885f9a2167932065c039f5258221ae6a292d0e6", "best_bid": "0", "best_ask": "0.001"}], "timestamp": "1769384533054", "event_type": "price_change"}}
{"_local_timestamp": "2026-01-25T23:42:13.159609+00:00", "data": {"market": "0xbbd9bf0e135638e608261797209989d4ced475ece27ecd2ffb15cd86ee4cfdaf", "price_changes": [{"asset_id": "80872438868793615237228308780768590880032317078663006772180513665812976567434", "price": "0.998", "size": "1930.92", "side": "BUY", "hash": "da67a2f38e168f12a6234015994b7badb38b2e4d", "best_bid": "0.999", "best_ask": "1"}, {"asset_id": "109557101997166065622834016092196577926689669348753952742467294284334555023005", "price": "0.002", "size": "1930.92", "side": "SELL", "hash": "3b597e77353ec75cfd2f60e6722248e63d4b6bf2", "best_bid": "0", "best_ask": "0.001"}], "timestamp": "1769384533091", "event_type": "price_change"}}
{"_local_timestamp": "2026-01-25T23:42:13.588272+00:00", "data": {"market": "0xbbd9bf0e135638e608261797209989d4ced475ece27ecd2ffb15cd86ee4cfdaf", "price_changes": [{"asset_id": "80872438868793615237228308780768590880032317078663006772180513665812976567434", "price": "0.02", "size": "1800", "side": "BUY", "hash": "c7dd35431fb54a60fa2d8236a53bed9b477270c8", "best_bid": "0.999", "best_ask": "1"}, {"asset_id": "109557101997166065622834016092196577926689669348753952742467294284334555023005", "price": "0.98", "size": "1800", "side": "SELL", "hash": "9e81c9d5600f7504029f436089c43b77338b55c9", "best_bid": "0", "best_ask": "0.001"}], "timestamp": "1769384533516", "event_type": "price_change"}}
{"_local_timestamp": "2026-01-25T23:42:13.588650+00:00", "data": {"market": "0x1afd194d763de2bd7abda05e00e517ad0d85b1bb12339dcbe05ccd8b5e0de0de", "price_changes": [{"asset_id": "101719154660517380687612365015835668227884146293605413205809626106808355686977", "price": "0.02", "size": "1800", "side": "BUY", "hash": "2c3154f65c3fe9c0f653f140c1ed585ab2e990ca", "best_bid": "0.999", "best_ask": "1"}, {"asset_id": "12535614914084285997184767785923318454161071933642366975151945930020373370140", "price": "0.98", "size": "1800", "side": "SELL", "hash": "f258257e0edb9acad0be06a89799493bfa15d5cf", "best_bid": "0", "best_ask": "0.001"}], "timestamp": "1769384533516", "event_type": "price_change"}}
{"_local_timestamp": "2026-01-25T23:42:13.812650+00:00", "data": {"market": "0xbbd9bf0e135638e608261797209989d4ced475ece27ecd2ffb15cd86ee4cfdaf", "price_changes": [{"asset_id": "80872438868793615237228308780768590880032317078663006772180513665812976567434", "price": "0.998", "size": "0", "side": "BUY", "hash": "641ca6333f36d50398315acad9d5ac826b914dd2", "best_bid": "0.999", "best_ask": "1"}, {"asset_id": "109557101997166065622834016092196577926689669348753952742467294284334555023005", "price": "0.002", "size": "0", "side": "SELL", "hash": "51af8711509dc73d067c8c845faf3dad9c95cff5", "best_bid": "0", "best_ask": "0.001"}], "timestamp": "1769384533742", "event_type": "price_change"}}
{"_local_timestamp": "2026-01-25T23:42:13.834515+00:00", "data": {"market": "0xbbd9bf0e135638e608261797209989d4ced475ece27ecd2ffb15cd86ee4cfdaf", "price_changes": [{"asset_id": "80872438868793615237228308780768590880032317078663006772180513665812976567434", "price": "0.054", "size": "10700", "side": "BUY", "hash": "326642cbd3e6ae4f9bf5059645b800f6d1be4f38", "best_bid": "0.999", "best_ask": "1"}, {"asset_id": "109557101997166065622834016092196577926689669348753952742467294284334555023005", "price": "0.946", "size": "10700", "side": "SELL", "hash": "33efdd644442ff5e8354b2051ac40b0e52825955", "best_bid": "0", "best_ask": "0.001"}], "timestamp": "1769384533771", "event_type": "price_change"}}
{"_local_timestamp": "2026-01-25T23:42:13.834864+00:00", "data": {"market": "0x1afd194d763de2bd7abda05e00e517ad0d85b1bb12339dcbe05ccd8b5e0de0de", "price_changes": [{"asset_id": "101719154660517380687612365015835668227884146293605413205809626106808355686977", "price": "0.054", "size": "11000", "side": "BUY", "hash": "548310356a91c0e7ebcc6c33a65c5d820c0171c5", "best_bid": "0.999", "best_ask": "1"}, {"asset_id": "12535614914084285997184767785923318454161071933642366975151945930020373370140", "price": "0.946", "size": "11000", "side": "SELL", "hash": "939a652660ef65a2cd27dbfa3954288b1fb13689", "best_bid": "0", "best_ask": "0.001"}], "timestamp": "1769384533771", "event_type": "price_change"}}
{"_local_timestamp": "2026-01-25T23:42:13.938465+00:00", "data": {"market": "0xbbd9bf0e135638e608261797209989d4ced475ece27ecd2ffb15cd86ee4cfdaf", "price_changes": [{"asset_id": "80872438868793615237228308780768590880032317078663006772180513665812976567434", "price": "0.998", "size": "1930.92", "side": "BUY", "hash": "ce4b5388e7ff0269a55cb4d31d45b7c80b3924c9", "best_bid": "0.999", "best_ask": "1"}, {"asset_id": "109557101997166065622834016092196577926689669348753952742467294284334555023005", "price": "0.002", "size": "1930.92", "side": "SELL", "hash": "34fa159ee18c0b99c64cc4313aa95c6627f94c99", "best_bid": "0", "best_ask": "0.001"}], "timestamp": "1769384533874", "event_type": "price_change"}}
{"_local_timestamp": "2026-01-25T23:42:14.124982+00:00", "data": {"market": "0xbbd9bf0e135638e608261797209989d4ced475ece27ecd2ffb15cd86ee4cfdaf", "price_changes": [{"asset_id": "80872438868793615237228308780768590880032317078663006772180513665812976567434", "price": "0.998", "size": "0", "side": "BUY", "hash": "5a72ca7c343b9511cfcb192bff9f65c4f2fa26f4", "best_bid": "0.999", "best_ask": "1"}, {"asset_id": "109557101997166065622834016092196577926689669348753952742467294284334555023005", "price": "0.002", "size": "0", "side": "SELL", "hash": "ae29cc6b13174da9c590f39492dc3a05830e6e1c", "best_bid": "0", "best_ask": "0.001"}], "timestamp": "1769384534043", "event_type": "price_change"}}
{"_local_timestamp": "2026-01-25T23:42:14.227638+00:00", "data": {"market": "0xbbd9bf0e135638e608261797209989d4ced475ece27ecd2ffb15cd86ee4cfdaf", "price_changes": [{"asset_id": "80872438868793615237228308780768590880032317078663006772180513665812976567434", "price": "0.998", "size": "1930.92", "side": "BUY", "hash": "c9e8d78c7c114262c43a1d5b68db868bfaa37cc1", "best_bid": "0.999", "best_ask": "1"}, {"asset_id": "109557101997166065622834016092196577926689669348753952742467294284334555023005", "price": "0.002", "size": "1930.92", "side": "SELL", "hash": "4965535d1821404fdaaa1b902fe3e1155594921e", "best_bid": "0", "best_ask": "0.001"}], "timestamp": "1769384534162", "event_type": "price_change"}}
{"_local_timestamp": "2026-01-25T23:42:23.972750+00:00", "data": {"market": "0xbbd9bf0e135638e608261797209989d4ced475ece27ecd2ffb15cd86ee4cfdaf", "price_changes": [{"asset_id": "80872438868793615237228308780768590880032317078663006772180513665812976567434", "price": "0.053", "size": "0", "side": "BUY", "hash": "40bbe1f5eba11ba713414be606d30412ea9a54bf", "best_bid": "0.999", "best_ask": "1"}, {"asset_id": "109557101997166065622834016092196577926689669348753952742467294284334555023005", "price": "0.947", "size": "0", "side": "SELL", "hash": "22da1dba487cb4f5c66685201f3e724d3ef0930d", "best_bid": "0", "best_ask": "0.001"}], "timestamp": "1769384543831", "event_type": "price_change"}}
{"_local_timestamp": "2026-01-25T23:42:24.052712+00:00", "data": {"market": "0xbbd9bf0e135638e608261797209989d4ced475ece27ecd2ffb15cd86ee4cfdaf", "price_changes": [{"asset_id": "80872438868793615237228308780768590880032317078663006772180513665812976567434", "price": "0.998", "size": "0", "side": "BUY", "hash": "fef123013a71c0366ac5b460894f3c05158f9a9b", "best_bid": "0.999", "best_ask": "1"}, {"asset_id": "109557101997166065622834016092196577926689669348753952742467294284334555023005", "price": "0.002", "size": "0", "side": "SELL", "hash": "37080c7390b5c5c65766fb52f9ea257795e5f9f8", "best_bid": "0", "best_ask": "0.001"}], "timestamp": "1769384543916", "event_type": "price_change"}}
{"_local_timestamp": "2026-01-25T23:42:24.175301+00:00", "data": {"market": "0xbbd9bf0e135638e608261797209989d4ced475ece27ecd2ffb15cd86ee4cfdaf", "price_changes": [{"asset_id": "80872438868793615237228308780768590880032317078663006772180513665812976567434", "price": "0.998", "size": "1816.07", "side": "BUY", "hash": "2c4787e30866cbdb68d54f334df72c6e23d53934", "best_bid": "0.999", "best_ask": "1"}, {"asset_id": "109557101997166065622834016092196577926689669348753952742467294284334555023005", "price": "0.002", "size": "1816.07", "side": "SELL", "hash": "c88205d681ef37bb66fdebd34fa0d0ea3bd43c26", "best_bid": "0", "best_ask": "0.001"}], "timestamp": "1769384544004", "event_type": "price_change"}}
{"_local_timestamp": "2026-01-25T23:42:24.243701+00:00", "data": {"market": "0xbbd9bf0e135638e608261797209989d4ced475ece27ecd2ffb15cd86ee4cfdaf", "price_changes": [{"asset_id": "80872438868793615237228308780768590880032317078663006772180513665812976567434", "price": "0.054", "size": "11000", "side": "BUY", "hash": "bc0f5048f88b604c875ad64f029f12fdc9bc923b", "best_bid": "0.999", "best_ask": "1"}, {"asset_id": "109557101997166065622834016092196577926689669348753952742467294284334555023005", "price": "0.946", "size": "11000", "side": "SELL", "hash": "b955c3814323f0d8bbe634a9266811ec2d6695a0", "best_bid": "0", "best_ask": "0.001"}], "timestamp": "1769384544107", "event_type": "price_change"}}
{"_local_timestamp": "2026-01-25T23:42:24.332713+00:00", "data": {"market": "0xbbd9bf0e135638e608261797209989d4ced475ece27ecd2ffb15cd86ee4cfdaf", "price_changes": [{"asset_id": "80872438868793615237228308780768590880032317078663006772180513665812976567434", "price": "0.998", "size": "0", "side": "BUY", "hash": "c418789a7e87483c30c07ab632db5726ae6ba5bf", "best_bid": "0.999", "best_ask": "1"}, {"asset_id": "109557101997166065622834016092196577926689669348753952742467294284334555023005", "price": "0.002", "size": "0", "side": "SELL", "hash": "bc1ade6dbd227dca9c4033907e3db60144d013fa", "best_bid": "0", "best_ask": "0.001"}], "timestamp": "1769384544200", "event_type": "price_change"}}
{"_local_timestamp": "2026-01-25T23:42:24.394599+00:00", "data": {"market": "0xbbd9bf0e135638e608261797209989d4ced475ece27ecd2ffb15cd86ee4cfdaf", "price_changes": [{"asset_id": "80872438868793615237228308780768590880032317078663006772180513665812976567434", "price": "0.998", "size": "1816.07", "side": "BUY", "hash": "8d4ce913129ddce737420b0c5ad9f9a9d823d3bf", "best_bid": "0.999", "best_ask": "1"}, {"asset_id": "109557101997166065622834016092196577926689669348753952742467294284334555023005", "price": "0.002", "size": "1816.07", "side": "SELL", "hash": "fbd55085cc7da65b8427f8a8400a7f01f341eb81", "best_bid": "0", "best_ask": "0.001"}], "timestamp": "1769384544257", "event_type": "price_change"}}
{"_local_timestamp": "2026-01-25T23:43:54.755334+00:00", "data": {"market": "0x1afd194d763de2bd7abda05e00e517ad0d85b1bb12339dcbe05ccd8b5e0de0de", "price_changes": [{"asset_id": "101719154660517380687612365015835668227884146293605413205809626106808355686977", "price": "0.084", "size": "10007.75", "side": "BUY", "hash": "6ebd91db71a4fd2cd78bc98aee31188a733a1464", "best_bid": "0.999", "best_ask": "1"}, {"asset_id": "12535614914084285997184767785923318454161071933642366975151945930020373370140", "price": "0.916", "size": "10007.75", "side": "SELL", "hash": "b631fb208936f235ebc3c2e2ca1a2baa94ce8766", "best_bid": "0", "best_ask": "0.001"}], "timestamp": "1769384634622", "event_type": "price_change"}}
{"_local_timestamp": "2026-01-25T23:43:55.847599+00:00", "data": {"market": "0x1afd194d763de2bd7abda05e00e517ad0d85b1bb12339dcbe05ccd8b5e0de0de", "price_changes": [{"asset_id": "101719154660517380687612365015835668227884146293605413205809626106808355686977", "price": "0.99", "size": "157", "side": "BUY", "hash": "6e75fcdace515fef594e1f1c17da442318a28495", "best_bid": "0.999", "best_ask": "1"}, {"asset_id": "12535614914084285997184767785923318454161071933642366975151945930020373370140", "price": "0.01", "size": "157", "side": "SELL", "hash": "d63ae7fb9e2174d8f3ea42cd15707fe9dddba539", "best_bid": "0", "best_ask": "0.001"}], "timestamp": "1769384635714", "event_type": "price_change"}}
{"_local_timestamp": "2026-01-25T23:43:56.579630+00:00", "data": {"market": "0x1afd194d763de2bd7abda05e00e517ad0d85b1bb12339dcbe05ccd8b5e0de0de", "price_changes": [{"asset_id": "101719154660517380687612365015835668227884146293605413205809626106808355686977", "price": "0.054", "size": "1000", "side": "BUY", "hash": "3d74abe2eae8f933d0980b012cfe29cfda1b3825", "best_bid": "0.999", "best_ask": "1"}, {"asset_id": "12535614914084285997184767785923318454161071933642366975151945930020373370140", "price": "0.946", "size": "1000", "side": "SELL", "hash": "afbec3580183e4c4b0e6457d84c750f6c356a812", "best_bid": "0", "best_ask": "0.001"}], "timestamp": "1769384636445", "event_type": "price_change"}}
{"_local_timestamp": "2026-01-25T23:43:57.382042+00:00", "data": {"market": "0x1afd194d763de2bd7abda05e00e517ad0d85b1bb12339dcbe05ccd8b5e0de0de", "price_changes": [{"asset_id": "101719154660517380687612365015835668227884146293605413205809626106808355686977", "price": "0.988", "size": "0", "side": "BUY", "hash": "b246d3c2157ab5f8e434f26c4b472682b71d1d89", "best_bid": "0.999", "best_ask": "1"}, {"asset_id": "12535614914084285997184767785923318454161071933642366975151945930020373370140", "price": "0.012", "size": "0", "side": "SELL", "hash": "723c01905450f162857437051cf9a1b9a07a49d2", "best_bid": "0", "best_ask": "0.001"}], "timestamp": "1769384637263", "event_type": "price_change"}}
{"_local_timestamp": "2026-01-25T23:43:58.110325+00:00", "data": {"market": "0xbbd9bf0e135638e608261797209989d4ced475ece27ecd2ffb15cd86ee4cfdaf", "price_changes": [{"asset_id": "80872438868793615237228308780768590880032317078663006772180513665812976567434", "price": "0.998", "size": "0", "side": "BUY", "hash": "34005eaeab505866b16127b89e562e045f1e80f3", "best_bid": "0.999", "best_ask": "1"}, {"asset_id": "109557101997166065622834016092196577926689669348753952742467294284334555023005", "price": "0.002", "size": "0", "side": "SELL", "hash": "1c0e05df0498fae1194ed074dededf7829ed1744", "best_bid": "0", "best_ask": "0.001"}], "timestamp": "1769384637985", "event_type": "price_change"}}
{"_local_timestamp": "2026-01-25T23:43:58.256031+00:00", "data": {"market": "0xbbd9bf0e135638e608261797209989d4ced475ece27ecd2ffb15cd86ee4cfdaf", "price_changes": [{"asset_id": "80872438868793615237228308780768590880032317078663006772180513665812976567434", "price": "0.998", "size": "1088.31", "side": "BUY", "hash": "3990490acaca9abb51916c84d188dd092ba8e97a", "best_bid": "0.999", "best_ask": "1"}, {"asset_id": "109557101997166065622834016092196577926689669348753952742467294284334555023005", "price": "0.002", "size": "1088.31", "side": "SELL", "hash": "f7e787fde4b1b074db80caa75f5ded623da12067", "best_bid": "0", "best_ask": "0.001"}], "timestamp": "1769384638138", "event_type": "price_change"}}
{"_local_timestamp": "2026-01-25T23:43:58.811091+00:00", "data": {"market": "0xbbd9bf0e135638e608261797209989d4ced475ece27ecd2ffb15cd86ee4cfdaf", "price_changes": [{"asset_id": "80872438868793615237228308780768590880032317078663006772180513665812976567434", "price": "0.998", "size": "0", "side": "BUY", "hash": "2051badb8f85b0fb7d28ec01a41963a5c27a1589", "best_bid": "0.999", "best_ask": "1"}, {"asset_id": "109557101997166065622834016092196577926689669348753952742467294284334555023005", "price": "0.002", "size": "0", "side": "SELL", "hash": "98e0297deab1b23365e735c5cb7e01acad4e4164", "best_bid": "0", "best_ask": "0.001"}], "timestamp": "1769384638676", "event_type": "price_change"}}
{"_local_timestamp": "2026-01-25T23:43:58.905833+00:00", "data": {"market": "0xbbd9bf0e135638e608261797209989d4ced475ece27ecd2ffb15cd86ee4cfdaf", "price_changes": [{"asset_id": "80872438868793615237228308780768590880032317078663006772180513665812976567434", "price": "0.998", "size": "1088.31", "side": "BUY", "hash": "eb63fc168d8f86092ec105ff8c9cfb2bbfb01ea2", "best_bid": "0.999", "best_ask": "1"}, {"asset_id": "109557101997166065622834016092196577926689669348753952742467294284334555023005", "price": "0.002", "size": "1088.31", "side": "SELL", "hash": "febe8ee45e0f8e82052dbef7089f64dea103bb65", "best_bid": "0", "best_ask": "0.001"}], "timestamp": "1769384638779", "event_type": "price_change"}}
{"_local_timestamp": "2026-01-25T23:43:59.151550+00:00", "data": {"market": "0xbbd9bf0e135638e608261797209989d4ced475ece27ecd2ffb15cd86ee4cfdaf", "price_changes": [{"asset_id": "80872438868793615237228308780768590880032317078663006772180513665812976567434", "price": "0.998", "size": "0", "side": "BUY", "hash": "5248fdc0770f3438c61342871bbef4b57795d822", "best_bid": "0.999", "best_ask": "1"}, {"asset_id": "109557101997166065622834016092196577926689669348753952742467294284334555023005", "price": "0.002", "size": "0", "side": "SELL", "hash": "d0338a52aae1cdc11ec1bbcd68bf8ac708beb75e", "best_bid": "0", "best_ask": "0.001"}], "timestamp": "1769384639013", "event_type": "price_change"}}
{"_local_timestamp": "2026-01-25T23:43:59.216913+00:00", "data": {"market": "0xbbd9bf0e135638e608261797209989d4ced475ece27ecd2ffb15cd86ee4cfdaf", "price_changes": [{"asset_id": "80872438868793615237228308780768590880032317078663006772180513665812976567434", "price": "0.998", "size": "1088.31", "side": "BUY", "hash": "2e72a973e25bbdc3f057ce46117efd03e0024fa5", "best_bid": "0.999", "best_ask": "1"}, {"asset_id": "109557101997166065622834016092196577926689669348753952742467294284334555023005", "price": "0.002", "size": "1088.31", "side": "SELL", "hash": "61bcfed2492498b629cfcfb0cf9bbc2ad88532ac", "best_bid": "0", "best_ask": "0.001"}], "timestamp": "1769384639104", "event_type": "price_change"}}
{"_local_timestamp": "2026-01-25T23:43:59.442004+00:00", "data": {"market": "0xbbd9bf0e135638e608261797209989d4ced475ece27ecd2ffb15cd86ee4cfdaf", "price_changes": [{"asset_id": "80872438868793615237228308780768590880032317078663006772180513665812976567434", "price": "0.998", "size": "0", "side": "BUY", "hash": "08f2a8dc5f103764fcb836cc5f35b0bf680abac3", "best_bid": "0.999", "best_ask": "1"}, {"asset_id": "109557101997166065622834016092196577926689669348753952742467294284334555023005", "price": "0.002", "size": "0", "side": "SELL", "hash": "80daf024b6330ebb0159fdef0b891e86b1763c18", "best_bid": "0", "best_ask": "0.001"}], "timestamp": "1769384639334", "event_type": "price_change"}}
{"_local_timestamp": "2026-01-25T23:43:59.697802+00:00", "data": {"market": "0xbbd9bf0e135638e608261797209989d4ced475ece27ecd2ffb15cd86ee4cfdaf", "price_changes": [{"asset_id": "80872438868793615237228308780768590880032317078663006772180513665812976567434", "price": "0.998", "size": "1088.31", "side": "BUY", "hash": "0432ba2ffb598a87a4d9ae42fe05a32ec5aeaa31", "best_bid": "0.999", "best_ask": "1"}, {"asset_id": "109557101997166065622834016092196577926689669348753952742467294284334555023005", "price": "0.002", "size": "1088.31", "side": "SELL", "hash": "667c500ee0be9683698213444689f317f324a7ff", "best_bid": "0", "best_ask": "0.001"}], "timestamp": "1769384639589", "event_type": "price_change"}}
{"_local_timestamp": "2026-01-25T23:43:59.936296+00:00", "data": {"market": "0xbbd9bf0e135638e608261797209989d4ced475ece27ecd2ffb15cd86ee4cfdaf", "price_changes": [{"asset_id": "80872438868793615237228308780768590880032317078663006772180513665812976567434", "price": "0.998", "size": "0", "side": "BUY", "hash": "c10d0fd78192ca13222be4f3a2b3d4d053fcce3b", "best_bid": "0.999", "best_ask": "1"}, {"asset_id": "109557101997166065622834016092196577926689669348753952742467294284334555023005", "price": "0.002", "size": "0", "side": "SELL", "hash": "4ce67e085d5d861aa4581807d5cfa247db40aad0", "best_bid": "0", "best_ask": "0.001"}], "timestamp": "1769384639818", "event_type": "price_change"}}
{"_local_timestamp": "2026-01-25T23:44:00.100246+00:00", "data": {"market": "0xbbd9bf0e135638e608261797209989d4ced475ece27ecd2ffb15cd86ee4cfdaf", "price_changes": [{"asset_id": "80872438868793615237228308780768590880032317078663006772180513665812976567434", "price": "0.998", "size": "1088.31", "side": "BUY", "hash": "e5bbafe47ad8655e732aea37ee541e7f4f78e5b2", "best_bid": "0.999", "best_ask": "1"}, {"asset_id": "109557101997166065622834016092196577926689669348753952742467294284334555023005", "price": "0.002", "size": "1088.31", "side": "SELL", "hash": "864b4e02d84876d4e0f0c491059ce0cec437d18c", "best_bid": "0", "best_ask": "0.001"}], "timestamp": "1769384639987", "event_type": "price_change"}}
{"_local_timestamp": "2026-01-25T23:44:00.313597+00:00", "data": {"market": "0xbbd9bf0e135638e608261797209989d4ced475ece27ecd2ffb15cd86ee4cfdaf", "price_changes": [{"asset_id": "80872438868793615237228308780768590880032317078663006772180513665812976567434", "price": "0.998", "size": "0", "side": "BUY", "hash": "5c991572e35d034e0caf2f843be624a57defe829", "best_bid": "0.999", "best_ask": "1"}, {"asset_id": "109557101997166065622834016092196577926689669348753952742467294284334555023005", "price": "0.002", "size": "0", "side": "SELL", "hash": "4855a10f7b7fde42a170b6a54bc1cc50041c7c3e", "best_bid": "0", "best_ask": "0.001"}], "timestamp": "1769384640198", "event_type": "price_change"}}
{"_local_timestamp": "2026-01-25T23:44:00.482349+00:00", "data": {"market": "0xbbd9bf0e135638e608261797209989d4ced475ece27ecd2ffb15cd86ee4cfdaf", "price_changes": [{"asset_id": "80872438868793615237228308780768590880032317078663006772180513665812976567434", "price": "0.998", "size": "1088.31", "side": "BUY", "hash": "3c80e4729140b1fa3567b72851b9f0bce4d6e34c", "best_bid": "0.999", "best_ask": "1"}, {"asset_id": "109557101997166065622834016092196577926689669348753952742467294284334555023005", "price": "0.002", "size": "1088.31", "side": "SELL", "hash": "2a7909ad9d691a908447f1dba21b25562ebdb981", "best_bid": "0", "best_ask": "0.001"}], "timestamp": "1769384640362", "event_type": "price_change"}}
{"_local_timestamp": "2026-01-25T23:44:00.680383+00:00", "data": {"market": "0xbbd9bf0e135638e608261797209989d4ced475ece27ecd2ffb15cd86ee4cfdaf", "price_changes": [{"asset_id": "80872438868793615237228308780768590880032317078663006772180513665812976567434", "price": "0.998", "size": "0", "side": "BUY", "hash": "dd0f258b385c4791697180c7efad0f92ce8053ea", "best_bid": "0.999", "best_ask": "1"}, {"asset_id": "109557101997166065622834016092196577926689669348753952742467294284334555023005", "price": "0.002", "size": "0", "side": "SELL", "hash": "bce148f7d255aadc7cb6f9e6e724037fecb72201", "best_bid": "0", "best_ask": "0.001"}], "timestamp": "1769384640562", "event_type": "price_change"}}
{"_local_timestamp": "2026-01-25T23:44:00.846538+00:00", "data": {"market": "0xbbd9bf0e135638e608261797209989d4ced475ece27ecd2ffb15cd86ee4cfdaf", "price_changes": [{"asset_id": "80872438868793615237228308780768590880032317078663006772180513665812976567434", "price": "0.998", "size": "1088.31", "side": "BUY", "hash": "13c6b4356971cbd56e5f231ed782f625b12af3a3", "best_bid": "0.999", "best_ask": "1"}, {"asset_id": "109557101997166065622834016092196577926689669348753952742467294284334555023005", "price": "0.002", "size": "1088.31", "side": "SELL", "hash": "11e71644e0cddab1666da7c43d09175422dce5ef", "best_bid": "0", "best_ask": "0.001"}], "timestamp": "1769384640712", "event_type": "price_change"}}
{"_local_timestamp": "2026-01-25T23:44:00.998382+00:00", "data": {"market": "0xbbd9bf0e135638e608261797209989d4ced475ece27ecd2ffb15cd86ee4cfdaf", "price_changes": [{"asset_id": "80872438868793615237228308780768590880032317078663006772180513665812976567434", "price": "0.998", "size": "0", "side": "BUY", "hash": "d42635e4d1b79d1c05f2b1a30656cefc53fa6060", "best_bid": "0.999", "best_ask": "1"}, {"asset_id": "109557101997166065622834016092196577926689669348753952742467294284334555023005", "price": "0.002", "size": "0", "side": "SELL", "hash": "beacd27095a62e951a475fdbb77b78df895149f6", "best_bid": "0", "best_ask": "0.001"}], "timestamp": "1769384640877", "event_type": "price_change"}}
{"_local_timestamp": "2026-01-25T23:44:01.158870+00:00", "data": {"market": "0xbbd9bf0e135638e608261797209989d4ced475ece27ecd2ffb15cd86ee4cfdaf", "price_changes": [{"asset_id": "80872438868793615237228308780768590880032317078663006772180513665812976567434", "price": "0.998", "size": "1088.31", "side": "BUY", "hash": "81dcfec67223c0392835d8fa284ed68acb830daf", "best_bid": "0.999", "best_ask": "1"}, {"asset_id": "109557101997166065622834016092196577926689669348753952742467294284334555023005", "price": "0.002", "size": "1088.31", "side": "SELL", "hash": "a3e12e5077f46fdd86764f42d6a91eeff71e0e44", "best_bid": "0", "best_ask": "0.001"}], "timestamp": "1769384641012", "event_type": "price_change"}}
{"_local_timestamp": "2026-01-25T23:44:01.336636+00:00", "data": {"market": "0xbbd9bf0e135638e608261797209989d4ced475ece27ecd2ffb15cd86ee4cfdaf", "price_changes": [{"asset_id": "80872438868793615237228308780768590880032317078663006772180513665812976567434", "price": "0.998", "size": "0", "side": "BUY", "hash": "2ab62531882ccbf85da57c8990177dfa136155dd", "best_bid": "0.999", "best_ask": "1"}, {"asset_id": "109557101997166065622834016092196577926689669348753952742467294284334555023005", "price": "0.002", "size": "0", "side": "SELL", "hash": "92f0ea273f3f7bb9e90e708c130465167d0f99c4", "best_bid": "0", "best_ask": "0.001"}], "timestamp": "1769384641213", "event_type": "price_change"}}
{"_local_timestamp": "2026-01-25T23:44:05.212366+00:00", "data": {"market": "0xbbd9bf0e135638e608261797209989d4ced475ece27ecd2ffb15cd86ee4cfdaf", "price_changes": [{"asset_id": "80872438868793615237228308780768590880032317078663006772180513665812976567434", "price": "0.085", "size": "10000", "side": "BUY", "hash": "cafd09337f20a4342c057f8e778c9b376c94b19e", "best_bid": "0.999", "best_ask": "1"}, {"asset_id": "109557101997166065622834016092196577926689669348753952742467294284334555023005", "price": "0.915", "size": "10000", "side": "SELL", "hash": "72d3d2146659cad19ea8555c08bdc5128d0cd7d5", "best_bid": "0", "best_ask": "0.001"}], "timestamp": "1769384645026", "event_type": "price_change"}}
{"_local_timestamp": "2026-01-25T23:44:05.244663+00:00", "data": {"market": "0xbbd9bf0e135638e608261797209989d4ced475ece27ecd2ffb15cd86ee4cfdaf", "price_changes": [{"asset_id": "80872438868793615237228308780768590880032317078663006772180513665812976567434", "price": "0.998", "size": "1088.31", "side": "BUY", "hash": "e5927214ae29cf1e7bedaf9d966427b28f536f05", "best_bid": "0.999", "best_ask": "1"}, {"asset_id": "109557101997166065622834016092196577926689669348753952742467294284334555023005", "price": "0.002", "size": "1088.31", "side": "SELL", "hash": "956dc56e384012bf0738f838d6f85684a0622449", "best_bid": "0", "best_ask": "0.001"}], "timestamp": "1769384645103", "event_type": "price_change"}}
{"_local_timestamp": "2026-01-25T23:44:05.406225+00:00", "data": {"market": "0xbbd9bf0e135638e608261797209989d4ced475ece27ecd2ffb15cd86ee4cfdaf", "price_changes": [{"asset_id": "80872438868793615237228308780768590880032317078663006772180513665812976567434", "price": "0.998", "size": "0", "side": "BUY", "hash": "20c689f39885753dec0339b4e5b098eff64bcb46", "best_bid": "0.999", "best_ask": "1"}, {"asset_id": "109557101997166065622834016092196577926689669348753952742467294284334555023005", "price": "0.002", "size": "0", "side": "SELL", "hash": "5fab57a609f964f156ffa11b55cc1e49898a4fe3", "best_bid": "0", "best_ask": "0.001"}], "timestamp": "1769384645269", "event_type": "price_change"}}
{"_local_timestamp": "2026-01-25T23:44:05.531881+00:00", "data": {"market": "0xbbd9bf0e135638e608261797209989d4ced475ece27ecd2ffb15cd86ee4cfdaf", "price_changes": [{"asset_id": "80872438868793615237228308780768590880032317078663006772180513665812976567434", "price": "0.998", "size": "1088.31", "side": "BUY", "hash": "c6453346caf64caa1c14450e82b24339496f86a0", "best_bid": "0.999", "best_ask": "1"}, {"asset_id": "109557101997166065622834016092196577926689669348753952742467294284334555023005", "price": "0.002", "size": "1088.31", "side": "SELL", "hash": "9d26a1ca1ec9769fa1859c5c82f34d0c349c4ccf", "best_bid": "0", "best_ask": "0.001"}], "timestamp": "1769384645398", "event_type": "price_change"}}
{"_local_timestamp": "2026-01-25T23:44:05.732843+00:00", "data": {"market": "0xbbd9bf0e135638e608261797209989d4ced475ece27ecd2ffb15cd86ee4cfdaf", "price_changes": [{"asset_id": "80872438868793615237228308780768590880032317078663006772180513665812976567434", "price": "0.998", "size": "0", "side": "BUY", "hash": "dc853374144fabd4a4173a930ba8ede66ff5bd37", "best_bid": "0.999", "best_ask": "1"}, {"asset_id": "109557101997166065622834016092196577926689669348753952742467294284334555023005", "price": "0.002", "size": "0", "side": "SELL", "hash": "23257c3db624dcf08c2232ae82b6c75bbf79ed25", "best_bid": "0", "best_ask": "0.001"}], "timestamp": "1769384645595", "event_type": "price_change"}}
{"_local_timestamp": "2026-01-25T23:44:05.829593+00:00", "data": {"market": "0xbbd9bf0e135638e608261797209989d4ced475ece27ecd2ffb15cd86ee4cfdaf", "price_changes": [{"asset_id": "80872438868793615237228308780768590880032317078663006772180513665812976567434", "price": "0.998", "size": "1088.31", "side": "BUY", "hash": "6c5d99451863f0ec443eb5264d4fe949a2ffd747", "best_bid": "0.999", "best_ask": "1"}, {"asset_id": "109557101997166065622834016092196577926689669348753952742467294284334555023005", "price": "0.002", "size": "1088.31", "side": "SELL", "hash": "de4db308c1e063df3cc9c0225280e23596210899", "best_bid": "0", "best_ask": "0.001"}], "timestamp": "1769384645674", "event_type": "price_change"}}
{"_local_timestamp": "2026-01-25T23:44:06.021743+00:00", "data": {"market": "0xbbd9bf0e135638e608261797209989d4ced475ece27ecd2ffb15cd86ee4cfdaf", "price_changes": [{"asset_id": "80872438868793615237228308780768590880032317078663006772180513665812976567434", "price": "0.998", "size": "0", "side": "BUY", "hash": "6e6bfd7697821d0ca83b714a058eee5da6097451", "best_bid": "0.999", "best_ask": "1"}, {"asset_id": "109557101997166065622834016092196577926689669348753952742467294284334555023005", "price": "0.002", "size": "0", "side": "SELL", "hash": "253f8e0dc69b726ff48f78b3af7f6b92346c625f", "best_bid": "0", "best_ask": "0.001"}], "timestamp": "1769384645872", "event_type": "price_change"}}
{"_local_timestamp": "2026-01-25T23:44:06.165984+00:00", "data": {"market": "0xbbd9bf0e135638e608261797209989d4ced475ece27ecd2ffb15cd86ee4cfdaf", "price_changes": [{"asset_id": "80872438868793615237228308780768590880032317078663006772180513665812976567434", "price": "0.998", "size": "1088.31", "side": "BUY", "hash": "fbe8fbe26285c6c6859569fb5232965d7f64e5ea", "best_bid": "0.999", "best_ask": "1"}, {"asset_id": "109557101997166065622834016092196577926689669348753952742467294284334555023005", "price": "0.002", "size": "1088.31", "side": "SELL", "hash": "681b9d21cf25a29494dd28be7c11e3bb2f25b828", "best_bid": "0", "best_ask": "0.001"}], "timestamp": "1769384646022", "event_type": "price_change"}}
{"_local_timestamp": "2026-01-25T23:44:06.192619+00:00", "data": {"market": "0xbbd9bf0e135638e608261797209989d4ced475ece27ecd2ffb15cd86ee4cfdaf", "price_changes": [{"asset_id": "80872438868793615237228308780768590880032317078663006772180513665812976567434", "price": "0.054", "size": "1000", "side": "BUY", "hash": "54e1282390f2c98b6817083ba3e68d84aade1b75", "best_bid": "0.999", "best_ask": "1"}, {"asset_id": "109557101997166065622834016092196577926689669348753952742467294284334555023005", "price": "0.946", "size": "1000", "side": "SELL", "hash": "818457472a4df65216d0c0b3c2bd1559d6486761", "best_bid": "0", "best_ask": "0.001"}], "timestamp": "1769384646058", "event_type": "price_change"}}
{"_local_timestamp": "2026-01-25T23:44:06.356937+00:00", "data": {"market": "0xbbd9bf0e135638e608261797209989d4ced475ece27ecd2ffb15cd86ee4cfdaf", "price_changes": [{"asset_id": "80872438868793615237228308780768590880032317078663006772180513665812976567434", "price": "0.998", "size": "0", "side": "BUY", "hash": "68bfa86a1d798e5a0817b5aef979d8e83aecaa6a", "best_bid": "0.999", "best_ask": "1"}, {"asset_id": "109557101997166065622834016092196577926689669348753952742467294284334555023005", "price": "0.002", "size": "0", "side": "SELL", "hash": "c7609428d19815eb628fe332f661a496f8030eba", "best_bid": "0", "best_ask": "0.001"}], "timestamp": "1769384646221", "event_type": "price_change"}}
{"_local_timestamp": "2026-01-25T23:44:13.278794+00:00", "data": {"market": "0x1afd194d763de2bd7abda05e00e517ad0d85b1bb12339dcbe05ccd8b5e0de0de", "price_changes": [{"asset_id": "101719154660517380687612365015835668227884146293605413205809626106808355686977", "price": "0.08", "size": "0", "side": "BUY", "hash": "2cb6071f6e104e2ef906c5dde27285077c25cc81", "best_bid": "0.999", "best_ask": "1"}, {"asset_id": "12535614914084285997184767785923318454161071933642366975151945930020373370140", "price": "0.92", "size": "0", "side": "SELL", "hash": "7a4c88c177f7afc5edc8307780e27497cabcb782", "best_bid": "0", "best_ask": "0.001"}], "timestamp": "1769384653101", "event_type": "price_change"}}
{"_local_timestamp": "2026-01-25T23:44:13.280164+00:00", "data": {"market": "0x1afd194d763de2bd7abda05e00e517ad0d85b1bb12339dcbe05ccd8b5e0de0de", "price_changes": [{"asset_id": "101719154660517380687612365015835668227884146293605413205809626106808355686977", "price": "0.054", "size": "900", "side": "BUY", "hash": "2cb6071f6e104e2ef906c5dde27285077c25cc81", "best_bid": "0.999", "best_ask": "1"}, {"asset_id": "12535614914084285997184767785923318454161071933642366975151945930020373370140", "price": "0.946", "size": "900", "side": "SELL", "hash": "7a4c88c177f7afc5edc8307780e27497cabcb782", "best_bid": "0", "best_ask": "0.001"}], "timestamp": "1769384653101", "event_type": "price_change"}}
{"_local_timestamp": "2026-01-25T23:44:13.351424+00:00", "data": {"market": "0xbbd9bf0e135638e608261797209989d4ced475ece27ecd2ffb15cd86ee4cfdaf", "price_changes": [{"asset_id": "80872438868793615237228308780768590880032317078663006772180513665812976567434", "price": "0.998", "size": "1088.31", "side": "BUY", "hash": "ff2da86f1532bd653565fe01f543abe40a3092da", "best_bid": "0.999", "best_ask": "1"}, {"asset_id": "109557101997166065622834016092196577926689669348753952742467294284334555023005", "price": "0.002", "size": "1088.31", "side": "SELL", "hash": "a8c6ef4987c98541bf8fa30292ca716e510b08bb", "best_bid": "0", "best_ask": "0.001"}], "timestamp": "1769384653214", "event_type": "price_change"}}
