{"_local_timestamp": "2026-01-25T23:33:58.941522+00:00", "data": [{"market": "0xa1fdcb1d037412c490211e3c359859a6fcef30457293745d6dc243c8ac55e1a4", "asset_id": "91921216559709708073861792307369876971924923433703274234987222594071396962418", "timestamp": "1769384038586", "hash": "3dd69bd3f5b576052097484537615c4dd19c791f", "bids": [{"price": "0.009", "size": "912.65"}, {"price": "0.02", "size": "100"}], "asks": [{"price": "0.999", "size": "975"}, {"price": "0.998", "size": "19.99"}, {"price": "0.997", "size": "25"}, {"price": "0.54", "size": "9.99"}, {"price": "0.539", "size": "10.94"}], "event_type": "book", "last_trade_price": "0.991"}, {"market": "0xa1fdcb1d037412c490211e3c359859a6fcef30457293745d6dc243c8ac55e1a4", "asset_id": "79379830998339924164484124438859119377827419320457249874572503658465534610872", "timestamp": "1769384038586", "hash": "db7de85fabfe61d88887af304e15ee3cd66fbcc9", "bids": [{"price": "0.001", "size": "975"}, {"price": "0.002", "size": "19.99"}, {"price": "0.003", "size": "25"}, {"price": "0.46", "size": "9.99"}, {"price": "0.461", "size": "10.94"}], "asks": [{"price": "0.991", "size": "912.65"}, {"price": "0.98", "size": "100"}], "event_type": "book", "last_trade_price": "0.991"}]}
{"_local_timestamp": "2026-01-25T23:34:17.832878+00:00", "data": {"market": "0xa1fdcb1d037412c490211e3c359859a6fcef30457293745d6dc243c8ac55e1a4", "price_changes": [{"asset_id": "79379830998339924164484124438859119377827419320457249874572503658465534610872", "price": "0.001", "size": "14.99", "side": "BUY", "hash": "19c7009d9deab44f46e686fab2d3ffb69a041c94", "best_bid": "0.461", "best_ask": "0.98"}, {"asset_id": "91921216559709708073861792307369876971924923433703274234987222594071396962418", "price": "0.999", "size": "14.99", "side": "SELL", "hash": "baa2a616ad292de3309f14c03727320f52a42f8a", "best_bid": "0.02", "best_ask": "0.539"}], "timestamp": "1769384057757", "event_type": "price_change"}}
{"_local_timestamp": "2026-01-25T23:34:17.840112+00:00", "data": {"market": "0xa1fdcb1d037412c490211e3c359859a6fcef30457293745d6dc243c8ac55e1a4", "price_changes": [{"asset_id": "79379830998339924164484124438859119377827419320457249874572503658465534610872", "price": "0.002", "size": "0", "side": "BUY", "hash": "19c7009d9deab44f46e686fab2d3ffb69a041c94", "best_bid": "0.461", "best_ask": "0.98"}, {"asset_id": "91921216559709708073861792307369876971924923433703274234987222594071396962418", "price": "0.998", "size": "0", "side": "SELL", "hash": "baa2a616ad292de3309f14c03727320f52a42f8a", "best_bid": "0.02", "best_ask": "0.539"}], "timestamp": "1769384057757", "event_type": "price_change"}}
{"_local_timestamp": "2026-01-25T23:34:18.439614+00:00", "data": {"market": "0xa1fdcb1d037412c490211e3c359859a6fcef30457293745d6dc243c8ac55e1a4", "price_changes": [{"asset_id": "91921216559709708073861792307369876971924923433703274234987222594071396962418", "price": "0.997", "size": "0", "side": "SELL", "hash": "b2c096aef03b75e4b8e96e1d17edbfc61dd7b1be", "best_bid": "0.02", "best_ask": "0.539"}, {"asset_id": "79379830998339924164484124438859119377827419320457249874572503658465534610872", "price": "0.003", "size": "0", "side": "BUY", "hash": "cbaffde002c2e75ddcbd4915b3c34ff4b0cbfd7e", "best_bid": "0.461", "best_ask": "0.98"}], "timestamp": "1769384058371", "event_type": "price_change"}}
{"_local_timestamp": "2026-01-25T23:34:18.482526+00:00", "data": {"market": "0xa1fdcb1d037412c490211e3c359859a6fcef30457293745d6dc243c8ac55e1a4", "price_changes": [{"asset_id": "91921216559709708073861792307369876971924923433703274234987222594071396962418", "price": "0.999", "size": "39.99", "side": "SELL", "hash": "d37a32f7e2194fea35c2b02fb8c462a42e82a631", "best_bid": "0.02", "best_ask": "0.539"}, {"asset_id": "79379830998339924164484124438859119377827419320457249874572503658465534610872", "price": "0.001", "size": "39.99", "side": "BUY", "hash": "943d7eb0c2e31943e0325f70d114ea1a83980a85", "best_bid": "0.461", "best_ask": "0.98"}], "timestamp": "1769384058408", "event_type": "price_change"}}
{"_local_timestamp": "2026-01-25T23:35:56.813673+00:00", "data": {"market": "0xa1fdcb1d037412c490211e3c359859a6fcef30457293745d6dc243c8ac55e1a4", "price_changes": [{"asset_id": "79379830998339924164484124438859119377827419320457249874572503658465534610872", "price": "0.001", "size": "999.99", "side": "BUY", "hash": "8f8e8a06f43de6cfa3782fc3dc9e023c615f0e25", "best_bid": "0.461", "best_ask": "0.98"}, {"asset_id": "91921216559709708073861792307369876971924923433703274234987222594071396962418", "price": "0.999", "size": "999.99", "side": "SELL", "hash": "2af90df46fbeaf3359aa3762d48ee5aba7aa5b92", "best_bid": "0.02", "best_ask": "0.539"}], "timestamp": "1769384156746", "event_type": "price_change"}}
{"_local_timestamp": "2026-01-25T23:35:56.816475+00:00", "data": {"market": "0xa1fdcb1d037412c490211e3c359859a6fcef30457293745d6dc243c8ac55e1a4", "price_changes": [{"asset_id": "79379830998339924164484124438859119377827419320457249874572503658465534610872", "price": "0.002", "size": "19.99", "side": "BUY", "hash": "f34deca51bf057b86d72d0e9b403d51dd2fc15ff", "best_bid": "0.461", "best_ask": "0.98"}, {"asset_id": "91921216559709708073861792307369876971924923433703274234987222594071396962418", "price": "0.998", "size": "19.99", "side": "SELL", "hash": "95a4bba6b2006c4925b6024314540690421e5af9", "best_bid": "0.02", "best_ask": "0.539"}], "timestamp": "1769384156749", "event_type": "price_change"}}
{"_local_timestamp": "2026-01-25T23:36:05.381013+00:00", "data": {"market": "0xa1fdcb1d037412c490211e3c359859a6fcef30457293745d6dc243c8ac55e1a4", "price_changes": [{"asset_id": "91921216559709708073861792307369876971924923433703274234987222594071396962418", "price": "0.45", "size": "87.35", "side": "SELL", "hash": "ba3c5abbae0673fc9c4c12c87fa5781ec78c98c0", "best_bid": "0.02", "best_ask": "0.45"}, {"asset_id": "79379830998339924164484124438859119377827419320457249874572503658465534610872", "price": "0.55", "size": "87.35", "side": "BUY", "hash": "dcb0789dab8197e1e4221e9a36e2849512e76372", "best_bid": "0.55", "best_ask": "0.98"}], "timestamp": "1769384165312", "event_type": "price_change"}}
{"_local_timestamp": "2026-01-25T23:36:05.526550+00:00", "data": {"market": "0xa1fdcb1d037412c490211e3c359859a6fcef30457293745d6dc243c8ac55e1a4", "price_changes": [{"asset_id": "91921216559709708073861792307369876971924923433703274234987222594071396962418", "price": "0.999", "size": "974.99", "side": "SELL", "hash": "06caa2b5b245da438e7ad5431fb61f3d6e860327", "best_bid": "0.02", "best_ask": "0.45"}, {"asset_id": "79379830998339924164484124438859119377827419320457249874572503658465534610872", "price": "0.001", "size": "974.99", "side": "BUY", "hash": "00c5d1fb0cdfe74c93b3d014bc7d24401123d6cd", "best_bid": "0.55", "best_ask": "0.98"}], "timestamp": "1769384165454", "event_type": "price_change"}}
{"_local_timestamp": "2026-01-25T23:36:05.592842+00:00", "data": {"market": "0xa1fdcb1d037412c490211e3c359859a6fcef30457293745d6dc243c8ac55e1a4", "price_changes": [{"asset_id": "91921216559709708073861792307369876971924923433703274234987222594071396962418", "price": "0.449", "size": "25", "side": "SELL", "hash": "3b1376f5ea7ac494aa5fc1d188e7eb37e270f7f0", "best_bid": "0.02", "best_ask": "0.449"}, {"asset_id": "79379830998339924164484124438859119377827419320457249874572503658465534610872", "price": "0.551", "size": "25", "side": "BUY", "hash": "a6296085f3f414548f8835a0b8df7327e7dc6557", "best_bid": "0.551", "best_ask": "0.98"}], "timestamp": "1769384165524", "event_type": "price_change"}}
{"_local_timestamp": "2026-01-25T23:36:05.754845+00:00", "data": {"market": "0xa1fdcb1d037412c490211e3c359859a6fcef30457293745d6dc243c8ac55e1a4", "price_changes": [{"asset_id": "91921216559709708073861792307369876971924923433703274234987222594071396962418", "price": "0.539", "size": "0", "side": "SELL", "hash": "7916579c6b80d4ddb9c4bf705862fce3d1d98d81", "best_bid": "0.02", "best_ask": "0.449"}, {"asset_id": "79379830998339924164484124438859119377827419320457249874572503658465534610872", "price": "0.461", "size": "0", "side": "BUY", "hash": "7d5590a851ebecbf54928d1964a11d1ea4d2a146", "best_bid": "0.551", "best_ask": "0.98"}], "timestamp": "1769384165689", "event_type": "price_change"}}
{"_local_timestamp": "2026-01-25T23:36:05.828851+00:00", "data": {"market": "0xa1fdcb1d037412c490211e3c359859a6fcef30457293745d6dc243c8ac55e1a4", "price_changes": [{"asset_id": "91921216559709708073861792307369876971924923433703274234987222594071396962418", "price": "0.449", "size": "35.94", "side": "SELL", "hash": "5e60da6b469faed8c9715da90999a500d9cf32ba", "best_bid": "0.02", "best_ask": "0.449"}, {"asset_id": "79379830998339924164484124438859119377827419320457249874572503658465534610872", "price": "0.551", "size": "35.94", "side": "BUY", "hash": "1908ae2428cb8f6520ab05477bfe6cc4eb50e3f1", "best_bid": "0.551", "best_ask": "0.98"}], "timestamp": "1769384165750", "event_type": "price_change"}}
{"_local_timestamp": "2026-01-25T23:36:11.105063+00:00", "data": {"market": "0xa1fdcb1d037412c490211e3c359859a6fcef30457293745d6dc243c8ac55e1a4", "asset_id": "91921216559709708073861792307369876971924923433703274234987222594071396962418", "price": "0.449", "size": "10", "fee_rate_bps": "0", "side": "BUY", "timestamp": "1769384171035", "event_type": "last_trade_price", "transaction_hash": "0x882b0a7a49babb43f7854873836b1d29641cfd197314f8ca9e7ae9ccae7ccd7c"}}
{"_local_timestamp": "2026-01-25T23:36:11.114594+00:00", "data": {"market": "0xa1fdcb1d037412c490211e3c359859a6fcef30457293745d6dc243c8ac55e1a4", "asset_id": "91921216559709708073861792307369876971924923433703274234987222594071396962418", "price": "0.449", "size": "10", "fee_rate_bps": "0", "side": "BUY", "timestamp": "1769384171038", "event_type": "last_trade_price", "transaction_hash": "0xa3746ffe81e7a319eef85d013370e8e6dbab97e06fb908ba3646e552a1331269"}}
{"_local_timestamp": "2026-01-25T23:36:11.114991+00:00", "data": {"market": "0xa1fdcb1d037412c490211e3c359859a6fcef30457293745d6dc243c8ac55e1a4", "price_changes": [{"asset_id": "91921216559709708073861792307369876971924923433703274234987222594071396962418", "price": "0.449", "size": "25.94", "side": "SELL", "hash": "4b2f461d0309c1097bd3abd11005576aeb6e7a29", "best_bid": "0.02", "best_ask": "0.449"}, {"asset_id": "79379830998339924164484124438859119377827419320457249874572503658465534610872", "price": "0.551", "size": "25.94", "side": "BUY", "hash": "b8131fcb64d041d3675a7458549fd6128a193243", "best_bid": "0.551", "best_ask": "0.98"}], "timestamp": "1769384171007", "event_type": "price_change"}}
{"_local_timestamp": "2026-01-25T23:36:11.115402+00:00", "data": {"market": "0xa1fdcb1d037412c490211e3c359859a6fcef30457293745d6dc243c8ac55e1a4", "asset_id": "91921216559709708073861792307369876971924923433703274234987222594071396962418", "bids": [{"price": "0.009", "size": "912.65"}, {"price": "0.02", "size": "100"}], "asks": [{"price": "0.999", "size": "974.99"}, {"price": "0.998", "size": "19.99"}, {"price": "0.54", "size": "9.99"}, {"price": "0.45", "size": "87.35"}, {"price": "0.449", "size": "25.94"}], "hash": "4b2f461d0309c1097bd3abd11005576aeb6e7a29", "timestamp": "1769384171007", "event_type": "book"}}
{"_local_timestamp": "2026-01-25T23:36:11.115733+00:00", "data": {"market": "0xa1fdcb1d037412c490211e3c359859a6fcef30457293745d6dc243c8ac55e1a4", "asset_id": "79379830998339924164484124438859119377827419320457249874572503658465534610872", "bids": [{"price": "0.001", "size": "974.99"}, {"price": "0.002", "size": "19.99"}, {"price": "0.46", "size": "9.99"}, {"price": "0.55", "size": "87.35"}, {"price": "0.551", "size": "25.94"}], "asks": [{"price": "0.991", "size": "912.65"}, {"price": "0.98", "size": "100"}], "hash": "b8131fcb64d041d3675a7458549fd6128a193243", "timestamp": "1769384171007", "event_type": "book"}}
{"_local_timestamp": "2026-01-25T23:36:11.116045+00:00", "data": {"market": "0xa1fdcb1d037412c490211e3c359859a6fcef30457293745d6dc243c8ac55e1a4", "price_changes": [{"asset_id": "91921216559709708073861792307369876971924923433703274234987222594071396962418", "price": "0.449", "size": "15.94", "side": "SELL", "hash": "fe66ad2ff8334b3db304a6c3168d2cd34abbcfcd", "best_bid": "0.02", "best_ask": "0.449"}, {"asset_id": "79379830998339924164484124438859119377827419320457249874572503658465534610872", "price": "0.551", "size": "15.94", "side": "BUY", "hash": "dcfe407eb2cac9dd860cdadbc3ba018be447207f", "best_bid": "0.551", "best_ask": "0.98"}], "timestamp": "1769384171010", "event_type": "price_change"}}
{"_local_timestamp": "2026-01-25T23:36:11.116404+00:00", "data": {"market": "0xa1fdcb1d037412c490211e3c359859a6fcef30457293745d6dc243c8ac55e1a4", "asset_id": "91921216559709708073861792307369876971924923433703274234987222594071396962418", "bids": [{"price": "0.009", "size": "912.65"}, {"price": "0.02", "size": "100"}], "asks": [{"price": "0.999", "size": "974.99"}, {"price": "0.998", "size": "19.99"}, {"price": "0.54", "size": "9.99"}, {"price": "0.45", "size": "87.35"}, {"price": "0.449", "size": "15.94"}], "hash": "fe66ad2ff8334b3db304a6c3168d2cd34abbcfcd", "timestamp": "1769384171010", "event_type": "book"}}
{"_local_timestamp": "2026-01-25T23:36:11.116817+00:00", "data": {"market": "0xa1fdcb1d037412c490211e3c359859a6fcef30457293745d6dc243c8ac55e1a4", "asset_id": "79379830998339924164484124438859119377827419320457249874572503658465534610872", "bids": [{"price": "0.001", "size": "974.99"}, {"price": "0.002", "size": "19.99"}, {"price": "0.46", "size": "9.99"}, {"price": "0.55", "size": "87.35"}, {"price": "0.551", "size": "15.94"}], "asks": [{"price": "0.991", "size": "912.65"}, {"price": "0.98", "size": "100"}], "hash": "dcfe407eb2cac9dd860cdadbc3ba018be447207f", "timestamp": "1769384171010", "event_type": "book"}}
{"_local_timestamp": "2026-01-25T23:36:11.676780+00:00", "data": {"market": "0xa1fdcb1d037412c490211e3c359859a6fcef30457293745d6dc243c8ac55e1a4", "price_changes": [{"asset_id": "91921216559709708073861792307369876971924923433703274234987222594071396962418", "price": "0.449", "size": "0", "side": "SELL", "hash": "71e4442cb5dc816d04c763a029f19d4e3ef3d935", "best_bid": "0.02", "best_ask": "0.45"}, {"asset_id": "79379830998339924164484124438859119377827419320457249874572503658465534610872", "price": "0.551", "size": "0", "side": "BUY", "hash": "64d9533bcb491d17237eef528812cb09dae425ad", "best_bid": "0.55", "best_ask": "0.98"}], "timestamp": "1769384171609", "event_type": "price_change"}}
{"_local_timestamp": "2026-01-25T23:36:12.107280+00:00", "data": {"market": "0xa1fdcb1d037412c490211e3c359859a6fcef30457293745d6dc243c8ac55e1a4", "asset_id": "91921216559709708073861792307369876971924923433703274234987222594071396962418", "price": "0.45", "size": "10", "fee_rate_bps": "0", "side": "BUY", "timestamp": "1769384172039", "event_type": "last_trade_price", "transaction_hash": "0x8da23a04423511b9a28078e00b92e1c39e06a9c50d6bdb6de48e5d50ce7f9aa3"}}
{"_local_timestamp": "2026-01-25T23:36:12.108089+00:00", "data": {"market": "0xa1fdcb1d037412c490211e3c359859a6fcef30457293745d6dc243c8ac55e1a4", "asset_id": "91921216559709708073861792307369876971924923433703274234987222594071396962418", "price": "0.45", "size": "10", "fee_rate_bps": "0", "side": "BUY", "timestamp": "1769384172040", "event_type": "last_trade_price", "transaction_hash": "0x7ae69eccac8ed79dd4be0bd3c68e37d280bfdae5465deaa1a89f65bec6eb9829"}}
{"_local_timestamp": "2026-01-25T23:36:12.121184+00:00", "data": {"market": "0xa1fdcb1d037412c490211e3c359859a6fcef30457293745d6dc243c8ac55e1a4", "price_changes": [{"asset_id": "91921216559709708073861792307369876971924923433703274234987222594071396962418", "price": "0.45", "size": "77.35", "side": "SELL", "hash": "2d1f4700fd96cee7a40d050e856b104c76db44b2", "best_bid": "0.02", "best_ask": "0.45"}, {"asset_id": "79379830998339924164484124438859119377827419320457249874572503658465534610872", "price": "0.55", "size": "77.35", "side": "BUY", "hash": "7761676c2899a1c26aff987a0c8f724df7ea3cf0", "best_bid": "0.55", "best_ask": "0.98"}], "timestamp": "1769384172008", "event_type": "price_change"}}
{"_local_timestamp": "2026-01-25T23:36:12.122500+00:00", "data": {"market": "0xa1fdcb1d037412c490211e3c359859a6fcef30457293745d6dc243c8ac55e1a4", "asset_id": "91921216559709708073861792307369876971924923433703274234987222594071396962418", "bids": [{"price": "0.009", "size": "912.65"}, {"price": "0.02", "size": "100"}], "asks": [{"price": "0.999", "size": "974.99"}, {"price": "0.998", "size": "19.99"}, {"price": "0.54", "size": "9.99"}, {"price": "0.45", "size": "77.35"}], "hash": "2d1f4700fd96cee7a40d050e856b104c76db44b2", "timestamp": "1769384172008", "event_type": "book"}}
{"_local_timestamp": "2026-01-25T23:36:12.123397+00:00", "data": {"market": "0xa1fdcb1d037412c490211e3c359859a6fcef30457293745d6dc243c8ac55e1a4", "asset_id": "79379830998339924164484124438859119377827419320457249874572503658465534610872", "bids": [{"price": "0.001", "size": "974.99"}, {"price": "0.002", "size": "19.99"}, {"price": "0.46", "size": "9.99"}, {"price": "0.55", "size": "77.35"}], "asks": [{"price": "0.991", "size": "912.65"}, {"price": "0.98", "size": "100"}], "hash": "7761676c2899a1c26aff987a0c8f724df7ea3cf0", "timestamp": "1769384172008", "event_type": "book"}}
{"_local_timestamp": "2026-01-25T23:36:12.125792+00:00", "data": {"market": "0xa1fdcb1d037412c490211e3c359859a6fcef30457293745d6dc243c8ac55e1a4", "price_changes": [{"asset_id": "91921216559709708073861792307369876971924923433703274234987222594071396962418", "price": "0.45", "size": "67.35", "side": "SELL", "hash": "087d4a8516273a0433de7b7e23e3a48b60cf7080", "best_bid": "0.02", "best_ask": "0.45"}, {"asset_id": "79379830998339924164484124438859119377827419320457249874572503658465534610872", "price": "0.55", "size": "67.35", "side": "BUY", "hash": "b218bc9838c8c11a0c4f86ada9547e47e0065ad0", "best_bid": "0.55", "best_ask": "0.98"}], "timestamp": "1769384172010", "event_type": "price_change"}}
{"_local_timestamp": "2026-01-25T23:36:12.127533+00:00", "data": {"market": "0xa1fdcb1d037412c490211e3c359859a6fcef30457293745d6dc243c8ac55e1a4", "asset_id": "91921216559709708073861792307369876971924923433703274234987222594071396962418", "bids": [{"price": "0.009", "size": "912.65"}, {"price": "0.02", "size": "100"}], "asks": [{"price": "0.999", "size": "974.99"}, {"price": "0.998", "size": "19.99"}, {"price": "0.54", "size": "9.99"}, {"price": "0.45", "size": "67.35"}], "hash": "087d4a8516273a0433de7b7e23e3a48b60cf7080", "timestamp": "1769384172010", "event_type": "book"}}
{"_local_timestamp": "2026-01-25T23:36:12.127936+00:00", "data": {"market": "0xa1fdcb1d037412c490211e3c359859a6fcef30457293745d6dc243c8ac55e1a4", "asset_id": "79379830998339924164484124438859119377827419320457249874572503658465534610872", "bids": [{"price": "0.001", "size": "974.99"}, {"price": "0.002", "size": "19.99"}, {"price": "0.46", "size": "9.99"}, {"price": "0.55", "size": "67.35"}], "asks": [{"price": "0.991", "size": "912.65"}, {"price": "0.98", "size": "100"}], "hash": "b218bc9838c8c11a0c4f86ada9547e47e0065ad0", "timestamp": "1769384172010", "event_type": "book"}}
{"_local_timestamp": "2026-01-25T23:36:15.102590+00:00", "data": {"market": "0xa1fdcb1d037412c490211e3c359859a6fcef30457293745d6dc243c8ac55e1a4", "price_changes": [{"asset_id": "91921216559709708073861792307369876971924923433703274234987222594071396962418", "price": "0.45", "size": "57.35", "side": "SELL", "hash": "52e8fbc9e2f654cf5aa88e8b35f46c8913b0df77", "best_bid": "0.02", "best_ask": "0.45"}, {"asset_id": "79379830998339924164484124438859119377827419320457249874572503658465534610872", "price": "0.55", "size": "57.35", "side": "BUY", "hash": "d042de0673b071e6d9e05608ebfc2e28724c66f7", "best_bid": "0.55", "best_ask": "0.98"}], "timestamp": "1769384175008", "event_type": "price_change"}}
{"_local_timestamp": "2026-01-25T23:36:15.103029+00:00", "data": {"market": "0xa1fdcb1d037412c490211e3c359859a6fcef30457293745d6dc243c8ac55e1a4", "asset_id": "91921216559709708073861792307369876971924923433703274234987222594071396962418", "bids": [{"price": "0.009", "size": "912.65"}, {"price": "0.02", "size": "100"}], "asks": [{"price": "0.999", "size": "974.99"}, {"price": "0.998", "size": "19.99"}, {"price": "0.54", "size": "9.99"}, {"price": "0.45", "size": "57.35"}], "hash": "52e8fbc9e2f654cf5aa88e8b35f46c8913b0df77", "timestamp": "1769384175008", "event_type": "book"}}
{"_local_timestamp": "2026-01-25T23:36:15.103372+00:00", "data": {"market": "0xa1fdcb1d037412c490211e3c359859a6fcef30457293745d6dc243c8ac55e1a4", "asset_id": "79379830998339924164484124438859119377827419320457249874572503658465534610872", "bids": [{"price": "0.001", "size": "974.99"}, {"price": "0.002", "size": "19.99"}, {"price": "0.46", "size": "9.99"}, {"price": "0.55", "size": "57.35"}], "asks": [{"price": "0.991", "size": "912.65"}, {"price": "0.98", "size": "100"}], "hash": "d042de0673b071e6d9e05608ebfc2e28724c66f7", "timestamp": "1769384175008", "event_type": "book"}}
{"_local_timestamp": "2026-01-25T23:36:15.103744+00:00", "data": {"market": "0xa1fdcb1d037412c490211e3c359859a6fcef30457293745d6dc243c8ac55e1a4", "asset_id": "91921216559709708073861792307369876971924923433703274234987222594071396962418", "price": "0.45", "size": "10", "fee_rate_bps": "0", "side": "BUY", "timestamp": "1769384175037", "event_type": "last_trade_price", "transaction_hash": "0x6b68e396fffaac9115267bf110afa295f4fcf419b48e96c6ccdfd10e752f7573"}}
{"_local_timestamp": "2026-01-25T23:36:16.099225+00:00", "data": {"market": "0xa1fdcb1d037412c490211e3c359859a6fcef30457293745d6dc243c8ac55e1a4", "asset_id": "91921216559709708073861792307369876971924923433703274234987222594071396962418", "price": "0.45", "size": "10", "fee_rate_bps": "0", "side": "BUY", "timestamp": "1769384176034", "event_type": "last_trade_price", "transaction_hash": "0xa19801e6df1a558167f00d6935ca77799ce0c803477ec3fc4428e05bfee92fed"}}
{"_local_timestamp": "2026-01-25T23:36:16.104169+00:00", "data": {"market": "0xa1fdcb1d037412c490211e3c359859a6fcef30457293745d6dc243c8ac55e1a4", "price_changes": [{"asset_id": "91921216559709708073861792307369876971924923433703274234987222594071396962418", "price": "0.45", "size": "47.35", "side": "SELL", "hash": "d9f7d2274c1d2b17ae0f7f6dc792fb02ef548153", "best_bid": "0.02", "best_ask": "0.45"}, {"asset_id": "79379830998339924164484124438859119377827419320457249874572503658465534610872", "price": "0.55", "size": "47.35", "side": "BUY", "hash": "9b255e5177831e7be02cf6e3ffa02daba6811f24", "best_bid": "0.55", "best_ask": "0.98"}], "timestamp": "1769384176009", "event_type": "price_change"}}
{"_local_timestamp": "2026-01-25T23:36:16.104694+00:00", "data": {"market": "0xa1fdcb1d037412c490211e3c359859a6fcef30457293745d6dc243c8ac55e1a4", "asset_id": "91921216559709708073861792307369876971924923433703274234987222594071396962418", "bids": [{"price": "0.009", "size": "912.65"}, {"price": "0.02", "size": "100"}], "asks": [{"price": "0.999", "size": "974.99"}, {"price": "0.998", "size": "19.99"}, {"price": "0.54", "size": "9.99"}, {"price": "0.45", "size": "47.35"}], "hash": "d9f7d2274c1d2b17ae0f7f6dc792fb02ef548153", "timestamp": "1769384176009", "event_type": "book"}}
{"_local_timestamp": "2026-01-25T23:36:16.105308+00:00", "data": {"market": "0xa1fdcb1d037412c490211e3c359859a6fcef30457293745d6dc243c8ac55e1a4", "asset_id": "79379830998339924164484124438859119377827419320457249874572503658465534610872", "bids": [{"price": "0.001", "size": "974.99"}, {"price": "0.002", "size": "19.99"}, {"price": "0.46", "size": "9.99"}, {"price": "0.55", "size": "47.35"}], "asks": [{"price": "0.991", "size": "912.65"}, {"price": "0.98", "size": "100"}], "hash": "9b255e5177831e7be02cf6e3ffa02daba6811f24", "timestamp": "1769384176009", "event_type": "book"}}
{"_local_timestamp": "2026-01-25T23:36:17.088454+00:00", "data": {"market": "0xa1fdcb1d037412c490211e3c359859a6fcef30457293745d6dc243c8ac55e1a4", "price_changes": [{"asset_id": "91921216559709708073861792307369876971924923433703274234987222594071396962418", "price": "0.45", "size": "37.35", "side": "SELL", "hash": "ca7bee8fa6d81fbd9f1d72877f03890ba5881b91", "best_bid": "0.02", "best_ask": "0.45"}, {"asset_id": "79379830998339924164484124438859119377827419320457249874572503658465534610872", "price": "0.55", "size": "37.35", "side": "BUY", "hash": "f2d45a2a33f383d0597461550110ab4057a2dc06", "best_bid": "0.55", "best_ask": "0.98"}], "timestamp": "1769384177005", "event_type": "price_change"}}
{"_local_timestamp": "2026-01-25T23:36:17.088874+00:00", "data": {"market": "0xa1fdcb1d037412c490211e3c359859a6fcef30457293745d6dc243c8ac55e1a4", "asset_id": "91921216559709708073861792307369876971924923433703274234987222594071396962418", "bids": [{"price": "0.009", "size": "912.65"}, {"price": "0.02", "size": "100"}], "asks": [{"price": "0.999", "size": "974.99"}, {"price": "0.998", "size": "19.99"}, {"price": "0.54", "size": "9.99"}, {"price": "0.45", "size": "37.35"}], "hash": "ca7bee8fa6d81fbd9f1d72877f03890ba5881b91", "timestamp": "1769384177005", "event_type": "book"}}
{"_local_timestamp": "2026-01-25T23:36:17.089283+00:00", "data": {"market": "0xa1fdcb1d037412c490211e3c359859a6fcef30457293745d6dc243c8ac55e1a4", "asset_id": "79379830998339924164484124438859119377827419320457249874572503658465534610872", "bids": [{"price": "0.001", "size": "974.99"}, {"price": "0.002", "size": "19.99"}, {"price": "0.46", "size": "9.99"}, {"price": "0.55", "size": "37.35"}], "asks": [{"price": "0.991", "size": "912.65"}, {"price": "0.98", "size": "100"}], "hash": "f2d45a2a33f383d0597461550110ab4057a2dc06", "timestamp": "1769384177005", "event_type": "book"}}
{"_local_timestamp": "2026-01-25T23:36:17.102049+00:00", "data": {"market": "0xa1fdcb1d037412c490211e3c359859a6fcef30457293745d6dc243c8ac55e1a4", "asset_id": "91921216559709708073861792307369876971924923433703274234987222594071396962418", "price": "0.45", "size": "10", "fee_rate_bps": "0", "side": "BUY", "timestamp": "1769384177035", "event_type": "last_trade_price", "transaction_hash": "0x852fb75c598d0c9737ac5e36bffa2ca13bdc8cf03764bb1973ab2e11f8bbfe6b"}}
{"_local_timestamp": "2026-01-25T23:36:18.132180+00:00", "data": {"market": "0xa1fdcb1d037412c490211e3c359859a6fcef30457293745d6dc243c8ac55e1a4", "price_changes": [{"asset_id": "91921216559709708073861792307369876971924923433703274234987222594071396962418", "price": "0.45", "size": "27.35", "side": "SELL", "hash": "b2622dd9cf36eaecde9f032a002883c661524cfc", "best_bid": "0.02", "best_ask": "0.45"}, {"asset_id": "79379830998339924164484124438859119377827419320457249874572503658465534610872", "price": "0.55", "size": "27.35", "side": "BUY", "hash": "0002fb9ce159e63ad6c3d4cc6bb35f8bdef9b06a", "best_bid": "0.55", "best_ask": "0.98"}], "timestamp": "1769384178041", "event_type": "price_change"}}
{"_local_timestamp": "2026-01-25T23:36:18.132650+00:00", "data": {"market": "0xa1fdcb1d037412c490211e3c359859a6fcef30457293745d6dc243c8ac55e1a4", "asset_id": "91921216559709708073861792307369876971924923433703274234987222594071396962418", "bids": [{"price": "0.009", "size": "912.65"}, {"price": "0.02", "size": "100"}], "asks": [{"price": "0.999", "size": "974.99"}, {"price": "0.998", "size": "19.99"}, {"price": "0.54", "size": "9.99"}, {"price": "0.45", "size": "27.35"}], "hash": "b2622dd9cf36eaecde9f032a002883c661524cfc", "timestamp": "1769384178041", "event_type": "book"}}
{"_local_timestamp": "2026-01-25T23:36:18.133010+00:00", "data": {"market": "0xa1fdcb1d037412c490211e3c359859a6fcef30457293745d6dc243c8ac55e1a4", "asset_id": "79379830998339924164484124438859119377827419320457249874572503658465534610872", "bids": [{"price": "0.001", "size": "974.99"}, {"price": "0.002", "size": "19.99"}, {"price": "0.46", "size": "9.99"}, {"price": "0.55", "size": "27.35"}], "asks": [{"price": "0.991", "size": "912.65"}, {"price": "0.98", "size": "100"}], "hash": "0002fb9ce159e63ad6c3d4cc6bb35f8bdef9b06a", "timestamp": "1769384178041", "event_type": "book"}}
{"_local_timestamp": "2026-01-25T23:36:18.140504+00:00", "data": {"market": "0xa1fdcb1d037412c490211e3c359859a6fcef30457293745d6dc243c8ac55e1a4", "asset_id": "91921216559709708073861792307369876971924923433703274234987222594071396962418", "price": "0.45", "size": "10", "fee_rate_bps": "0", "side": "BUY", "timestamp": "1769384178070", "event_type": "last_trade_price", "transaction_hash": "0x39d20b91c1ed9025a2d3d73bab5a7264639462c53f775d198d434625012e927b"}}
