{"_local_timestamp": "2026-01-25T23:41:09.915465+00:00", "data": [{"market": "0x9dabf89e641f69bbc54fbf29443d441c86a8447ac5612f1d440d0b921b4c41b1", "asset_id": "111487952848625802151943415785164149636747182942030690213827881618281244143175", "timestamp": "1769384450256", "hash": "05c1e605d3611b6f945f2e622206ca3af5ad5097", "bids": [{"price": "0.01", "size": "1587.93"}, {"price": "0.02", "size": "1400"}, {"price": "0.03", "size": "600"}, {"price": "0.04", "size": "5.1"}, {"price": "0.08", "size": "500"}, {"price": "0.09", "size": "7.18"}, {"price": "0.14", "size": "200"}, {"price": "0.5", "size": "10"}, {"price": "0.51", "size": "500"}, {"price": "0.54", "size": "674.89"}], "asks": [{"price": "0.99", "size": "1573"}, {"price": "0.98", "size": "1405.13"}, {"price": "0.97", "size": "600"}, {"price": "0.96", "size": "6.33"}, {"price": "0.91", "size": "500"}, {"price": "0.9", "size": "5.91"}, {"price": "0.59", "size": "500"}, {"price": "0.58", "size": "11.49"}, {"price": "0.57", "size": "200"}], "event_type": "book", "last_trade_price": "0.550"}, {"market": "0x9dabf89e641f69bbc54fbf29443d441c86a8447ac5612f1d440d0b921b4c41b1", "asset_id": "11324599507324160551950559306031909598257342332614583344083701324926528154057", "timestamp": "1769384450256", "hash": "ec469b125e9cc6f9f5d60f85466b59fc3fdf9e41", "bids": [{"price": "0.01", "size": "1573"}, {"price": "0.02", "size": "1405.13"}, {"price": "0.03", "size": "600"}, {"price": "0.04", "size": "6.33"}, {"price": "0.09", "size": "500"}, {"price": "0.1", "size": "5.91"}, {"price": "0.41", "size": "500"}, {"price": "0.42", "size": "11.49"}, {"price": "0.43", "size": "200"}], "asks": [{"price": "0.99", "size": "1587.93"}, {"price": "0.98", "size": "1400"}, {"price": "0.97", "size": "600"}, {"price": "0.96", "size": "5.1"}, {"price": "0.92", "size": "500"}, {"price": "0.91", "size": "7.18"}, {"price": "0.86", "size": "200"}, {"price": "0.5", "size": "10"}, {"price": "0.49", "size": "500"}, {"price": "0.46", "size": "674.89"}], "event_type": "book", "last_trade_price": "0.550"}]}
{"_local_timestamp": "2026-01-25T23:42:40.554886+00:00", "data": {"market": "0x9dabf89e641f69bbc54fbf29443d441c86a8447ac5612f1d440d0b921b4c41b1", "price_changes": [{"asset_id": "111487952848625802151943415785164149636747182942030690213827881618281244143175", "price": "0.55", "size": "10", "side": "BUY", "hash": "ec157351e1da953bb1b4032a0c535ed7d0c4ef76", "best_bid": "0.55", "best_ask": "0.57"}, {"asset_id": "11324599507324160551950559306031909598257342332614583344083701324926528154057", "price": "0.45", "size": "10", "side": "SELL", "hash": "622036c0461c60afee66dd04ba4ba3d328270ff1", "best_bid": "0.43", "best_ask": "0.45"}], "timestamp": "1769384560416", "event_type": "price_change"}}
{"_local_timestamp": "2026-01-25T23:42:47.402105+00:00", "data": {"market": "0x9dabf89e641f69bbc54fbf29443d441c86a8447ac5612f1d440d0b921b4c41b1", "asset_id": "11324599507324160551950559306031909598257342332614583344083701324926528154057", "price": "0.45", "size": "10", "fee_rate_bps": "0", "side": "BUY", "timestamp": "1769384567280", "event_type": "last_trade_price", "transaction_hash": "0x87326b351ae89c70252eac3bf52f3e1c579f6ecd9a158654a69041201cf5a60d"}}
{"_local_timestamp": "2026-01-25T23:42:47.405018+00:00", "data": {"market": "0x9dabf89e641f69bbc54fbf29443d441c86a8447ac5612f1d440d0b921b4c41b1", "price_changes": [{"asset_id": "111487952848625802151943415785164149636747182942030690213827881618281244143175", "price": "0.55", "size": "0", "side": "BUY", "hash": "517d9fe3ecaa6c20186efe2143318511ad7ae137", "best_bid": "0.54", "best_ask": "0.57"}, {"asset_id": "11324599507324160551950559306031909598257342332614583344083701324926528154057", "price": "0.45", "size": "0", "side": "SELL", "hash": "18e41559417285d4f27d2e5b633ef15903fb0379", "best_bid": "0.43", "best_ask": "0.46"}], "timestamp": "1769384567252", "event_type": "price_change"}}
{"_local_timestamp": "2026-01-25T23:42:47.405528+00:00", "data": {"market": "0x9dabf89e641f69bbc54fbf29443d441c86a8447ac5612f1d440d0b921b4c41b1", "asset_id": "111487952848625802151943415785164149636747182942030690213827881618281244143175", "bids": [{"price": "0.01", "size": "1587.93"}, {"price": "0.02", "size": "1400"}, {"price": "0.03", "size": "600"}, {"price": "0.04", "size": "5.1"}, {"price": "0.08", "size": "500"}, {"price": "0.09", "size": "7.18"}, {"price": "0.14", "size": "200"}, {"price": "0.5", "size": "10"}, {"price": "0.51", "size": "500"}, {"price": "0.54", "size": "674.89"}], "asks": [{"price": "0.99", "size": "1573"}, {"price": "0.98", "size": "1405.13"}, {"price": "0.97", "size": "600"}, {"price": "0.96", "size": "6.33"}, {"price": "0.91", "size": "500"}, {"price": "0.9", "size": "5.91"}, {"price": "0.59", "size": "500"}, {"price": "0.58", "size": "11.49"}, {"price": "0.57", "size": "200"}], "hash": "517d9fe3ecaa6c20186efe2143318511ad7ae137", "timestamp": "1769384567252", "event_type": "book"}}
{"_local_timestamp": "2026-01-25T23:42:47.412099+00:00", "data": {"market": "0x9dabf89e641f69bbc54fbf29443d441c86a8447ac5612f1d440d0b921b4c41b1", "asset_id": "11324599507324160551950559306031909598257342332614583344083701324926528154057", "bids": [{"price": "0.01", "size": "1573"}, {"price": "0.02", "size": "1405.13"}, {"price": "0.03", "size": "600"}, {"price": "0.04", "size": "6.33"}, {"price": "0.09", "size": "500"}, {"price": "0.1", "size": "5.91"}, {"price": "0.41", "size": "500"}, {"price": "0.42", "size": "11.49"}, {"price": "0.43", "size": "200"}], "asks": [{"price": "0.99", "size": "1587.93"}, {"price": "0.98", "size": "1400"}, {"price": "0.97", "size": "600"}, {"price": "0.96", "size": "5.1"}, {"price": "0.92", "size": "500"}, {"price": "0.91", "size": "7.18"}, {"price": "0.86", "size": "200"}, {"price": "0.5", "size": "10"}, {"price": "0.49", "size": "500"}, {"price": "0.46", "size": "674.89"}], "hash": "18e41559417285d4f27d2e5b633ef15903fb0379", "timestamp": "1769384567252", "event_type": "book"}}
{"_local_timestamp": "2026-01-25T23:42:50.603796+00:00", "data": {"market": "0x9dabf89e641f69bbc54fbf29443d441c86a8447ac5612f1d440d0b921b4c41b1", "price_changes": [{"asset_id": "111487952848625802151943415785164149636747182942030690213827881618281244143175", "price": "0.51", "size": "1000", "side": "BUY", "hash": "2ba6a513a534646195dc9101ce43a148530dc213", "best_bid": "0.54", "best_ask": "0.57"}, {"asset_id": "11324599507324160551950559306031909598257342332614583344083701324926528154057", "price": "0.49", "size": "1000", "side": "SELL", "hash": "0c223189f68f72f06010ff6ad9a17d458cce51a5", "best_bid": "0.43", "best_ask": "0.46"}], "timestamp": "1769384570467", "event_type": "price_change"}}
{"_local_timestamp": "2026-01-25T23:42:50.612064+00:00", "data": {"market": "0x9dabf89e641f69bbc54fbf29443d441c86a8447ac5612f1d440d0b921b4c41b1", "price_changes": [{"asset_id": "11324599507324160551950559306031909598257342332614583344083701324926528154057", "price": "0.41", "size": "1000", "side": "BUY", "hash": "8eed403dd724d15269bf1902b2523c41356fe3a3", "best_bid": "0.43", "best_ask": "0.46"}, {"asset_id": "111487952848625802151943415785164149636747182942030690213827881618281244143175", "price": "0.59", "size": "1000", "side": "SELL", "hash": "7124c9fcbacc7c95684fbcea9d6d7c88cd4bae24", "best_bid": "0.54", "best_ask": "0.57"}], "timestamp": "1769384570476", "event_type": "price_change"}}
{"_local_timestamp": "2026-01-25T23:42:51.160702+00:00", "data": {"market": "0x9dabf89e641f69bbc54fbf29443d441c86a8447ac5612f1d440d0b921b4c41b1", "price_changes": [{"asset_id": "111487952848625802151943415785164149636747182942030690213827881618281244143175", "price": "0.51", "size": "500", "side": "BUY", "hash": "644f7da4f7d6cf9ba213f0691b7fd625d1399a7b", "best_bid": "0.54", "best_ask": "0.57"}, {"asset_id": "11324599507324160551950559306031909598257342332614583344083701324926528154057", "price": "0.49", "size": "500", "side": "SELL", "hash": "356d0c5b4be3d81aaedfff3d992ad6f45adf0f6b", "best_bid": "0.43", "best_ask": "0.46"}], "timestamp": "1769384571002", "event_type": "price_change"}}
{"_local_timestamp": "2026-01-25T23:42:51.174670+00:00", "data": {"market": "0x9dabf89e641f69bbc54fbf29443d441c86a8447ac5612f1d440d0b921b4c41b1", "price_changes": [{"asset_id": "11324599507324160551950559306031909598257342332614583344083701324926528154057", "price": "0.41", "size": "500", "side": "BUY", "hash": "29c2e7e4e81cb1ce20b6c158cf460690220cae83", "best_bid": "0.43", "best_ask": "0.46"}, {"asset_id": "111487952848625802151943415785164149636747182942030690213827881618281244143175", "price": "0.59", "size": "500", "side": "SELL", "hash": "d221ed97c8b5a746e46b0a4f427930edfa82fe77", "best_bid": "0.54", "best_ask": "0.57"}], "timestamp": "1769384571003", "event_type": "price_change"}}
