{"_local_timestamp": "2026-01-25T23:34:33.195799+00:00", "data": [{"market": "0xf8e854379e46ac4879707189d2d1688e82f31895cebc7b05de9a186f27e520da", "asset_id": "6029645241392325087194149602767995421878271164837789176551463003408022604241", "timestamp": "1769383661654", "hash": "6185d45272998902fa7bde5101551b3feffaf497", "bids": [{"price": "0.01", "size": "482.93"}, {"price": "0.02", "size": "253.48"}, {"price": "0.03", "size": "17.03"}], "asks": [{"price": "0.99", "size": "476.03"}, {"price": "0.98", "size": "145.03"}, {"price": "0.97", "size": "21.63"}, {"price": "0.96", "size": "5.47"}], "event_type": "book", "last_trade_price": ""}, {"market": "0xf8e854379e46ac4879707189d2d1688e82f31895cebc7b05de9a186f27e520da", "asset_id": "99931562624462130352648819668781971878393756891537127508642869383074373885167", "timestamp": "1769383661654", "hash": "13803e44bbcbb80da7bcc32224b9cfe6334aface", "bids": [{"price": "0.01", "size": "476.03"}, {"price": "0.02", "size": "145.03"}, {"price": "0.03", "size": "21.63"}, {"price": "0.04", "size": "5.47"}], "asks": [{"price": "0.99", "size": "482.93"}, {"price": "0.98", "size": "253.48"}, {"price": "0.97", "size": "17.03"}], "event_type": "book", "last_trade_price": ""}]}
{"_local_timestamp": "2026-01-25T23:35:19.735898+00:00", "data": {"market": "0xf8e854379e46ac4879707189d2d1688e82f31895cebc7b05de9a186f27e520da", "price_changes": [{"asset_id": "99931562624462130352648819668781971878393756891537127508642869383074373885167", "price": "0.03", "size": "6.09", "side": "BUY", "hash": "f957da5dfb91bfb735a5c1bb39268d0929cf7f89", "best_bid": "0.04", "best_ask": "0.97"}, {"asset_id": "6029645241392325087194149602767995421878271164837789176551463003408022604241", "price": "0.97", "size": "6.09", "side": "SELL", "hash": "8d92faa48aa8795ed92e7001dbf41530f842329c", "best_bid": "0.03", "best_ask": "0.96"}], "timestamp": "1769384119530", "event_type": "price_change"}}
{"_local_timestamp": "2026-01-25T23:35:22.410903+00:00", "data": {"market": "0xf8e854379e46ac4879707189d2d1688e82f31895cebc7b05de9a186f27e520da", "price_changes": [{"asset_id": "99931562624462130352648819668781971878393756891537127508642869383074373885167", "price": "0.03", "size": "21.63", "side": "BUY", "hash": "a2e23cc169ee75cece59a52b9e54d4a79e4b792d", "best_bid": "0.04", "best_ask": "0.97"}, {"asset_id": "6029645241392325087194149602767995421878271164837789176551463003408022604241", "price": "0.97", "size": "21.63", "side": "SELL", "hash": "cfe2867c793e5bd9b06cf7bbe21cb125ac92a362", "best_bid": "0.03", "best_ask": "0.96"}], "timestamp": "1769384122208", "event_type": "price_change"}}
{"_local_timestamp": "2026-01-25T23:35:22.902882+00:00", "data": {"market": "0xf8e854379e46ac4879707189d2d1688e82f31895cebc7b05de9a186f27e520da", "price_changes": [{"asset_id": "99931562624462130352648819668781971878393756891537127508642869383074373885167", "price": "0.03", "size": "6.09", "side": "BUY", "hash": "27944b626e9ba4428b822a905e7b8bcaa41e2e8a", "best_bid": "0.04", "best_ask": "0.97"}, {"asset_id": "6029645241392325087194149602767995421878271164837789176551463003408022604241", "price": "0.97", "size": "6.09", "side": "SELL", "hash": "0b3f15f6f806461030db17da0c9ca266522667a9", "best_bid": "0.03", "best_ask": "0.96"}], "timestamp": "1769384122696", "event_type": "price_change"}}
{"_local_timestamp": "2026-01-25T23:35:23.974830+00:00", "data": {"market": "0xf8e854379e46ac4879707189d2d1688e82f31895cebc7b05de9a186f27e520da", "price_changes": [{"asset_id": "99931562624462130352648819668781971878393756891537127508642869383074373885167", "price": "0.04", "size": "17.13", "side": "BUY", "hash": "3ac3d7a2d736ff59022d0e7bde9e10a41af71143", "best_bid": "0.04", "best_ask": "0.97"}, {"asset_id": "6029645241392325087194149602767995421878271164837789176551463003408022604241", "price": "0.96", "size": "17.13", "side": "SELL", "hash": "9d859ecaf8526fe4a1e22e8d5dc325a62af8341c", "best_bid": "0.03", "best_ask": "0.96"}], "timestamp": "1769384123739", "event_type": "price_change"}}
