{"_local_timestamp": "2026-01-25T23:33:58.941522+00:00", "data": [{"market": "0xa1fdcb1d037412c490211e3c359859a6fcef30457293745d6dc243c8ac55e1a4", "asset_id": "91921216559709708073861792307369876971924923433703274234987222594071396962418", "timestamp": "1769384038586", "hash": "3dd69bd3f5b576052097484537615c4dd19c791f", "bids": [{"price": "0.009", "size": "912.65"}, {"price": "0.02", "size": "100"}], "asks": [{"price": "0.999", "size": "975"}, {"price": "0.998", "size": "19.99"}, {"price": "0.997", "size": "25"}, {"price": "0.54", "size": "9.99"}, {"price": "0.539", "size": "10.94"}], "event_type": "book", "last_trade_price": "0.991"}, {"market": "0xa1fdcb1d037412c490211e3c359859a6fcef30457293745d6dc243c8ac55e1a4", "asset_id": "79379830998339924164484124438859119377827419320457249874572503658465534610872", "timestamp": "1769384038586", "hash": "db7de85fabfe61d88887af304e15ee3cd66fbcc9", "bids": [{"price": "0.001", "size": "975"}, {"price": "0.002", "size": "19.99"}, {"price": "0.003", "size": "25"}, {"price": "0.46", "size": "9.99"}, {"price": "0.461", "size": "10.94"}], "asks": [{"price": "0.991", "size": "912.65"}, {"price": "0.98", "size": "100"}], "event_type": "book", "last_trade_price": "0.991"}]}
{"_local_timestamp": "2026-01-25T23:34:17.832878+00:00", "data": {"market": "0xa1fdcb1d037412c490211e3c359859a6fcef30457293745d6dc243c8ac55e1a4", "price_changes": [{"asset_id": "79379830998339924164484124438859119377827419320457249874572503658465534610872", "price": "0.001", "size": "14.99", "side": "BUY", "hash": "19c7009d9deab44f46e686fab2d3ffb69a041c94", "best_bid": "0.461", "best_ask": "0.98"}, {"asset_id": "91921216559709708073861792307369876971924923433703274234987222594071396962418", "price": "0.999", "size": "14.99", "side": "SELL", "hash": "baa2a616ad292de3309f14c03727320f52a42f8a", "best_bid": "0.02", "best_ask": "0.539"}], "timestamp": "1769384057757", "event_type": "price_change"}}
{"_local_timestamp": "2026-01-25T23:34:17.840112+00:00", "data": {"market": "0xa1fdcb1d037412c490211e3c359859a6fcef30457293745d6dc243c8ac55e1a4", "price_changes": [{"asset_id": "79379830998339924164484124438859119377827419320457249874572503658465534610872", "price": "0.002", "size": "0", "side": "BUY", "hash": "19c7009d9deab44f46e686fab2d3ffb69a041c94", "best_bid": "0.461", "best_ask": "0.98"}, {"asset_id": "91921216559709708073861792307369876971924923433703274234987222594071396962418", "price": "0.998", "size": "0", "side": "SELL", "hash": "baa2a616ad292de3309f14c03727320f52a42f8a", "best_bid": "0.02", "best_ask": "0.539"}], "timestamp": "1769384057757", "event_type": "price_change"}}
{"_local_timestamp": "2026-01-25T23:34:18.439614+00:00", "data": {"market": "0xa1fdcb1d037412c490211e3c359859a6fcef30457293745d6dc243c8ac55e1a4", "price_changes": [{"asset_id": "91921216559709708073861792307369876971924923433703274234987222594071396962418", "price": "0.997", "size": "0", "side": "SELL", "hash": "b2c096aef03b75e4b8e96e1d17edbfc61dd7b1be", "best_bid": "0.02", "best_ask": "0.539"}, {"asset_id": "79379830998339924164484124438859119377827419320457249874572503658465534610872", "price": "0.003", "size": "0", "side": "BUY", "hash": "cbaffde002c2e75ddcbd4915b3c34ff4b0cbfd7e", "best_bid": "0.461", "best_ask": "0.98"}], "timestamp": "1769384058371", "event_type": "price_change"}}
{"_local_timestamp": "2026-01-25T23:34:18.482526+00:00", "data": {"market": "0xa1fdcb1d037412c490211e3c359859a6fcef30457293745d6dc243c8ac55e1a4", "price_changes": [{"asset_id": "91921216559709708073861792307369876971924923433703274234987222594071396962418", "price": "0.999", "size": "39.99", "side": "SELL", "hash": "d37a32f7e2194fea35c2b02fb8c462a42e82a631", "best_bid": "0.02", "best_ask": "0.539"}, {"asset_id": "79379830998339924164484124438859119377827419320457249874572503658465534610872", "price": "0.001", "size": "39.99", "side": "BUY", "hash": "943d7eb0c2e31943e0325f70d114ea1a83980a85", "best_bid": "0.461", "best_ask": "0.98"}], "timestamp": "1769384058408", "event_type": "price_change"}}
