{"_local_timestamp": "2026-01-25T23:33:58.941522+00:00", "data": [{"market": "0xa1fdcb1d037412c490211e3c359859a6fcef30457293745d6dc243c8ac55e1a4", "asset_id": "91921216559709708073861792307369876971924923433703274234987222594071396962418", "timestamp": "1769384038586", "hash": "3dd69bd3f5b576052097484537615c4dd19c791f", "bids": [{"price": "0.009", "size": "912.65"}, {"price": "0.02", "size": "100"}], "asks": [{"price": "0.999", "size": "975"}, {"price": "0.998", "size": "19.99"}, {"price": "0.997", "size": "25"}, {"price": "0.54", "size": "9.99"}, {"price": "0.539", "size": "10.94"}], "event_type": "book", "last_trade_price": "0.991"}, {"market": "0xa1fdcb1d037412c490211e3c359859a6fcef30457293745d6dc243c8ac55e1a4", "asset_id": "79379830998339924164484124438859119377827419320457249874572503658465534610872", "timestamp": "1769384038586", "hash": "db7de85fabfe61d88887af304e15ee3cd66fbcc9", "bids": [{"price": "0.001", "size": "975"}, {"price": "0.002", "size": "19.99"}, {"price": "0.003", "size": "25"}, {"price": "0.46", "size": "9.99"}, {"price": "0.461", "size": "10.94"}], "asks": [{"price": "0.991", "size": "912.65"}, {"price": "0.98", "size": "100"}], "event_type": "book", "last_trade_price": "0.991"}]}
{"_local_timestamp": "2026-01-25T23:34:17.832878+00:00", "data": {"market": "0xa1fdcb1d037412c490211e3c359859a6fcef30457293745d6dc243c8ac55e1a4", "price_changes": [{"asset_id": "79379830998339924164484124438859119377827419320457249874572503658465534610872", "price": "0.001", "size": "14.99", "side": "BUY", "hash": "19c7009d9deab44f46e686fab2d3ffb69a041c94", "best_bid": "0.461", "best_ask": "0.98"}, {"asset_id": "91921216559709708073861792307369876971924923433703274234987222594071396962418", "price": "0.999", "size": "14.99", "side": "SELL", "hash": "baa2a616ad292de3309f14c03727320f52a42f8a", "best_bid": "0.02", "best_ask": "0.539"}], "timestamp": "1769384057757", "event_type": "price_change"}}
{"_local_timestamp": "2026-01-25T23:34:17.840112+00:00", "data": {"market": "0xa1fdcb1d037412c490211e3c359859a6fcef30457293745d6dc243c8ac55e1a4", "price_changes": [{"asset_id": "79379830998339924164484124438859119377827419320457249874572503658465534610872", "price": "0.002", "size": "0", "side": "BUY", "hash": "19c7009d9deab44f46e686fab2d3ffb69a041c94", "best_bid": "0.461", "best_ask": "0.98"}, {"asset_id": "91921216559709708073861792307369876971924923433703274234987222594071396962418", "price": "0.998", "size": "0", "side": "SELL", "hash": "baa2a616ad292de3309f14c03727320f52a42f8a", "best_bid": "0.02", "best_ask": "0.539"}], "timestamp": "1769384057757", "event_type": "price_change"}}
{"_local_timestamp": "2026-01-25T23:34:18.439614+00:00", "data": {"market": "0xa1fdcb1d037412c490211e3c359859a6fcef30457293745d6dc243c8ac55e1a4", "price_changes": [{"asset_id": "91921216559709708073861792307369876971924923433703274234987222594071396962418", "price": "0.997", "size": "0", "side": "SELL", "hash": "b2c096aef03b75e4b8e96e1d17edbfc61dd7b1be", "best_bid": "0.02", "best_ask": "0.539"}, {"asset_id": "79379830998339924164484124438859119377827419320457249874572503658465534610872", "price": "0.003", "size": "0", "side": "BUY", "hash": "cbaffde002c2e75ddcbd4915b3c34ff4b0cbfd7e", "best_bid": "0.461", "best_ask": "0.98"}], "timestamp": "1769384058371", "event_type": "price_change"}}
{"_local_timestamp": "2026-01-25T23:34:18.482526+00:00", "data": {"market": "0xa1fdcb1d037412c490211e3c359859a6fcef30457293745d6dc243c8ac55e1a4", "price_changes": [{"asset_id": "91921216559709708073861792307369876971924923433703274234987222594071396962418", "price": "0.999", "size": "39.99", "side": "SELL", "hash": "d37a32f7e2194fea35c2b02fb8c462a42e82a631", "best_bid": "0.02", "best_ask": "0.539"}, {"asset_id": "79379830998339924164484124438859119377827419320457249874572503658465534610872", "price": "0.001", "size": "39.99", "side": "BUY", "hash": "943d7eb0c2e31943e0325f70d114ea1a83980a85", "best_bid": "0.461", "best_ask": "0.98"}], "timestamp": "1769384058408", "event_type": "price_change"}}
{"_local_timestamp": "2026-01-25T23:35:56.813673+00:00", "data": {"market": "0xa1fdcb1d037412c490211e3c359859a6fcef30457293745d6dc243c8ac55e1a4", "price_changes": [{"asset_id": "79379830998339924164484124438859119377827419320457249874572503658465534610872", "price": "0.001", "size": "999.99", "side": "BUY", "hash": "8f8e8a06f43de6cfa3782fc3dc9e023c615f0e25", "best_bid": "0.461", "best_ask": "0.98"}, {"asset_id": "91921216559709708073861792307369876971924923433703274234987222594071396962418", "price": "0.999", "size": "999.99", "side": "SELL", "hash": "2af90df46fbeaf3359aa3762d48ee5aba7aa5b92", "best_bid": "0.02", "best_ask": "0.539"}], "timestamp": "1769384156746", "event_type": "price_change"}}
{"_local_timestamp": "2026-01-25T23:35:56.816475+00:00", "data": {"market": "0xa1fdcb1d037412c490211e3c359859a6fcef30457293745d6dc243c8ac55e1a4", "price_changes": [{"asset_id": "79379830998339924164484124438859119377827419320457249874572503658465534610872", "price": "0.002", "size": "19.99", "side": "BUY", "hash": "f34deca51bf057b86d72d0e9b403d51dd2fc15ff", "best_bid": "0.461", "best_ask": "0.98"}, {"asset_id": "91921216559709708073861792307369876971924923433703274234987222594071396962418", "price": "0.998", "size": "19.99", "side": "SELL", "hash": "95a4bba6b2006c4925b6024314540690421e5af9", "best_bid": "0.02", "best_ask": "0.539"}], "timestamp": "1769384156749", "event_type": "price_change"}}
{"_local_timestamp": "2026-01-25T23:36:05.381013+00:00", "data": {"market": "0xa1fdcb1d037412c490211e3c359859a6fcef30457293745d6dc243c8ac55e1a4", "price_changes": [{"asset_id": "91921216559709708073861792307369876971924923433703274234987222594071396962418", "price": "0.45", "size": "87.35", "side": "SELL", "hash": "ba3c5abbae0673fc9c4c12c87fa5781ec78c98c0", "best_bid": "0.02", "best_ask": "0.45"}, {"asset_id": "79379830998339924164484124438859119377827419320457249874572503658465534610872", "price": "0.55", "size": "87.35", "side": "BUY", "hash": "dcb0789dab8197e1e4221e9a36e2849512e76372", "best_bid": "0.55", "best_ask": "0.98"}], "timestamp": "1769384165312", "event_type": "price_change"}}
{"_local_timestamp": "2026-01-25T23:36:05.526550+00:00", "data": {"market": "0xa1fdcb1d037412c490211e3c359859a6fcef30457293745d6dc243c8ac55e1a4", "price_changes": [{"asset_id": "91921216559709708073861792307369876971924923433703274234987222594071396962418", "price": "0.999", "size": "974.99", "side": "SELL", "hash": "06caa2b5b245da438e7ad5431fb61f3d6e860327", "best_bid": "0.02", "best_ask": "0.45"}, {"asset_id": "79379830998339924164484124438859119377827419320457249874572503658465534610872", "price": "0.001", "size": "974.99", "side": "BUY", "hash": "00c5d1fb0cdfe74c93b3d014bc7d24401123d6cd", "best_bid": "0.55", "best_ask": "0.98"}], "timestamp": "1769384165454", "event_type": "price_change"}}
{"_local_timestamp": "2026-01-25T23:36:05.592842+00:00", "data": {"market": "0xa1fdcb1d037412c490211e3c359859a6fcef30457293745d6dc243c8ac55e1a4", "price_changes": [{"asset_id": "91921216559709708073861792307369876971924923433703274234987222594071396962418", "price": "0.449", "size": "25", "side": "SELL", "hash": "3b1376f5ea7ac494aa5fc1d188e7eb37e270f7f0", "best_bid": "0.02", "best_ask": "0.449"}, {"asset_id": "79379830998339924164484124438859119377827419320457249874572503658465534610872", "price": "0.551", "size": "25", "side": "BUY", "hash": "a6296085f3f414548f8835a0b8df7327e7dc6557", "best_bid": "0.551", "best_ask": "0.98"}], "timestamp": "1769384165524", "event_type": "price_change"}}
{"_local_timestamp": "2026-01-25T23:36:05.754845+00:00", "data": {"market": "0xa1fdcb1d037412c490211e3c359859a6fcef30457293745d6dc243c8ac55e1a4", "price_changes": [{"asset_id": "91921216559709708073861792307369876971924923433703274234987222594071396962418", "price": "0.539", "size": "0", "side": "SELL", "hash": "7916579c6b80d4ddb9c4bf705862fce3d1d98d81", "best_bid": "0.02", "best_ask": "0.449"}, {"asset_id": "79379830998339924164484124438859119377827419320457249874572503658465534610872", "price": "0.461", "size": "0", "side": "BUY", "hash": "7d5590a851ebecbf54928d1964a11d1ea4d2a146", "best_bid": "0.551", "best_ask": "0.98"}], "timestamp": "1769384165689", "event_type": "price_change"}}
{"_local_timestamp": "2026-01-25T23:36:05.828851+00:00", "data": {"market": "0xa1fdcb1d037412c490211e3c359859a6fcef30457293745d6dc243c8ac55e1a4", "price_changes": [{"asset_id": "91921216559709708073861792307369876971924923433703274234987222594071396962418", "price": "0.449", "size": "35.94", "side": "SELL", "hash": "5e60da6b469faed8c9715da90999a500d9cf32ba", "best_bid": "0.02", "best_ask": "0.449"}, {"asset_id": "79379830998339924164484124438859119377827419320457249874572503658465534610872", "price": "0.551", "size": "35.94", "side": "BUY", "hash": "1908ae2428cb8f6520ab05477bfe6cc4eb50e3f1", "best_bid": "0.551", "best_ask": "0.98"}], "timestamp": "1769384165750", "event_type": "price_change"}}
