{"_local_timestamp": "2026-01-25T23:33:24.649685+00:00", "data": [{"market": "0x2f64500bd8486552cede9c823a97ff964c5fdc3b99b4debc07635bd664a5e6bb", "asset_id": "104351871893229928886157725680156149469190309996124878811049759956972739179440", "timestamp": "1769383956614", "hash": "ddb3839875d9a2d5691081820ea69d27d631c181", "bids": [{"price": "0.01", "size": "1500"}, {"price": "0.02", "size": "463.16"}, {"price": "0.03", "size": "255.68"}, {"price": "0.04", "size": "5.94"}, {"price": "0.05", "size": "6.57"}, {"price": "0.06", "size": "311.8"}, {"price": "0.07", "size": "128"}, {"price": "0.08", "size": "103.8"}, {"price": "0.09", "size": "35.9"}], "asks": [{"price": "0.99", "size": "5009.82"}, {"price": "0.98", "size": "2600"}, {"price": "0.97", "size": "8.04"}, {"price": "0.95", "size": "2030"}, {"price": "0.94", "size": "33"}, {"price": "0.92", "size": "300"}, {"price": "0.91", "size": "7.34"}, {"price": "0.88", "size": "325"}, {"price": "0.85", "size": "100"}, {"price": "0.8", "size": "500"}, {"price": "0.79", "size": "200"}, {"price": "0.77", "size": "162"}, {"price": "0.73", "size": "50"}, {"price": "0.66", "size": "50"}, {"price": "0.56", "size": "5"}, {"price": "0.46", "size": "100"}, {"price": "0.45", "size": "100"}, {"price": "0.36", "size": "5"}, {"price": "0.33", "size": "20"}, {"price": "0.25", "size": "1.52"}, {"price": "0.15", "size": "59.99"}, {"price": "0.14", "size": "9.66"}], "event_type": "book", "last_trade_price": "0.080"}, {"market": "0x2f64500bd8486552cede9c823a97ff964c5fdc3b99b4debc07635bd664a5e6bb", "asset_id": "88625925103813993174658950082067106625359472898369545600001079868010434518098", "timestamp": "1769383956614", "hash": "c04dee9e96ab0a4aae62eb9f11030cf78907259d", "bids": [{"price": "0.01", "size": "5009.82"}, {"price": "0.02", "size": "2600"}, {"price": "0.03", "size": "8.04"}, {"price": "0.05", "size": "2030"}, {"price": "0.06", "size": "33"}, {"price": "0.08", "size": "300"}, {"price": "0.09", "size": "7.34"}, {"price": "0.12", "size": "325"}, {"price": "0.15", "size": "100"}, {"price": "0.2", "size": "500"}, {"price": "0.21", "size": "200"}, {"price": "0.23", "size": "162"}, {"price": "0.27", "size": "50"}, {"price": "0.34", "size": "50"}, {"price": "0.44", "size": "5"}, {"price": "0.54", "size": "100"}, {"price": "0.55", "size": "100"}, {"price": "0.64", "size": "5"}, {"price": "0.67", "size": "20"}, {"price": "0.75", "size": "1.52"}, {"price": "0.85", "size": "59.99"}, {"price": "0.86", "size": "9.66"}], "asks": [{"price": "0.99", "size": "1500"}, {"price": "0.98", "size": "463.16"}, {"price": "0.97", "size": "255.68"}, {"price": "0.96", "size": "5.94"}, {"price": "0.95", "size": "6.57"}, {"price": "0.94", "size": "311.8"}, {"price": "0.93", "size": "128"}, {"price": "0.92", "size": "103.8"}, {"price": "0.91", "size": "35.9"}], "event_type": "book", "last_trade_price": "0.080"}]}
{"_local_timestamp": "2026-01-25T23:33:33.410880+00:00", "data": {"market": "0x2f64500bd8486552cede9c823a97ff964c5fdc3b99b4debc07635bd664a5e6bb", "price_changes": [{"asset_id": "88625925103813993174658950082067106625359472898369545600001079868010434518098", "price": "0.34", "size": "0", "side": "BUY", "hash": "3308489ee718d2aea179cdbf7e5413fb3ac2dab7", "best_bid": "0.86", "best_ask": "0.91"}, {"asset_id": "104351871893229928886157725680156149469190309996124878811049759956972739179440", "price": "0.66", "size": "0", "side": "SELL", "hash": "0f9e635a3db08b794268798d3f22add09a3ebeec", "best_bid": "0.09", "best_ask": "0.14"}], "timestamp": "1769384013186", "event_type": "price_change"}}
{"_local_timestamp": "2026-01-25T23:33:33.411523+00:00", "data": {"market": "0x2f64500bd8486552cede9c823a97ff964c5fdc3b99b4debc07635bd664a5e6bb", "price_changes": [{"asset_id": "88625925103813993174658950082067106625359472898369545600001079868010434518098", "price": "0.27", "size": "0", "side": "BUY", "hash": "3308489ee718d2aea179cdbf7e5413fb3ac2dab7", "best_bid": "0.86", "best_ask": "0.91"}, {"asset_id": "104351871893229928886157725680156149469190309996124878811049759956972739179440", "price": "0.73", "size": "0", "side": "SELL", "hash": "0f9e635a3db08b794268798d3f22add09a3ebeec", "best_bid": "0.09", "best_ask": "0.14"}], "timestamp": "1769384013186", "event_type": "price_change"}}
{"_local_timestamp": "2026-01-25T23:33:40.288664+00:00", "data": {"market": "0x2f64500bd8486552cede9c823a97ff964c5fdc3b99b4debc07635bd664a5e6bb", "price_changes": [{"asset_id": "88625925103813993174658950082067106625359472898369545600001079868010434518098", "price": "0.23", "size": "112", "side": "BUY", "hash": "e7ad2e4fd3d9e5e7ce4ae793d77dab9b9d1b63b1", "best_bid": "0.86", "best_ask": "0.91"}, {"asset_id": "104351871893229928886157725680156149469190309996124878811049759956972739179440", "price": "0.77", "size": "112", "side": "SELL", "hash": "d034065d2c42255c48c652db820ca1b2506e9bf6", "best_bid": "0.09", "best_ask": "0.14"}], "timestamp": "1769384020097", "event_type": "price_change"}}
{"_local_timestamp": "2026-01-25T23:33:40.738937+00:00", "data": {"market": "0x2f64500bd8486552cede9c823a97ff964c5fdc3b99b4debc07635bd664a5e6bb", "price_changes": [{"asset_id": "88625925103813993174658950082067106625359472898369545600001079868010434518098", "price": "0.21", "size": "250", "side": "BUY", "hash": "6fdec57a01516f8780738c4f1ce66aa612d363c3", "best_bid": "0.86", "best_ask": "0.91"}, {"asset_id": "104351871893229928886157725680156149469190309996124878811049759956972739179440", "price": "0.79", "size": "250", "side": "SELL", "hash": "7e545de815b3b4783798239aa43436c66644504e", "best_bid": "0.09", "best_ask": "0.14"}], "timestamp": "1769384020546", "event_type": "price_change"}}
{"_local_timestamp": "2026-01-25T23:33:49.918497+00:00", "data": {"market": "0x2f64500bd8486552cede9c823a97ff964c5fdc3b99b4debc07635bd664a5e6bb", "price_changes": [{"asset_id": "104351871893229928886157725680156149469190309996124878811049759956972739179440", "price": "0.03", "size": "250", "side": "BUY", "hash": "ffea2cce1dedeb9b3a989f2266e776a776298169", "best_bid": "0.09", "best_ask": "0.14"}, {"asset_id": "88625925103813993174658950082067106625359472898369545600001079868010434518098", "price": "0.97", "size": "250", "side": "SELL", "hash": "996a5531cc78311a0b5835c98770e23f893f2b41", "best_bid": "0.86", "best_ask": "0.91"}], "timestamp": "1769384029847", "event_type": "price_change"}}
{"_local_timestamp": "2026-01-25T23:33:49.919362+00:00", "data": {"market": "0x2f64500bd8486552cede9c823a97ff964c5fdc3b99b4debc07635bd664a5e6bb", "price_changes": [{"asset_id": "104351871893229928886157725680156149469190309996124878811049759956972739179440", "price": "0.05", "size": "0", "side": "BUY", "hash": "ffea2cce1dedeb9b3a989f2266e776a776298169", "best_bid": "0.09", "best_ask": "0.14"}, {"asset_id": "88625925103813993174658950082067106625359472898369545600001079868010434518098", "price": "0.95", "size": "0", "side": "SELL", "hash": "996a5531cc78311a0b5835c98770e23f893f2b41", "best_bid": "0.86", "best_ask": "0.91"}], "timestamp": "1769384029847", "event_type": "price_change"}}
{"_local_timestamp": "2026-01-25T23:33:50.188121+00:00", "data": {"market": "0x2f64500bd8486552cede9c823a97ff964c5fdc3b99b4debc07635bd664a5e6bb", "price_changes": [{"asset_id": "104351871893229928886157725680156149469190309996124878811049759956972739179440", "price": "0.04", "size": "18.41", "side": "BUY", "hash": "4860c84895af9598f6cf34083513545686732689", "best_bid": "0.09", "best_ask": "0.14"}, {"asset_id": "88625925103813993174658950082067106625359472898369545600001079868010434518098", "price": "0.96", "size": "18.41", "side": "SELL", "hash": "255d3a435be43e696fa6672bf01a7aa3ce7fa7a3", "best_bid": "0.86", "best_ask": "0.91"}], "timestamp": "1769384030119", "event_type": "price_change"}}
{"_local_timestamp": "2026-01-25T23:34:27.842777+00:00", "data": {"market": "0x2f64500bd8486552cede9c823a97ff964c5fdc3b99b4debc07635bd664a5e6bb", "price_changes": [{"asset_id": "88625925103813993174658950082067106625359472898369545600001079868010434518098", "price": "0.21", "size": "150", "side": "BUY", "hash": "c6ed65f160ace611d841c5ce9a37b2fbd0b032c0", "best_bid": "0.86", "best_ask": "0.91"}, {"asset_id": "104351871893229928886157725680156149469190309996124878811049759956972739179440", "price": "0.79", "size": "150", "side": "SELL", "hash": "7c82b16097e8c8ab5235eb64269f9855e78c7016", "best_bid": "0.09", "best_ask": "0.14"}], "timestamp": "1769384067603", "event_type": "price_change"}}
{"_local_timestamp": "2026-01-25T23:34:28.442910+00:00", "data": {"market": "0x2f64500bd8486552cede9c823a97ff964c5fdc3b99b4debc07635bd664a5e6bb", "price_changes": [{"asset_id": "88625925103813993174658950082067106625359472898369545600001079868010434518098", "price": "0.23", "size": "212", "side": "BUY", "hash": "7b77c3f536a366a39c6bc1c83251ac3639799fe7", "best_bid": "0.86", "best_ask": "0.91"}, {"asset_id": "104351871893229928886157725680156149469190309996124878811049759956972739179440", "price": "0.77", "size": "212", "side": "SELL", "hash": "5f615f17ecfed425f95a1f8a6176b169dadd90c0", "best_bid": "0.09", "best_ask": "0.14"}], "timestamp": "1769384068129", "event_type": "price_change"}}
{"_local_timestamp": "2026-01-25T23:35:31.329263+00:00", "data": {"market": "0x2f64500bd8486552cede9c823a97ff964c5fdc3b99b4debc07635bd664a5e6bb", "price_changes": [{"asset_id": "104351871893229928886157725680156149469190309996124878811049759956972739179440", "price": "0.07", "size": "0", "side": "BUY", "hash": "3a1d399726d41919d6cc3ca9b3921d9a31f002cd", "best_bid": "0.09", "best_ask": "0.14"}, {"asset_id": "88625925103813993174658950082067106625359472898369545600001079868010434518098", "price": "0.93", "size": "0", "side": "SELL", "hash": "b6baa3a5f7c14f76108be9539f1e25a7589e7be4", "best_bid": "0.86", "best_ask": "0.91"}], "timestamp": "1769384131242", "event_type": "price_change"}}
