{"_local_timestamp": "2026-01-25T23:34:08.733439+00:00", "data": [{"market": "0xffd42bdce94200f20a38815794379967cb003fc07d11a52b006daaa8895c4ccd", "asset_id": "32313529279983995345948559953987735776425547287737051485964408820888003735396", "timestamp": "1769382224344", "hash": "8698432f96d9b07adb6bdb73e44fd0bd6a360b78", "bids": [{"price": "0.01", "size": "238.16"}, {"price": "0.02", "size": "12.72"}, {"price": "0.03", "size": "66"}, {"price": "0.04", "size": "99"}, {"price": "0.07", "size": "150"}, {"price": "0.4", "size": "100"}, {"price": "0.41", "size": "5"}], "asks": [{"price": "0.99", "size": "186.56"}, {"price": "0.98", "size": "162.33"}, {"price": "0.97", "size": "66"}, {"price": "0.96", "size": "50"}, {"price": "0.95", "size": "60"}], "event_type": "book", "last_trade_price": ""}, {"market": "0x6b33f2cc52bdb8d2674af3330e57c05f73fc3cb1d43270006cab6602d7413f6d", "asset_id": "114742154304737485984861703282756040936876867332826529255531863894447031157922", "timestamp": "1769384011576", "hash": "18a7da528bc88aa35f70639d2c9258e63d383e6a", "bids": [{"price": "0.001", "size": "5702.01"}, {"price": "0.002", "size": "260.95"}, {"price": "0.003", "size": "166"}, {"price": "0.004", "size": "8.12"}, {"price": "0.006", "size": "83"}, {"price": "0.007", "size": "5.82"}, {"price": "0.01", "size": "230"}, {"price": "0.011", "size": "17.43"}, {"price": "0.03", "size": "66"}, {"price": "0.04", "size": "50"}, {"price": "0.046", "size": "147"}, {"price": "0.05", "size": "206"}, {"price": "0.8", "size": "100"}, {"price": "0.801", "size": "100"}, {"price": "0.894", "size": "5"}, {"price": "0.918", "size": "100"}, {"price": "0.923", "size": "5"}, {"price": "0.925", "size": "50"}, {"price": "0.947", "size": "28.56"}, {"price": "0.948", "size": "31.62"}], "asks": [{"price": "0.999", "size": "2490.99"}, {"price": "0.998", "size": "250"}, {"price": "0.994", "size": "77.78"}], "event_type": "book", "last_trade_price": "0.006"}, {"market": "0x77640c96cffdb113707ea06013221eadbe28e4c60962988903c881fb66e010fd", "asset_id": "14223550560275261656746132408108442042604162004680591500952731390788002595413", "timestamp": "1769380869675", "hash": "032c8e09e3235a6fcfa5cccc63d33e6e7e52fa69", "bids": [{"price": "0.01", "size": "238.16"}, {"price": "0.02", "size": "12.72"}, {"price": "0.03", "size": "66"}, {"price": "0.04", "size": "50"}, {"price": "0.05", "size": "60"}, {"price": "0.06", "size": "91.66"}, {"price": "0.12", "size": "200"}, {"price": "0.15", "size": "100"}], "asks": [{"price": "0.99", "size": "337.92"}, {"price": "0.98", "size": "12.2"}, {"price": "0.97", "size": "66"}, {"price": "0.96", "size": "50"}], "event_type": "book", "last_trade_price": ""}, {"market": "0x63fdfe62e98e4dceb528e50001f50f70cef7dd900267da1ae7a524c152de69bc", "asset_id": "109290088256510340174514537471992469877328783853073627487497444768618267365431", "timestamp": "1769384047538", "hash": "affd1c7971f82c04234e628e762d8a2082051356", "bids": [{"price": "0.01", "size": "139.59"}, {"price": "0.02", "size": "10.43"}, {"price": "0.03", "size": "66"}, {"price": "0.04", "size": "50"}, {"price": "0.05", "size": "100"}, {"price": "0.06", "size": "30"}], "asks": [{"price": "0.99", "size": "238.16"}, {"price": "0.98", "size": "11.15"}, {"price": "0.97", "size": "66"}, {"price": "0.96", "size": "50"}, {"price": "0.95", "size": "60"}, {"price": "0.94", "size": "100"}, {"price": "0.65", "size": "150"}, {"price": "0.64", "size": "30"}], "event_type": "book", "last_trade_price": "0.940"}, {"market": "0x6b33f2cc52bdb8d2674af3330e57c05f73fc3cb1d43270006cab6602d7413f6d", "asset_id": "50205367709081436670760916383543800922718776748403189630931362914747252334213", "timestamp": "1769384011576", "hash": "118a9602f067424626ec2bd069ae4a9928c8c1a5", "bids": [{"price": "0.001", "size": "2490.99"}, {"price": "0.002", "size": "250"}, {"price": "0.006", "size": "77.78"}], "asks": [{"price": "0.999", "size": "5702.01"}, {"price": "0.998", "size": "260.95"}, {"price": "0.997", "size": "166"}, {"price": "0.996", "size": "8.12"}, {"price": "0.994", "size": "83"}, {"price": "0.993", "size": "5.82"}, {"price": "0.99", "size": "230"}, {"price": "0.989", "size": "17.43"}, {"price": "0.97", "size": "66"}, {"price": "0.96", "size": "50"}, {"price": "0.954", "size": "147"}, {"price": "0.95", "size": "206"}, {"price": "0.2", "size": "100"}, {"price": "0.199", "size": "100"}, {"price": "0.106", "size": "5"}, {"price": "0.082", "size": "100"}, {"price": "0.077", "size": "5"}, {"price": "0.075", "size": "50"}, {"price": "0.053", "size": "28.56"}, {"price": "0.052", "size": "31.62"}], "event_type": "book", "last_trade_price": "0.006"}, {"market": "0x63fdfe62e98e4dceb528e50001f50f70cef7dd900267da1ae7a524c152de69bc", "asset_id": "114199132545185559034195158103550808368600825764985943489640804088051298277753", "timestamp": "1769384047538", "hash": "aec2280192aa76cf3de80e5013739034163ac5d5", "bids": [{"price": "0.01", "size": "238.16"}, {"price": "0.02", "size": "11.15"}, {"price": "0.03", "size": "66"}, {"price": "0.04", "size": "50"}, {"price": "0.05", "size": "60"}, {"price": "0.06", "size": "100"}, {"price": "0.35", "size": "150"}, {"price": "0.36", "size": "30"}], "asks": [{"price": "0.99", "size": "139.59"}, {"price": "0.98", "size": "10.43"}, {"price": "0.97", "size": "66"}, {"price": "0.96", "size": "50"}, {"price": "0.95", "size": "100"}, {"price": "0.94", "size": "30"}], "event_type": "book", "last_trade_price": "0.940"}, {"market": "0x77640c96cffdb113707ea06013221eadbe28e4c60962988903c881fb66e010fd", "asset_id": "59040499328954684438423770757454959407524799980383177034333165312735533378067", "timestamp": "1769380869675", "hash": "207a13ba1ab57fccf8d13f5e1a0142514903a29b", "bids": [{"price": "0.01", "size": "337.92"}, {"price": "0.02", "size": "12.2"}, {"price": "0.03", "size": "66"}, {"price": "0.04", "size": "50"}], "asks": [{"price": "0.99", "size": "238.16"}, {"price": "0.98", "size": "12.72"}, {"price": "0.97", "size": "66"}, {"price": "0.96", "size": "50"}, {"price": "0.95", "size": "60"}, {"price": "0.94", "size": "91.66"}, {"price": "0.88", "size": "200"}, {"price": "0.85", "size": "100"}], "event_type": "book", "last_trade_price": ""}, {"market": "0x655dbb049614f5ae45a24e73dc80cdaa95e52a32bc385966887454ca2fabe709", "asset_id": "102238862248558742624965647529088379072102787226028272972250328968991603112511", "timestamp": "1769384043933", "hash": "e53bf26adc48c1b805d211a5503006571b49712d", "bids": [{"price": "0.001", "size": "5910.25"}, {"price": "0.002", "size": "38.49"}, {"price": "0.01", "size": "130"}, {"price": "0.011", "size": "13.96"}, {"price": "0.03", "size": "32.74"}], "asks": [{"price": "0.999", "size": "3915.05"}, {"price": "0.998", "size": "47.84"}, {"price": "0.99", "size": "230"}, {"price": "0.989", "size": "19"}, {"price": "0.97", "size": "66"}, {"price": "0.96", "size": "50"}, {"price": "0.95", "size": "60"}, {"price": "0.944", "size": "98.21"}, {"price": "0.491", "size": "195"}, {"price": "0.49", "size": "28.54"}], "event_type": "book", "last_trade_price": "0.030"}, {"market": "0x655dbb049614f5ae45a24e73dc80cdaa95e52a32bc385966887454ca2fabe709", "asset_id": "42417049399582220811777964121299249169055978770761564918016252097270753112454", "timestamp": "1769384043933", "hash": "0487d78cd26fea2be8a6f298353c0466982714ad", "bids": [{"price": "0.001", "size": "3915.05"}, {"price": "0.002", "size": "47.84"}, {"price": "0.01", "size": "230"}, {"price": "0.011", "size": "19"}, {"price": "0.03", "size": "66"}, {"price": "0.04", "size": "50"}, {"price": "0.05", "size": "60"}, {"price": "0.056", "size": "98.21"}, {"price": "0.509", "size": "195"}, {"price": "0.51", "size": "28.54"}], "asks": [{"price": "0.999", "size": "5910.25"}, {"price": "0.998", "size": "38.49"}, {"price": "0.99", "size": "130"}, {"price": "0.989", "size": "13.96"}, {"price": "0.97", "size": "32.74"}], "event_type": "book", "last_trade_price": "0.030"}, {"market": "0xffd42bdce94200f20a38815794379967cb003fc07d11a52b006daaa8895c4ccd", "asset_id": "20683053848530577779129976970679679060310038157022245216788907016410024230878", "timestamp": "1769382224344", "hash": "009204183d4d049343ca8027d9e77b2e2e7664a8", "bids": [{"price": "0.01", "size": "186.56"}, {"price": "0.02", "size": "162.33"}, {"price": "0.03", "size": "66"}, {"price": "0.04", "size": "50"}, {"price": "0.05", "size": "60"}], "asks": [{"price": "0.99", "size": "238.16"}, {"price": "0.98", "size": "12.72"}, {"price": "0.97", "size": "66"}, {"price": "0.96", "size": "99"}, {"price": "0.93", "size": "150"}, {"price": "0.6", "size": "100"}, {"price": "0.59", "size": "5"}], "event_type": "book", "last_trade_price": ""}]}
{"_local_timestamp": "2026-01-25T23:34:09.658809+00:00", "data": {"market": "0x63fdfe62e98e4dceb528e50001f50f70cef7dd900267da1ae7a524c152de69bc", "price_changes": [{"asset_id": "114199132545185559034195158103550808368600825764985943489640804088051298277753", "price": "0.07", "size": "30", "side": "BUY", "hash": "e7ed4d3a9c752e7cfaee9298f3273d2a3758ed88", "best_bid": "0.36", "best_ask": "0.94"}, {"asset_id": "109290088256510340174514537471992469877328783853073627487497444768618267365431", "price": "0.93", "size": "30", "side": "SELL", "hash": "2dd16221bdd0d6379591caec2cefd97db46cc44c", "best_bid": "0.06", "best_ask": "0.64"}], "timestamp": "1769384049584", "event_type": "price_change"}}
{"_local_timestamp": "2026-01-25T23:34:09.945375+00:00", "data": {"market": "0x63fdfe62e98e4dceb528e50001f50f70cef7dd900267da1ae7a524c152de69bc", "price_changes": [{"asset_id": "114199132545185559034195158103550808368600825764985943489640804088051298277753", "price": "0.36", "size": "0", "side": "BUY", "hash": "26f186d98d2304d753e9425518367e0778957485", "best_bid": "0.35", "best_ask": "0.94"}, {"asset_id": "109290088256510340174514537471992469877328783853073627487497444768618267365431", "price": "0.64", "size": "0", "side": "SELL", "hash": "a8bba282e952154a755f0547451c45087dfa3c29", "best_bid": "0.06", "best_ask": "0.65"}], "timestamp": "1769384049868", "event_type": "price_change"}}
{"_local_timestamp": "2026-01-25T23:34:14.926570+00:00", "data": {"market": "0x63fdfe62e98e4dceb528e50001f50f70cef7dd900267da1ae7a524c152de69bc", "price_changes": [{"asset_id": "114199132545185559034195158103550808368600825764985943489640804088051298277753", "price": "0.35", "size": "100", "side": "BUY", "hash": "f3e5c517afba3235ae9ead4bc171a21f1359721b", "best_bid": "0.35", "best_ask": "0.94"}, {"asset_id": "109290088256510340174514537471992469877328783853073627487497444768618267365431", "price": "0.65", "size": "100", "side": "SELL", "hash": "c538580c6da88d48075dab91d1acd35f960d3e21", "best_bid": "0.06", "best_ask": "0.65"}], "timestamp": "1769384054854", "event_type": "price_change"}}
{"_local_timestamp": "2026-01-25T23:34:15.423410+00:00", "data": {"market": "0x63fdfe62e98e4dceb528e50001f50f70cef7dd900267da1ae7a524c152de69bc", "price_changes": [{"asset_id": "114199132545185559034195158103550808368600825764985943489640804088051298277753", "price": "0.32", "size": "200", "side": "BUY", "hash": "1e3e64c97a289833dba50153ebc9adf12e8f7a68", "best_bid": "0.35", "best_ask": "0.94"}, {"asset_id": "109290088256510340174514537471992469877328783853073627487497444768618267365431", "price": "0.68", "size": "200", "side": "SELL", "hash": "b76a1a1a049d35705ba78cf0affdbff3f83d4dd5", "best_bid": "0.06", "best_ask": "0.65"}], "timestamp": "1769384055351", "event_type": "price_change"}}
{"_local_timestamp": "2026-01-25T23:34:20.049684+00:00", "data": {"market": "0x63fdfe62e98e4dceb528e50001f50f70cef7dd900267da1ae7a524c152de69bc", "price_changes": [{"asset_id": "114199132545185559034195158103550808368600825764985943489640804088051298277753", "price": "0.06", "size": "0", "side": "BUY", "hash": "3ac5af0272c088ec2f1eab05e5d0e4266fc45277", "best_bid": "0.35", "best_ask": "0.94"}, {"asset_id": "109290088256510340174514537471992469877328783853073627487497444768618267365431", "price": "0.94", "size": "0", "side": "SELL", "hash": "905f3a28822944e2285890f7e684edd78b986579", "best_bid": "0.06", "best_ask": "0.65"}], "timestamp": "1769384059960", "event_type": "price_change"}}
{"_local_timestamp": "2026-01-25T23:34:20.753986+00:00", "data": {"market": "0x63fdfe62e98e4dceb528e50001f50f70cef7dd900267da1ae7a524c152de69bc", "price_changes": [{"asset_id": "114199132545185559034195158103550808368600825764985943489640804088051298277753", "price": "0.36", "size": "100", "side": "BUY", "hash": "bc038bf94937cd159579eef36ae74e68d436f770", "best_bid": "0.36", "best_ask": "0.94"}, {"asset_id": "109290088256510340174514537471992469877328783853073627487497444768618267365431", "price": "0.64", "size": "100", "side": "SELL", "hash": "d5c5a63988635ab66cecaf3a32ff7d8b3b99c215", "best_bid": "0.06", "best_ask": "0.64"}], "timestamp": "1769384060685", "event_type": "price_change"}}
{"_local_timestamp": "2026-01-25T23:34:21.795738+00:00", "data": {"market": "0x63fdfe62e98e4dceb528e50001f50f70cef7dd900267da1ae7a524c152de69bc", "price_changes": [{"asset_id": "114199132545185559034195158103550808368600825764985943489640804088051298277753", "price": "0.37", "size": "30", "side": "BUY", "hash": "ae6329d94b53de54fe6d79c0130278b3a5cfa0e6", "best_bid": "0.37", "best_ask": "0.94"}, {"asset_id": "109290088256510340174514537471992469877328783853073627487497444768618267365431", "price": "0.63", "size": "30", "side": "SELL", "hash": "53793f70e3250575b88e48a1b948c6fc76cb3720", "best_bid": "0.06", "best_ask": "0.63"}], "timestamp": "1769384061722", "event_type": "price_change"}}
{"_local_timestamp": "2026-01-25T23:34:22.093407+00:00", "data": {"market": "0x63fdfe62e98e4dceb528e50001f50f70cef7dd900267da1ae7a524c152de69bc", "price_changes": [{"asset_id": "114199132545185559034195158103550808368600825764985943489640804088051298277753", "price": "0.07", "size": "0", "side": "BUY", "hash": "76b5969c2a3352079c8cf2440dd5452ff84f4be8", "best_bid": "0.37", "best_ask": "0.94"}, {"asset_id": "109290088256510340174514537471992469877328783853073627487497444768618267365431", "price": "0.93", "size": "0", "side": "SELL", "hash": "2a975468f8d6b562c0049d9b5dc3c94bc6556f8f", "best_bid": "0.06", "best_ask": "0.63"}], "timestamp": "1769384062015", "event_type": "price_change"}}
{"_local_timestamp": "2026-01-25T23:34:23.718408+00:00", "data": {"market": "0x63fdfe62e98e4dceb528e50001f50f70cef7dd900267da1ae7a524c152de69bc", "price_changes": [{"asset_id": "114199132545185559034195158103550808368600825764985943489640804088051298277753", "price": "0.32", "size": "0", "side": "BUY", "hash": "21e9f289e9bbf8c18fde031b55ed4e4b0433a027", "best_bid": "0.37", "best_ask": "0.94"}, {"asset_id": "109290088256510340174514537471992469877328783853073627487497444768618267365431", "price": "0.68", "size": "0", "side": "SELL", "hash": "7dd503415c64c1baf5ea0e354501e3af523b86be", "best_bid": "0.06", "best_ask": "0.63"}], "timestamp": "1769384063645", "event_type": "price_change"}}
{"_local_timestamp": "2026-01-25T23:34:24.181266+00:00", "data": {"market": "0x63fdfe62e98e4dceb528e50001f50f70cef7dd900267da1ae7a524c152de69bc", "price_changes": [{"asset_id": "114199132545185559034195158103550808368600825764985943489640804088051298277753", "price": "0.35", "size": "150", "side": "BUY", "hash": "8b4ed2626db17dab2efdd81c2e825dad9c4a3cd3", "best_bid": "0.37", "best_ask": "0.94"}, {"asset_id": "109290088256510340174514537471992469877328783853073627487497444768618267365431", "price": "0.65", "size": "150", "side": "SELL", "hash": "e3e01dc172df3fd2ad3a735f59b7fadb7591cddc", "best_bid": "0.06", "best_ask": "0.63"}], "timestamp": "1769384064101", "event_type": "price_change"}}
{"_local_timestamp": "2026-01-25T23:34:24.552482+00:00", "data": {"market": "0x63fdfe62e98e4dceb528e50001f50f70cef7dd900267da1ae7a524c152de69bc", "price_changes": [{"asset_id": "114199132545185559034195158103550808368600825764985943489640804088051298277753", "price": "0.36", "size": "0", "side": "BUY", "hash": "34d8c9a8222d54119df33833604ad4e68b5e04f9", "best_bid": "0.37", "best_ask": "0.94"}, {"asset_id": "109290088256510340174514537471992469877328783853073627487497444768618267365431", "price": "0.64", "size": "0", "side": "SELL", "hash": "52fc8e883182b4d75a5b9b4c539436bb7b901d70", "best_bid": "0.06", "best_ask": "0.63"}], "timestamp": "1769384064481", "event_type": "price_change"}}
{"_local_timestamp": "2026-01-25T23:34:25.246123+00:00", "data": {"market": "0x63fdfe62e98e4dceb528e50001f50f70cef7dd900267da1ae7a524c152de69bc", "price_changes": [{"asset_id": "114199132545185559034195158103550808368600825764985943489640804088051298277753", "price": "0.06", "size": "100", "side": "BUY", "hash": "00e6e1c2e44c06ed749c6bb8a1b1da14c0bc6c63", "best_bid": "0.37", "best_ask": "0.94"}, {"asset_id": "109290088256510340174514537471992469877328783853073627487497444768618267365431", "price": "0.94", "size": "100", "side": "SELL", "hash": "1d9e7214ec7e54f9d12002610c583d6c67c3bdd1", "best_bid": "0.06", "best_ask": "0.63"}], "timestamp": "1769384065164", "event_type": "price_change"}}
{"_local_timestamp": "2026-01-25T23:34:27.938592+00:00", "data": {"market": "0x63fdfe62e98e4dceb528e50001f50f70cef7dd900267da1ae7a524c152de69bc", "price_changes": [{"asset_id": "114199132545185559034195158103550808368600825764985943489640804088051298277753", "price": "0.07", "size": "30", "side": "BUY", "hash": "1fd72fc8e47b8378e27300d94e9920e4c9bbf0e7", "best_bid": "0.37", "best_ask": "0.94"}, {"asset_id": "109290088256510340174514537471992469877328783853073627487497444768618267365431", "price": "0.93", "size": "30", "side": "SELL", "hash": "2a544bcb71920d30ab3639740b90727b528fb63b", "best_bid": "0.06", "best_ask": "0.63"}], "timestamp": "1769384067694", "event_type": "price_change"}}
{"_local_timestamp": "2026-01-25T23:34:28.067860+00:00", "data": {"market": "0x63fdfe62e98e4dceb528e50001f50f70cef7dd900267da1ae7a524c152de69bc", "price_changes": [{"asset_id": "114199132545185559034195158103550808368600825764985943489640804088051298277753", "price": "0.37", "size": "0", "side": "BUY", "hash": "089829bce9f8e01f5fb1e6f0e5323f3c6de66c3e", "best_bid": "0.35", "best_ask": "0.94"}, {"asset_id": "109290088256510340174514537471992469877328783853073627487497444768618267365431", "price": "0.63", "size": "0", "side": "SELL", "hash": "20e50d6492b838b29c1d5197fb12be58a5b18c66", "best_bid": "0.06", "best_ask": "0.65"}], "timestamp": "1769384067996", "event_type": "price_change"}}
{"_local_timestamp": "2026-01-25T23:34:32.161573+00:00", "data": {"market": "0x63fdfe62e98e4dceb528e50001f50f70cef7dd900267da1ae7a524c152de69bc", "price_changes": [{"asset_id": "114199132545185559034195158103550808368600825764985943489640804088051298277753", "price": "0.35", "size": "100", "side": "BUY", "hash": "ca50ded8c22e924c213f4d52f2611552831a8e00", "best_bid": "0.35", "best_ask": "0.94"}, {"asset_id": "109290088256510340174514537471992469877328783853073627487497444768618267365431", "price": "0.65", "size": "100", "side": "SELL", "hash": "d2c724c03d98e5b35a18687c06eed92abd3e4148", "best_bid": "0.06", "best_ask": "0.65"}], "timestamp": "1769384072022", "event_type": "price_change"}}
{"_local_timestamp": "2026-01-25T23:34:32.610103+00:00", "data": {"market": "0x63fdfe62e98e4dceb528e50001f50f70cef7dd900267da1ae7a524c152de69bc", "price_changes": [{"asset_id": "114199132545185559034195158103550808368600825764985943489640804088051298277753", "price": "0.32", "size": "200", "side": "BUY", "hash": "cd9c2743d62ffb8ab8a1c1d024ff7f3a9b9bf13d", "best_bid": "0.35", "best_ask": "0.94"}, {"asset_id": "109290088256510340174514537471992469877328783853073627487497444768618267365431", "price": "0.68", "size": "200", "side": "SELL", "hash": "3e352a8d24bfe9134bd7bfa1585099f73c502b55", "best_bid": "0.06", "best_ask": "0.65"}], "timestamp": "1769384072540", "event_type": "price_change"}}
{"_local_timestamp": "2026-01-25T23:34:33.247315+00:00", "data": {"market": "0x63fdfe62e98e4dceb528e50001f50f70cef7dd900267da1ae7a524c152de69bc", "price_changes": [{"asset_id": "114199132545185559034195158103550808368600825764985943489640804088051298277753", "price": "0.06", "size": "0", "side": "BUY", "hash": "e2f7b6c124c055dcc7db4c177569d66d8ae8d61a", "best_bid": "0.35", "best_ask": "0.94"}, {"asset_id": "109290088256510340174514537471992469877328783853073627487497444768618267365431", "price": "0.94", "size": "0", "side": "SELL", "hash": "5e9f534e8adf3af0423f1fcf25abd100f98f6c14", "best_bid": "0.06", "best_ask": "0.65"}], "timestamp": "1769384073178", "event_type": "price_change"}}
{"_local_timestamp": "2026-01-25T23:34:33.743704+00:00", "data": {"market": "0x63fdfe62e98e4dceb528e50001f50f70cef7dd900267da1ae7a524c152de69bc", "price_changes": [{"asset_id": "114199132545185559034195158103550808368600825764985943489640804088051298277753", "price": "0.36", "size": "30", "side": "BUY", "hash": "f49e08bd2ecc5d3f2d94aaeb5ea301186c656564", "best_bid": "0.36", "best_ask": "0.94"}, {"asset_id": "109290088256510340174514537471992469877328783853073627487497444768618267365431", "price": "0.64", "size": "30", "side": "SELL", "hash": "64d9a1c4856efef14e432254458d12c2908af216", "best_bid": "0.06", "best_ask": "0.64"}], "timestamp": "1769384073677", "event_type": "price_change"}}
{"_local_timestamp": "2026-01-25T23:34:33.801008+00:00", "data": {"market": "0x63fdfe62e98e4dceb528e50001f50f70cef7dd900267da1ae7a524c152de69bc", "price_changes": [{"asset_id": "114199132545185559034195158103550808368600825764985943489640804088051298277753", "price": "0.36", "size": "130", "side": "BUY", "hash": "7258cc3e850b5997b61562f4f59c99f430690e1b", "best_bid": "0.36", "best_ask": "0.94"}, {"asset_id": "109290088256510340174514537471992469877328783853073627487497444768618267365431", "price": "0.64", "size": "130", "side": "SELL", "hash": "9b3a0b22a3e722fe30f05af45505328c47c71878", "best_bid": "0.06", "best_ask": "0.64"}], "timestamp": "1769384073726", "event_type": "price_change"}}
{"_local_timestamp": "2026-01-25T23:34:34.103197+00:00", "data": {"market": "0x63fdfe62e98e4dceb528e50001f50f70cef7dd900267da1ae7a524c152de69bc", "price_changes": [{"asset_id": "114199132545185559034195158103550808368600825764985943489640804088051298277753", "price": "0.07", "size": "0", "side": "BUY", "hash": "1fadc452308ba8535e7be34f0206cb76c8901269", "best_bid": "0.36", "best_ask": "0.94"}, {"asset_id": "109290088256510340174514537471992469877328783853073627487497444768618267365431", "price": "0.93", "size": "0", "side": "SELL", "hash": "e40eaa6472b79d008779ba63d605f5b31b255d17", "best_bid": "0.06", "best_ask": "0.64"}], "timestamp": "1769384074024", "event_type": "price_change"}}
{"_local_timestamp": "2026-01-25T23:34:41.583285+00:00", "data": {"market": "0x655dbb049614f5ae45a24e73dc80cdaa95e52a32bc385966887454ca2fabe709", "price_changes": [{"asset_id": "42417049399582220811777964121299249169055978770761564918016252097270753112454", "price": "0.509", "size": "150", "side": "BUY", "hash": "2bff2a4858cc184221ec5c6ff2e8f18f52d7d025", "best_bid": "0.51", "best_ask": "0.97"}, {"asset_id": "102238862248558742624965647529088379072102787226028272972250328968991603112511", "price": "0.491", "size": "150", "side": "SELL", "hash": "95c679921f4ab060fd6fa126cbc13346c81d25f6", "best_bid": "0.03", "best_ask": "0.49"}], "timestamp": "1769384081423", "event_type": "price_change"}}
{"_local_timestamp": "2026-01-25T23:34:42.165329+00:00", "data": {"market": "0x6b33f2cc52bdb8d2674af3330e57c05f73fc3cb1d43270006cab6602d7413f6d", "price_changes": [{"asset_id": "50205367709081436670760916383543800922718776748403189630931362914747252334213", "price": "0.053", "size": "0", "side": "SELL", "hash": "c2bb36b6c87523e862e1cff1d49903bd3f9b492b", "best_bid": "0.006", "best_ask": "0.052"}, {"asset_id": "114742154304737485984861703282756040936876867332826529255531863894447031157922", "price": "0.947", "size": "0", "side": "BUY", "hash": "f5a0704622cc7efa395ea1df38bfa3366a7cf5af", "best_bid": "0.948", "best_ask": "0.994"}], "timestamp": "1769384082082", "event_type": "price_change"}}
{"_local_timestamp": "2026-01-25T23:34:42.567128+00:00", "data": {"market": "0x63fdfe62e98e4dceb528e50001f50f70cef7dd900267da1ae7a524c152de69bc", "price_changes": [{"asset_id": "114199132545185559034195158103550808368600825764985943489640804088051298277753", "price": "0.32", "size": "0", "side": "BUY", "hash": "883f7268349531e7bc2f6cbabfd261eceebe7df9", "best_bid": "0.36", "best_ask": "0.94"}, {"asset_id": "109290088256510340174514537471992469877328783853073627487497444768618267365431", "price": "0.68", "size": "0", "side": "SELL", "hash": "b44bf08dfb2bd80543435ee17dd573ec2eb52f38", "best_bid": "0.06", "best_ask": "0.64"}], "timestamp": "1769384082492", "event_type": "price_change"}}
{"_local_timestamp": "2026-01-25T23:34:42.930735+00:00", "data": {"market": "0x6b33f2cc52bdb8d2674af3330e57c05f73fc3cb1d43270006cab6602d7413f6d", "price_changes": [{"asset_id": "50205367709081436670760916383543800922718776748403189630931362914747252334213", "price": "0.051", "size": "28.56", "side": "SELL", "hash": "f61051a48d38aa94936abf61985321fdd0d33fd8", "best_bid": "0.006", "best_ask": "0.051"}, {"asset_id": "114742154304737485984861703282756040936876867332826529255531863894447031157922", "price": "0.949", "size": "28.56", "side": "BUY", "hash": "6fe4f6a6641b3bf3cb6c3d653d4ce36ec36843fe", "best_bid": "0.949", "best_ask": "0.994"}], "timestamp": "1769384082862", "event_type": "price_change"}}
{"_local_timestamp": "2026-01-25T23:34:43.001318+00:00", "data": {"market": "0x63fdfe62e98e4dceb528e50001f50f70cef7dd900267da1ae7a524c152de69bc", "price_changes": [{"asset_id": "114199132545185559034195158103550808368600825764985943489640804088051298277753", "price": "0.35", "size": "150", "side": "BUY", "hash": "2e5fcfb309426dcfbdd0ec6c01a1348a35894647", "best_bid": "0.36", "best_ask": "0.94"}, {"asset_id": "109290088256510340174514537471992469877328783853073627487497444768618267365431", "price": "0.65", "size": "150", "side": "SELL", "hash": "e11dd713929437c531b6c9294c05b00a7060241d", "best_bid": "0.06", "best_ask": "0.64"}], "timestamp": "1769384082933", "event_type": "price_change"}}
{"_local_timestamp": "2026-01-25T23:34:46.600650+00:00", "data": {"market": "0x63fdfe62e98e4dceb528e50001f50f70cef7dd900267da1ae7a524c152de69bc", "price_changes": [{"asset_id": "114199132545185559034195158103550808368600825764985943489640804088051298277753", "price": "0.36", "size": "30", "side": "BUY", "hash": "5bb9a2a2803c521f6c51a4928ba3ceb1b6c6fd1c", "best_bid": "0.36", "best_ask": "0.94"}, {"asset_id": "109290088256510340174514537471992469877328783853073627487497444768618267365431", "price": "0.64", "size": "30", "side": "SELL", "hash": "bac9842f3621567018e4f86e3e0a885e9aeea625", "best_bid": "0.06", "best_ask": "0.64"}], "timestamp": "1769384086521", "event_type": "price_change"}}
{"_local_timestamp": "2026-01-25T23:34:47.418688+00:00", "data": {"market": "0x63fdfe62e98e4dceb528e50001f50f70cef7dd900267da1ae7a524c152de69bc", "price_changes": [{"asset_id": "114199132545185559034195158103550808368600825764985943489640804088051298277753", "price": "0.06", "size": "100", "side": "BUY", "hash": "4cc1fc0e630fd8dbb0f4922767cd94563883b5e0", "best_bid": "0.36", "best_ask": "0.94"}, {"asset_id": "109290088256510340174514537471992469877328783853073627487497444768618267365431", "price": "0.94", "size": "100", "side": "SELL", "hash": "da708e5cb2b9485a9d87c373b87dd25931358eeb", "best_bid": "0.06", "best_ask": "0.64"}], "timestamp": "1769384087354", "event_type": "price_change"}}
{"_local_timestamp": "2026-01-25T23:34:52.573140+00:00", "data": {"market": "0x63fdfe62e98e4dceb528e50001f50f70cef7dd900267da1ae7a524c152de69bc", "price_changes": [{"asset_id": "114199132545185559034195158103550808368600825764985943489640804088051298277753", "price": "0.07", "size": "30", "side": "BUY", "hash": "957324c8e485451a2fd35f2c7e57002d83df8bdd", "best_bid": "0.36", "best_ask": "0.94"}, {"asset_id": "109290088256510340174514537471992469877328783853073627487497444768618267365431", "price": "0.93", "size": "30", "side": "SELL", "hash": "f79d54c94fb69fbf008dd3b32b8c417a2e6199d3", "best_bid": "0.06", "best_ask": "0.64"}], "timestamp": "1769384092508", "event_type": "price_change"}}
{"_local_timestamp": "2026-01-25T23:34:53.005184+00:00", "data": {"market": "0x63fdfe62e98e4dceb528e50001f50f70cef7dd900267da1ae7a524c152de69bc", "price_changes": [{"asset_id": "114199132545185559034195158103550808368600825764985943489640804088051298277753", "price": "0.36", "size": "0", "side": "BUY", "hash": "a1cf3bf6354fdc0c8f2493e37d602f106866bc6d", "best_bid": "0.35", "best_ask": "0.94"}, {"asset_id": "109290088256510340174514537471992469877328783853073627487497444768618267365431", "price": "0.64", "size": "0", "side": "SELL", "hash": "d2d419a734d65d50b9fb6c5851baa85618dee0cc", "best_bid": "0.06", "best_ask": "0.65"}], "timestamp": "1769384092938", "event_type": "price_change"}}
{"_local_timestamp": "2026-01-25T23:34:54.942236+00:00", "data": {"market": "0x63fdfe62e98e4dceb528e50001f50f70cef7dd900267da1ae7a524c152de69bc", "price_changes": [{"asset_id": "114199132545185559034195158103550808368600825764985943489640804088051298277753", "price": "0.35", "size": "100", "side": "BUY", "hash": "141c85b3bafbf277c8300997dc923aa617d919a4", "best_bid": "0.35", "best_ask": "0.94"}, {"asset_id": "109290088256510340174514537471992469877328783853073627487497444768618267365431", "price": "0.65", "size": "100", "side": "SELL", "hash": "98821b7ca8ba8c633fc782427c03362f8ae249d4", "best_bid": "0.06", "best_ask": "0.65"}], "timestamp": "1769384094877", "event_type": "price_change"}}
{"_local_timestamp": "2026-01-25T23:34:55.537784+00:00", "data": {"market": "0x63fdfe62e98e4dceb528e50001f50f70cef7dd900267da1ae7a524c152de69bc", "price_changes": [{"asset_id": "114199132545185559034195158103550808368600825764985943489640804088051298277753", "price": "0.32", "size": "200", "side": "BUY", "hash": "b61e9f89a797022291926fce58cc8d5f1a7dde84", "best_bid": "0.35", "best_ask": "0.94"}, {"asset_id": "109290088256510340174514537471992469877328783853073627487497444768618267365431", "price": "0.68", "size": "200", "side": "SELL", "hash": "1f6fb0db9a082e1413a0c2e9cc1ef3648ed950d3", "best_bid": "0.06", "best_ask": "0.65"}], "timestamp": "1769384095472", "event_type": "price_change"}}
{"_local_timestamp": "2026-01-25T23:34:55.969589+00:00", "data": {"market": "0x63fdfe62e98e4dceb528e50001f50f70cef7dd900267da1ae7a524c152de69bc", "price_changes": [{"asset_id": "114199132545185559034195158103550808368600825764985943489640804088051298277753", "price": "0.06", "size": "0", "side": "BUY", "hash": "dbe213dd2cd2a6938f549190287abf148a9b8c3a", "best_bid": "0.35", "best_ask": "0.94"}, {"asset_id": "109290088256510340174514537471992469877328783853073627487497444768618267365431", "price": "0.94", "size": "0", "side": "SELL", "hash": "289d636f35732a25cf0fb52b2d4445bbfbe1b33c", "best_bid": "0.06", "best_ask": "0.65"}], "timestamp": "1769384095903", "event_type": "price_change"}}
{"_local_timestamp": "2026-01-25T23:34:56.587114+00:00", "data": {"market": "0x63fdfe62e98e4dceb528e50001f50f70cef7dd900267da1ae7a524c152de69bc", "price_changes": [{"asset_id": "114199132545185559034195158103550808368600825764985943489640804088051298277753", "price": "0.36", "size": "100", "side": "BUY", "hash": "ccb1e90fe956cb0d503e63739a3fd0ee9ed9364a", "best_bid": "0.36", "best_ask": "0.94"}, {"asset_id": "109290088256510340174514537471992469877328783853073627487497444768618267365431", "price": "0.64", "size": "100", "side": "SELL", "hash": "e796e879286dd991a328a24a2cb401e1009a85bc", "best_bid": "0.06", "best_ask": "0.64"}], "timestamp": "1769384096510", "event_type": "price_change"}}
{"_local_timestamp": "2026-01-25T23:34:58.846917+00:00", "data": {"market": "0x63fdfe62e98e4dceb528e50001f50f70cef7dd900267da1ae7a524c152de69bc", "price_changes": [{"asset_id": "114199132545185559034195158103550808368600825764985943489640804088051298277753", "price": "0.37", "size": "30", "side": "BUY", "hash": "1b14c11e65f174be3b93eaf2091628f139b571d4", "best_bid": "0.37", "best_ask": "0.94"}, {"asset_id": "109290088256510340174514537471992469877328783853073627487497444768618267365431", "price": "0.63", "size": "30", "side": "SELL", "hash": "01fa26995648bc061a5623d0653ffc4e321ae67e", "best_bid": "0.06", "best_ask": "0.63"}], "timestamp": "1769384098776", "event_type": "price_change"}}
{"_local_timestamp": "2026-01-25T23:34:59.130522+00:00", "data": {"market": "0x63fdfe62e98e4dceb528e50001f50f70cef7dd900267da1ae7a524c152de69bc", "price_changes": [{"asset_id": "114199132545185559034195158103550808368600825764985943489640804088051298277753", "price": "0.07", "size": "0", "side": "BUY", "hash": "206160a539ec90e043220cf96a1f1d877aa90d95", "best_bid": "0.37", "best_ask": "0.94"}, {"asset_id": "109290088256510340174514537471992469877328783853073627487497444768618267365431", "price": "0.93", "size": "0", "side": "SELL", "hash": "4fae815ec36406026193e1639d38bd37f7fc319f", "best_bid": "0.06", "best_ask": "0.63"}], "timestamp": "1769384099061", "event_type": "price_change"}}
{"_local_timestamp": "2026-01-25T23:35:01.733664+00:00", "data": {"market": "0x63fdfe62e98e4dceb528e50001f50f70cef7dd900267da1ae7a524c152de69bc", "price_changes": [{"asset_id": "114199132545185559034195158103550808368600825764985943489640804088051298277753", "price": "0.32", "size": "0", "side": "BUY", "hash": "9715268a5beebf86a1850ffa54da5e662807cb6d", "best_bid": "0.37", "best_ask": "0.94"}, {"asset_id": "109290088256510340174514537471992469877328783853073627487497444768618267365431", "price": "0.68", "size": "0", "side": "SELL", "hash": "130c5434162e33e8940dfdd5f9ff31e8b8f79378", "best_bid": "0.06", "best_ask": "0.63"}], "timestamp": "1769384101641", "event_type": "price_change"}}
{"_local_timestamp": "2026-01-25T23:35:02.131971+00:00", "data": {"market": "0x63fdfe62e98e4dceb528e50001f50f70cef7dd900267da1ae7a524c152de69bc", "price_changes": [{"asset_id": "114199132545185559034195158103550808368600825764985943489640804088051298277753", "price": "0.35", "size": "150", "side": "BUY", "hash": "f6435c24fc497ca8223797d5c36008e2d38cf260", "best_bid": "0.37", "best_ask": "0.94"}, {"asset_id": "109290088256510340174514537471992469877328783853073627487497444768618267365431", "price": "0.65", "size": "150", "side": "SELL", "hash": "222d80dff1839f0a72e34cdf17983d29bd17dc20", "best_bid": "0.06", "best_ask": "0.63"}], "timestamp": "1769384102067", "event_type": "price_change"}}
{"_local_timestamp": "2026-01-25T23:35:04.504374+00:00", "data": {"market": "0x63fdfe62e98e4dceb528e50001f50f70cef7dd900267da1ae7a524c152de69bc", "price_changes": [{"asset_id": "114199132545185559034195158103550808368600825764985943489640804088051298277753", "price": "0.36", "size": "0", "side": "BUY", "hash": "a118c16bb60367986563a519f070718addc206d5", "best_bid": "0.37", "best_ask": "0.94"}, {"asset_id": "109290088256510340174514537471992469877328783853073627487497444768618267365431", "price": "0.64", "size": "0", "side": "SELL", "hash": "bfff1bfb1a2303215e8faa30877233f2b7880ad1", "best_bid": "0.06", "best_ask": "0.63"}], "timestamp": "1769384104438", "event_type": "price_change"}}
{"_local_timestamp": "2026-01-25T23:35:05.129355+00:00", "data": {"market": "0x63fdfe62e98e4dceb528e50001f50f70cef7dd900267da1ae7a524c152de69bc", "price_changes": [{"asset_id": "114199132545185559034195158103550808368600825764985943489640804088051298277753", "price": "0.06", "size": "100", "side": "BUY", "hash": "ee752addedc3026e97319841350fb61857b43b84", "best_bid": "0.37", "best_ask": "0.94"}, {"asset_id": "109290088256510340174514537471992469877328783853073627487497444768618267365431", "price": "0.94", "size": "100", "side": "SELL", "hash": "4d378232d189fa50b44ec28bca900bbdae0a1286", "best_bid": "0.06", "best_ask": "0.63"}], "timestamp": "1769384105052", "event_type": "price_change"}}
{"_local_timestamp": "2026-01-25T23:35:10.993603+00:00", "data": {"market": "0x63fdfe62e98e4dceb528e50001f50f70cef7dd900267da1ae7a524c152de69bc", "price_changes": [{"asset_id": "114199132545185559034195158103550808368600825764985943489640804088051298277753", "price": "0.07", "size": "30", "side": "BUY", "hash": "fdd8e3becd7080f2619b1f0685e717aa4e8d6a59", "best_bid": "0.37", "best_ask": "0.94"}, {"asset_id": "109290088256510340174514537471992469877328783853073627487497444768618267365431", "price": "0.93", "size": "30", "side": "SELL", "hash": "1a531ff966920a839cc700750140cf7951ceb97d", "best_bid": "0.06", "best_ask": "0.63"}], "timestamp": "1769384110864", "event_type": "price_change"}}
{"_local_timestamp": "2026-01-25T23:35:11.218039+00:00", "data": {"market": "0x63fdfe62e98e4dceb528e50001f50f70cef7dd900267da1ae7a524c152de69bc", "price_changes": [{"asset_id": "114199132545185559034195158103550808368600825764985943489640804088051298277753", "price": "0.37", "size": "0", "side": "BUY", "hash": "5b7f63a85b1d671e03f64a3c19a6c97c49581aec", "best_bid": "0.35", "best_ask": "0.94"}, {"asset_id": "109290088256510340174514537471992469877328783853073627487497444768618267365431", "price": "0.63", "size": "0", "side": "SELL", "hash": "173c74b9d1fb05de64caa3813dfe617ba6f79d6d", "best_bid": "0.06", "best_ask": "0.65"}], "timestamp": "1769384111152", "event_type": "price_change"}}
{"_local_timestamp": "2026-01-25T23:35:14.187900+00:00", "data": {"market": "0x63fdfe62e98e4dceb528e50001f50f70cef7dd900267da1ae7a524c152de69bc", "price_changes": [{"asset_id": "114199132545185559034195158103550808368600825764985943489640804088051298277753", "price": "0.35", "size": "100", "side": "BUY", "hash": "51935593d7ae45c9e11488fa0622f95043c47637", "best_bid": "0.35", "best_ask": "0.94"}, {"asset_id": "109290088256510340174514537471992469877328783853073627487497444768618267365431", "price": "0.65", "size": "100", "side": "SELL", "hash": "12540adfc5fb2374b8f2306a8d5ba1f90a2f3165", "best_bid": "0.06", "best_ask": "0.65"}], "timestamp": "1769384114112", "event_type": "price_change"}}
{"_local_timestamp": "2026-01-25T23:35:14.824273+00:00", "data": {"market": "0x63fdfe62e98e4dceb528e50001f50f70cef7dd900267da1ae7a524c152de69bc", "price_changes": [{"asset_id": "114199132545185559034195158103550808368600825764985943489640804088051298277753", "price": "0.32", "size": "200", "side": "BUY", "hash": "dbe5363dfeb6c801cbf0bf8de37f2663e81bb1f7", "best_bid": "0.35", "best_ask": "0.94"}, {"asset_id": "109290088256510340174514537471992469877328783853073627487497444768618267365431", "price": "0.68", "size": "200", "side": "SELL", "hash": "21ca91398af6c4b59bf18525e3d11fdcb23e0ed1", "best_bid": "0.06", "best_ask": "0.65"}], "timestamp": "1769384114757", "event_type": "price_change"}}
{"_local_timestamp": "2026-01-25T23:35:16.934799+00:00", "data": {"market": "0x63fdfe62e98e4dceb528e50001f50f70cef7dd900267da1ae7a524c152de69bc", "price_changes": [{"asset_id": "114199132545185559034195158103550808368600825764985943489640804088051298277753", "price": "0.36", "size": "30", "side": "BUY", "hash": "0e629f5d3479705e1f03e6ae4a2231e99c650f07", "best_bid": "0.36", "best_ask": "0.94"}, {"asset_id": "109290088256510340174514537471992469877328783853073627487497444768618267365431", "price": "0.64", "size": "30", "side": "SELL", "hash": "063955fbe98aa036d71ed2f8daab2a445fe15759", "best_bid": "0.06", "best_ask": "0.64"}], "timestamp": "1769384116868", "event_type": "price_change"}}
{"_local_timestamp": "2026-01-25T23:35:17.222746+00:00", "data": {"market": "0x63fdfe62e98e4dceb528e50001f50f70cef7dd900267da1ae7a524c152de69bc", "price_changes": [{"asset_id": "114199132545185559034195158103550808368600825764985943489640804088051298277753", "price": "0.07", "size": "0", "side": "BUY", "hash": "9be64abc1fdf7cae15d1baf4022a7378e9f5801d", "best_bid": "0.36", "best_ask": "0.94"}, {"asset_id": "109290088256510340174514537471992469877328783853073627487497444768618267365431", "price": "0.93", "size": "0", "side": "SELL", "hash": "bcace40cf299a3cdc160c9b6acff68a40584b002", "best_bid": "0.06", "best_ask": "0.64"}], "timestamp": "1769384117154", "event_type": "price_change"}}
{"_local_timestamp": "2026-01-25T23:35:17.375065+00:00", "data": {"market": "0x63fdfe62e98e4dceb528e50001f50f70cef7dd900267da1ae7a524c152de69bc", "price_changes": [{"asset_id": "114199132545185559034195158103550808368600825764985943489640804088051298277753", "price": "0.06", "size": "0", "side": "BUY", "hash": "54e6012acbad0c8938ea8c4e24c7608af6a98066", "best_bid": "0.36", "best_ask": "0.94"}, {"asset_id": "109290088256510340174514537471992469877328783853073627487497444768618267365431", "price": "0.94", "size": "0", "side": "SELL", "hash": "007ea83e8e2b208980e3c00b64793fd6102d44e1", "best_bid": "0.06", "best_ask": "0.64"}], "timestamp": "1769384117310", "event_type": "price_change"}}
{"_local_timestamp": "2026-01-25T23:35:17.869967+00:00", "data": {"market": "0x63fdfe62e98e4dceb528e50001f50f70cef7dd900267da1ae7a524c152de69bc", "price_changes": [{"asset_id": "114199132545185559034195158103550808368600825764985943489640804088051298277753", "price": "0.36", "size": "130", "side": "BUY", "hash": "0b9d647d3999b1b33802d356fb8a3ece57490d00", "best_bid": "0.36", "best_ask": "0.94"}, {"asset_id": "109290088256510340174514537471992469877328783853073627487497444768618267365431", "price": "0.64", "size": "130", "side": "SELL", "hash": "11799d05602a31e686e8d2fb104876e860f18822", "best_bid": "0.06", "best_ask": "0.64"}], "timestamp": "1769384117801", "event_type": "price_change"}}
{"_local_timestamp": "2026-01-25T23:35:20.479160+00:00", "data": {"market": "0x63fdfe62e98e4dceb528e50001f50f70cef7dd900267da1ae7a524c152de69bc", "price_changes": [{"asset_id": "114199132545185559034195158103550808368600825764985943489640804088051298277753", "price": "0.32", "size": "0", "side": "BUY", "hash": "8fe46773cee472cddb2a1adfd027e0bb3fab1383", "best_bid": "0.36", "best_ask": "0.94"}, {"asset_id": "109290088256510340174514537471992469877328783853073627487497444768618267365431", "price": "0.68", "size": "0", "side": "SELL", "hash": "27e989aa0e61a2560844107c3bed05a813bc4f7f", "best_bid": "0.06", "best_ask": "0.64"}], "timestamp": "1769384120412", "event_type": "price_change"}}
{"_local_timestamp": "2026-01-25T23:35:21.029638+00:00", "data": {"market": "0x63fdfe62e98e4dceb528e50001f50f70cef7dd900267da1ae7a524c152de69bc", "price_changes": [{"asset_id": "114199132545185559034195158103550808368600825764985943489640804088051298277753", "price": "0.35", "size": "150", "side": "BUY", "hash": "23412090388618eb85a89615d87e79169f2e628b", "best_bid": "0.36", "best_ask": "0.94"}, {"asset_id": "109290088256510340174514537471992469877328783853073627487497444768618267365431", "price": "0.65", "size": "150", "side": "SELL", "hash": "15781887a450616922d47665e331094a09eeaf1d", "best_bid": "0.06", "best_ask": "0.64"}], "timestamp": "1769384120963", "event_type": "price_change"}}
{"_local_timestamp": "2026-01-25T23:35:21.651647+00:00", "data": {"market": "0x63fdfe62e98e4dceb528e50001f50f70cef7dd900267da1ae7a524c152de69bc", "price_changes": [{"asset_id": "114199132545185559034195158103550808368600825764985943489640804088051298277753", "price": "0.36", "size": "30", "side": "BUY", "hash": "3e709fb195d3b952e78f42c9694f71d2ef5b5733", "best_bid": "0.36", "best_ask": "0.94"}, {"asset_id": "109290088256510340174514537471992469877328783853073627487497444768618267365431", "price": "0.64", "size": "30", "side": "SELL", "hash": "3981aabd8adb8e898f0a40d62d60001ea0402644", "best_bid": "0.06", "best_ask": "0.64"}], "timestamp": "1769384121585", "event_type": "price_change"}}
{"_local_timestamp": "2026-01-25T23:35:22.193575+00:00", "data": {"market": "0x63fdfe62e98e4dceb528e50001f50f70cef7dd900267da1ae7a524c152de69bc", "price_changes": [{"asset_id": "114199132545185559034195158103550808368600825764985943489640804088051298277753", "price": "0.06", "size": "100", "side": "BUY", "hash": "385687d6e9c25aa869210794c163e6cd7d0a68b4", "best_bid": "0.36", "best_ask": "0.94"}, {"asset_id": "109290088256510340174514537471992469877328783853073627487497444768618267365431", "price": "0.94", "size": "100", "side": "SELL", "hash": "c4ee0a17876e5edad6a1147e5040d25f5e0e83d9", "best_bid": "0.06", "best_ask": "0.64"}], "timestamp": "1769384122118", "event_type": "price_change"}}
{"_local_timestamp": "2026-01-25T23:35:22.912280+00:00", "data": {"market": "0x63fdfe62e98e4dceb528e50001f50f70cef7dd900267da1ae7a524c152de69bc", "price_changes": [{"asset_id": "114199132545185559034195158103550808368600825764985943489640804088051298277753", "price": "0.07", "size": "30", "side": "BUY", "hash": "9fbfd7117844d45535cbaa90109b9741d4727d06", "best_bid": "0.36", "best_ask": "0.94"}, {"asset_id": "109290088256510340174514537471992469877328783853073627487497444768618267365431", "price": "0.93", "size": "30", "side": "SELL", "hash": "0c41ecf4d4a9856cefd143edbdd257a78612c89d", "best_bid": "0.06", "best_ask": "0.64"}], "timestamp": "1769384122845", "event_type": "price_change"}}
{"_local_timestamp": "2026-01-25T23:35:23.226753+00:00", "data": {"market": "0x63fdfe62e98e4dceb528e50001f50f70cef7dd900267da1ae7a524c152de69bc", "price_changes": [{"asset_id": "114199132545185559034195158103550808368600825764985943489640804088051298277753", "price": "0.36", "size": "0", "side": "BUY", "hash": "201c12652043c99d7018d2b5eed64d19fb4b4f5a", "best_bid": "0.35", "best_ask": "0.94"}, {"asset_id": "109290088256510340174514537471992469877328783853073627487497444768618267365431", "price": "0.64", "size": "0", "side": "SELL", "hash": "3b5a2541a2df0aae965e1ebe25789326353e3e84", "best_bid": "0.06", "best_ask": "0.65"}], "timestamp": "1769384123161", "event_type": "price_change"}}
{"_local_timestamp": "2026-01-25T23:35:26.826902+00:00", "data": {"market": "0x63fdfe62e98e4dceb528e50001f50f70cef7dd900267da1ae7a524c152de69bc", "price_changes": [{"asset_id": "114199132545185559034195158103550808368600825764985943489640804088051298277753", "price": "0.35", "size": "100", "side": "BUY", "hash": "814fb940b4e9395f9cd8b6c5505fb3666d255699", "best_bid": "0.35", "best_ask": "0.94"}, {"asset_id": "109290088256510340174514537471992469877328783853073627487497444768618267365431", "price": "0.65", "size": "100", "side": "SELL", "hash": "749448468c78e8b81c5b84709373a94f1153cbe7", "best_bid": "0.06", "best_ask": "0.65"}], "timestamp": "1769384126641", "event_type": "price_change"}}
{"_local_timestamp": "2026-01-25T23:35:27.337978+00:00", "data": {"market": "0x63fdfe62e98e4dceb528e50001f50f70cef7dd900267da1ae7a524c152de69bc", "price_changes": [{"asset_id": "114199132545185559034195158103550808368600825764985943489640804088051298277753", "price": "0.32", "size": "200", "side": "BUY", "hash": "613a0adae4b4c97294bb35d0dc3c458343877a5a", "best_bid": "0.35", "best_ask": "0.94"}, {"asset_id": "109290088256510340174514537471992469877328783853073627487497444768618267365431", "price": "0.68", "size": "200", "side": "SELL", "hash": "8257f2b2ca96e824e04471819a714c04f96cdbe7", "best_bid": "0.06", "best_ask": "0.65"}], "timestamp": "1769384127134", "event_type": "price_change"}}
{"_local_timestamp": "2026-01-25T23:35:28.846977+00:00", "data": {"market": "0x63fdfe62e98e4dceb528e50001f50f70cef7dd900267da1ae7a524c152de69bc", "price_changes": [{"asset_id": "114199132545185559034195158103550808368600825764985943489640804088051298277753", "price": "0.36", "size": "30", "side": "BUY", "hash": "8179ed0c299607831bc27648b11a9d8afc6cb922", "best_bid": "0.36", "best_ask": "0.94"}, {"asset_id": "109290088256510340174514537471992469877328783853073627487497444768618267365431", "price": "0.64", "size": "30", "side": "SELL", "hash": "8952e8e9a0054b89f6c4d88ba4669cd5abc93553", "best_bid": "0.06", "best_ask": "0.64"}], "timestamp": "1769384128782", "event_type": "price_change"}}
{"_local_timestamp": "2026-01-25T23:35:29.171082+00:00", "data": {"market": "0x63fdfe62e98e4dceb528e50001f50f70cef7dd900267da1ae7a524c152de69bc", "price_changes": [{"asset_id": "114199132545185559034195158103550808368600825764985943489640804088051298277753", "price": "0.07", "size": "0", "side": "BUY", "hash": "1ee4a52acf5b7ebf5d8c1e8b554f335a9c4820a4", "best_bid": "0.36", "best_ask": "0.94"}, {"asset_id": "109290088256510340174514537471992469877328783853073627487497444768618267365431", "price": "0.93", "size": "0", "side": "SELL", "hash": "64860489ee5d6cc8b8690332b152f2a298d62398", "best_bid": "0.06", "best_ask": "0.64"}], "timestamp": "1769384129106", "event_type": "price_change"}}
{"_local_timestamp": "2026-01-25T23:35:30.476586+00:00", "data": {"market": "0x63fdfe62e98e4dceb528e50001f50f70cef7dd900267da1ae7a524c152de69bc", "price_changes": [{"asset_id": "114199132545185559034195158103550808368600825764985943489640804088051298277753", "price": "0.06", "size": "0", "side": "BUY", "hash": "fb65efe0193b04928021423a5980da7bd5a7a3dc", "best_bid": "0.36", "best_ask": "0.94"}, {"asset_id": "109290088256510340174514537471992469877328783853073627487497444768618267365431", "price": "0.94", "size": "0", "side": "SELL", "hash": "eb09a61a840a4df0b7f75516275da5a8c5826b25", "best_bid": "0.06", "best_ask": "0.64"}], "timestamp": "1769384130405", "event_type": "price_change"}}
{"_local_timestamp": "2026-01-25T23:35:31.042431+00:00", "data": {"market": "0x63fdfe62e98e4dceb528e50001f50f70cef7dd900267da1ae7a524c152de69bc", "price_changes": [{"asset_id": "114199132545185559034195158103550808368600825764985943489640804088051298277753", "price": "0.36", "size": "130", "side": "BUY", "hash": "d7653d228d9a38484577481d957aa115179ea587", "best_bid": "0.36", "best_ask": "0.94"}, {"asset_id": "109290088256510340174514537471992469877328783853073627487497444768618267365431", "price": "0.64", "size": "130", "side": "SELL", "hash": "2fa2592f4b913f72e4c839f6204157ae73c03e7e", "best_bid": "0.06", "best_ask": "0.64"}], "timestamp": "1769384130974", "event_type": "price_change"}}
{"_local_timestamp": "2026-01-25T23:35:32.930449+00:00", "data": {"market": "0x63fdfe62e98e4dceb528e50001f50f70cef7dd900267da1ae7a524c152de69bc", "price_changes": [{"asset_id": "114199132545185559034195158103550808368600825764985943489640804088051298277753", "price": "0.32", "size": "0", "side": "BUY", "hash": "7d55d262bb86fce2b23e123b058b5d67be5bef14", "best_bid": "0.36", "best_ask": "0.94"}, {"asset_id": "109290088256510340174514537471992469877328783853073627487497444768618267365431", "price": "0.68", "size": "0", "side": "SELL", "hash": "2d9db716d82556c11f7a7e24b3c6553d108ba9d8", "best_bid": "0.06", "best_ask": "0.64"}], "timestamp": "1769384132854", "event_type": "price_change"}}
{"_local_timestamp": "2026-01-25T23:35:33.410630+00:00", "data": {"market": "0x63fdfe62e98e4dceb528e50001f50f70cef7dd900267da1ae7a524c152de69bc", "price_changes": [{"asset_id": "114199132545185559034195158103550808368600825764985943489640804088051298277753", "price": "0.35", "size": "150", "side": "BUY", "hash": "340ea6bf655cd39e8ce88a38922ccb382d392a3d", "best_bid": "0.36", "best_ask": "0.94"}, {"asset_id": "109290088256510340174514537471992469877328783853073627487497444768618267365431", "price": "0.65", "size": "150", "side": "SELL", "hash": "067788b68ca660224ef09a77b4f2fc439a696c1d", "best_bid": "0.06", "best_ask": "0.64"}], "timestamp": "1769384133345", "event_type": "price_change"}}
{"_local_timestamp": "2026-01-25T23:35:34.796425+00:00", "data": {"market": "0x63fdfe62e98e4dceb528e50001f50f70cef7dd900267da1ae7a524c152de69bc", "price_changes": [{"asset_id": "114199132545185559034195158103550808368600825764985943489640804088051298277753", "price": "0.36", "size": "30", "side": "BUY", "hash": "7fc41c743d060001dd05b5d0de971479703d28e6", "best_bid": "0.36", "best_ask": "0.94"}, {"asset_id": "109290088256510340174514537471992469877328783853073627487497444768618267365431", "price": "0.64", "size": "30", "side": "SELL", "hash": "a1e2a1bb666f2646aa70b162627a5605f44d9a44", "best_bid": "0.06", "best_ask": "0.64"}], "timestamp": "1769384134723", "event_type": "price_change"}}
{"_local_timestamp": "2026-01-25T23:35:35.356875+00:00", "data": {"market": "0x63fdfe62e98e4dceb528e50001f50f70cef7dd900267da1ae7a524c152de69bc", "price_changes": [{"asset_id": "114199132545185559034195158103550808368600825764985943489640804088051298277753", "price": "0.06", "size": "100", "side": "BUY", "hash": "6a7bb767e28d7db2146c4340de4320c0361ef745", "best_bid": "0.36", "best_ask": "0.94"}, {"asset_id": "109290088256510340174514537471992469877328783853073627487497444768618267365431", "price": "0.94", "size": "100", "side": "SELL", "hash": "2a3c531824bac1572e658eecb25c11b2a1d5a723", "best_bid": "0.06", "best_ask": "0.64"}], "timestamp": "1769384135287", "event_type": "price_change"}}
{"_local_timestamp": "2026-01-25T23:35:40.963650+00:00", "data": {"market": "0x63fdfe62e98e4dceb528e50001f50f70cef7dd900267da1ae7a524c152de69bc", "price_changes": [{"asset_id": "114199132545185559034195158103550808368600825764985943489640804088051298277753", "price": "0.07", "size": "30", "side": "BUY", "hash": "81b35be6a0bc7c5481fb406aa6fde0c16ce4e485", "best_bid": "0.36", "best_ask": "0.94"}, {"asset_id": "109290088256510340174514537471992469877328783853073627487497444768618267365431", "price": "0.93", "size": "30", "side": "SELL", "hash": "d8435dd294c41cb6508f4e8fdb888c0d75eb941c", "best_bid": "0.06", "best_ask": "0.64"}], "timestamp": "1769384140898", "event_type": "price_change"}}
{"_local_timestamp": "2026-01-25T23:35:41.276426+00:00", "data": {"market": "0x63fdfe62e98e4dceb528e50001f50f70cef7dd900267da1ae7a524c152de69bc", "price_changes": [{"asset_id": "114199132545185559034195158103550808368600825764985943489640804088051298277753", "price": "0.36", "size": "0", "side": "BUY", "hash": "ec3995ad1ef13354573f6f00da82342a63c5e475", "best_bid": "0.35", "best_ask": "0.94"}, {"asset_id": "109290088256510340174514537471992469877328783853073627487497444768618267365431", "price": "0.64", "size": "0", "side": "SELL", "hash": "41b2a0374d27cbc2bd275aa57cbe70d021312a2a", "best_bid": "0.06", "best_ask": "0.65"}], "timestamp": "1769384141199", "event_type": "price_change"}}
{"_local_timestamp": "2026-01-25T23:35:43.306566+00:00", "data": {"market": "0x63fdfe62e98e4dceb528e50001f50f70cef7dd900267da1ae7a524c152de69bc", "price_changes": [{"asset_id": "114199132545185559034195158103550808368600825764985943489640804088051298277753", "price": "0.35", "size": "100", "side": "BUY", "hash": "fbf319e21e31999c640b0d597435ae98e5eb379a", "best_bid": "0.35", "best_ask": "0.94"}, {"asset_id": "109290088256510340174514537471992469877328783853073627487497444768618267365431", "price": "0.65", "size": "100", "side": "SELL", "hash": "5e4308a8c9bbbb60adbea27470083c9745d7ce24", "best_bid": "0.06", "best_ask": "0.65"}], "timestamp": "1769384143238", "event_type": "price_change"}}
{"_local_timestamp": "2026-01-25T23:35:43.743002+00:00", "data": {"market": "0x63fdfe62e98e4dceb528e50001f50f70cef7dd900267da1ae7a524c152de69bc", "price_changes": [{"asset_id": "114199132545185559034195158103550808368600825764985943489640804088051298277753", "price": "0.32", "size": "200", "side": "BUY", "hash": "b9cbd5157e0b56f5c8941dc89319a40d3a952519", "best_bid": "0.35", "best_ask": "0.94"}, {"asset_id": "109290088256510340174514537471992469877328783853073627487497444768618267365431", "price": "0.68", "size": "200", "side": "SELL", "hash": "7dadb17bdad544c67011e8569072566c0c69403c", "best_bid": "0.06", "best_ask": "0.65"}], "timestamp": "1769384143664", "event_type": "price_change"}}
{"_local_timestamp": "2026-01-25T23:35:46.792199+00:00", "data": {"market": "0x63fdfe62e98e4dceb528e50001f50f70cef7dd900267da1ae7a524c152de69bc", "price_changes": [{"asset_id": "114199132545185559034195158103550808368600825764985943489640804088051298277753", "price": "0.36", "size": "30", "side": "BUY", "hash": "4f13e286d6d254ab2dd2df2d802c7704da5edae1", "best_bid": "0.36", "best_ask": "0.94"}, {"asset_id": "109290088256510340174514537471992469877328783853073627487497444768618267365431", "price": "0.64", "size": "30", "side": "SELL", "hash": "24032a156904f2f4887a1fccde346f6ade3897f5", "best_bid": "0.06", "best_ask": "0.64"}], "timestamp": "1769384146726", "event_type": "price_change"}}
{"_local_timestamp": "2026-01-25T23:35:47.086529+00:00", "data": {"market": "0x63fdfe62e98e4dceb528e50001f50f70cef7dd900267da1ae7a524c152de69bc", "price_changes": [{"asset_id": "114199132545185559034195158103550808368600825764985943489640804088051298277753", "price": "0.07", "size": "0", "side": "BUY", "hash": "6b12808af52bf88347b51011f89e932de6a52883", "best_bid": "0.36", "best_ask": "0.94"}, {"asset_id": "109290088256510340174514537471992469877328783853073627487497444768618267365431", "price": "0.93", "size": "0", "side": "SELL", "hash": "ddd2bc525de41d7c9c5da0f9413f1412f39584c0", "best_bid": "0.06", "best_ask": "0.64"}], "timestamp": "1769384147018", "event_type": "price_change"}}
{"_local_timestamp": "2026-01-25T23:35:47.250837+00:00", "data": {"market": "0x63fdfe62e98e4dceb528e50001f50f70cef7dd900267da1ae7a524c152de69bc", "price_changes": [{"asset_id": "114199132545185559034195158103550808368600825764985943489640804088051298277753", "price": "0.06", "size": "0", "side": "BUY", "hash": "c9c6bafaecf4bc2d1d781185c19bb7d1dbe4f3d2", "best_bid": "0.36", "best_ask": "0.94"}, {"asset_id": "109290088256510340174514537471992469877328783853073627487497444768618267365431", "price": "0.94", "size": "0", "side": "SELL", "hash": "8920b38258209a1fe0b5a53770a0857ac53d9d2b", "best_bid": "0.06", "best_ask": "0.64"}], "timestamp": "1769384147177", "event_type": "price_change"}}
{"_local_timestamp": "2026-01-25T23:35:47.796588+00:00", "data": {"market": "0x63fdfe62e98e4dceb528e50001f50f70cef7dd900267da1ae7a524c152de69bc", "price_changes": [{"asset_id": "114199132545185559034195158103550808368600825764985943489640804088051298277753", "price": "0.36", "size": "130", "side": "BUY", "hash": "c8c6d9b83fc00aa1e84bfab9448ddbe3d441647c", "best_bid": "0.36", "best_ask": "0.94"}, {"asset_id": "109290088256510340174514537471992469877328783853073627487497444768618267365431", "price": "0.64", "size": "130", "side": "SELL", "hash": "28c4502a86100dccb563b74659263db8b5c79cbc", "best_bid": "0.06", "best_ask": "0.64"}], "timestamp": "1769384147730", "event_type": "price_change"}}
{"_local_timestamp": "2026-01-25T23:35:51.574796+00:00", "data": {"market": "0x63fdfe62e98e4dceb528e50001f50f70cef7dd900267da1ae7a524c152de69bc", "price_changes": [{"asset_id": "114199132545185559034195158103550808368600825764985943489640804088051298277753", "price": "0.32", "size": "0", "side": "BUY", "hash": "a124d49286983bf65a37207aee44a23a8d070e3a", "best_bid": "0.36", "best_ask": "0.94"}, {"asset_id": "109290088256510340174514537471992469877328783853073627487497444768618267365431", "price": "0.68", "size": "0", "side": "SELL", "hash": "51f5ec0b05095c2d51cb01b573b80124b6c6a415", "best_bid": "0.06", "best_ask": "0.64"}], "timestamp": "1769384151506", "event_type": "price_change"}}
{"_local_timestamp": "2026-01-25T23:35:52.221161+00:00", "data": {"market": "0x63fdfe62e98e4dceb528e50001f50f70cef7dd900267da1ae7a524c152de69bc", "price_changes": [{"asset_id": "114199132545185559034195158103550808368600825764985943489640804088051298277753", "price": "0.35", "size": "150", "side": "BUY", "hash": "001baa8f39676ddc70aa11f9e6f59973512161cd", "best_bid": "0.36", "best_ask": "0.94"}, {"asset_id": "109290088256510340174514537471992469877328783853073627487497444768618267365431", "price": "0.65", "size": "150", "side": "SELL", "hash": "29caa76ed4b014202c131f4c601f30cc1bda4c18", "best_bid": "0.06", "best_ask": "0.64"}], "timestamp": "1769384152144", "event_type": "price_change"}}
{"_local_timestamp": "2026-01-25T23:35:55.380237+00:00", "data": {"market": "0x63fdfe62e98e4dceb528e50001f50f70cef7dd900267da1ae7a524c152de69bc", "price_changes": [{"asset_id": "114199132545185559034195158103550808368600825764985943489640804088051298277753", "price": "0.36", "size": "30", "side": "BUY", "hash": "473abdaa5cfd2ca4c58f2ace0c7ce2506d830143", "best_bid": "0.36", "best_ask": "0.94"}, {"asset_id": "109290088256510340174514537471992469877328783853073627487497444768618267365431", "price": "0.64", "size": "30", "side": "SELL", "hash": "3a9ac76aa3f42ff8299fb763a9162ed4dfb3960e", "best_bid": "0.06", "best_ask": "0.64"}], "timestamp": "1769384155311", "event_type": "price_change"}}
{"_local_timestamp": "2026-01-25T23:35:55.949711+00:00", "data": {"market": "0x63fdfe62e98e4dceb528e50001f50f70cef7dd900267da1ae7a524c152de69bc", "price_changes": [{"asset_id": "114199132545185559034195158103550808368600825764985943489640804088051298277753", "price": "0.06", "size": "100", "side": "BUY", "hash": "bc98de58352f3de013c583dd1ac23b3f4e569650", "best_bid": "0.36", "best_ask": "0.94"}, {"asset_id": "109290088256510340174514537471992469877328783853073627487497444768618267365431", "price": "0.94", "size": "100", "side": "SELL", "hash": "33d1a774bc56fa729e7563249b639ef8fed75476", "best_bid": "0.06", "best_ask": "0.64"}], "timestamp": "1769384155877", "event_type": "price_change"}}
{"_local_timestamp": "2026-01-25T23:35:58.431040+00:00", "data": {"market": "0x63fdfe62e98e4dceb528e50001f50f70cef7dd900267da1ae7a524c152de69bc", "price_changes": [{"asset_id": "114199132545185559034195158103550808368600825764985943489640804088051298277753", "price": "0.07", "size": "30", "side": "BUY", "hash": "c0762aff862ed9da40494dff9cf2ca76325fc7cc", "best_bid": "0.36", "best_ask": "0.94"}, {"asset_id": "109290088256510340174514537471992469877328783853073627487497444768618267365431", "price": "0.93", "size": "30", "side": "SELL", "hash": "a8c0a4478cff4a644d21e043103267f46a716173", "best_bid": "0.06", "best_ask": "0.64"}], "timestamp": "1769384158362", "event_type": "price_change"}}
{"_local_timestamp": "2026-01-25T23:35:58.711193+00:00", "data": {"market": "0x63fdfe62e98e4dceb528e50001f50f70cef7dd900267da1ae7a524c152de69bc", "price_changes": [{"asset_id": "114199132545185559034195158103550808368600825764985943489640804088051298277753", "price": "0.36", "size": "0", "side": "BUY", "hash": "bcd0583b55c7157b5db88abfd5b0ebf5595fda5a", "best_bid": "0.35", "best_ask": "0.94"}, {"asset_id": "109290088256510340174514537471992469877328783853073627487497444768618267365431", "price": "0.64", "size": "0", "side": "SELL", "hash": "cddef705d4d61b91ecdadc6c60c3b2c5dbcc3976", "best_bid": "0.06", "best_ask": "0.65"}], "timestamp": "1769384158641", "event_type": "price_change"}}
{"_local_timestamp": "2026-01-25T23:36:00.155241+00:00", "data": {"market": "0x63fdfe62e98e4dceb528e50001f50f70cef7dd900267da1ae7a524c152de69bc", "price_changes": [{"asset_id": "114199132545185559034195158103550808368600825764985943489640804088051298277753", "price": "0.35", "size": "0", "side": "BUY", "hash": "b812589976755b20c55f70f2a316cadf0e297205", "best_bid": "0.07", "best_ask": "0.94"}, {"asset_id": "109290088256510340174514537471992469877328783853073627487497444768618267365431", "price": "0.65", "size": "0", "side": "SELL", "hash": "b73930681eae98f612f5d09cecb9727bcb12de34", "best_bid": "0.06", "best_ask": "0.93"}], "timestamp": "1769384160034", "event_type": "price_change"}}
{"_local_timestamp": "2026-01-25T23:36:00.566073+00:00", "data": {"market": "0x63fdfe62e98e4dceb528e50001f50f70cef7dd900267da1ae7a524c152de69bc", "price_changes": [{"asset_id": "114199132545185559034195158103550808368600825764985943489640804088051298277753", "price": "0.33", "size": "200", "side": "BUY", "hash": "b9864d2a642644c1de9ceca10588177d34fc68d7", "best_bid": "0.33", "best_ask": "0.94"}, {"asset_id": "109290088256510340174514537471992469877328783853073627487497444768618267365431", "price": "0.67", "size": "200", "side": "SELL", "hash": "e9367a41ad1eed60ea229063a2febb8d53fb5f21", "best_bid": "0.06", "best_ask": "0.67"}], "timestamp": "1769384160495", "event_type": "price_change"}}
{"_local_timestamp": "2026-01-25T23:36:00.566656+00:00", "data": {"market": "0x63fdfe62e98e4dceb528e50001f50f70cef7dd900267da1ae7a524c152de69bc", "price_changes": [{"asset_id": "114199132545185559034195158103550808368600825764985943489640804088051298277753", "price": "0.36", "size": "100", "side": "BUY", "hash": "fe1c77c1b84c2cc7c6d596afbcf790b5c8015886", "best_bid": "0.36", "best_ask": "0.94"}, {"asset_id": "109290088256510340174514537471992469877328783853073627487497444768618267365431", "price": "0.64", "size": "100", "side": "SELL", "hash": "591e1389f5cebe9098b8a6a5a5465a348e825439", "best_bid": "0.06", "best_ask": "0.64"}], "timestamp": "1769384160495", "event_type": "price_change"}}
{"_local_timestamp": "2026-01-25T23:36:03.841518+00:00", "data": {"market": "0x63fdfe62e98e4dceb528e50001f50f70cef7dd900267da1ae7a524c152de69bc", "price_changes": [{"asset_id": "114199132545185559034195158103550808368600825764985943489640804088051298277753", "price": "0.06", "size": "0", "side": "BUY", "hash": "cc7eab9fb8672fa2a5d94f3713a60a8548badd8b", "best_bid": "0.36", "best_ask": "0.94"}, {"asset_id": "109290088256510340174514537471992469877328783853073627487497444768618267365431", "price": "0.94", "size": "0", "side": "SELL", "hash": "b99774c031be307630f3d8c23a144e32f6940787", "best_bid": "0.06", "best_ask": "0.64"}], "timestamp": "1769384163769", "event_type": "price_change"}}
{"_local_timestamp": "2026-01-25T23:36:04.326627+00:00", "data": {"market": "0x63fdfe62e98e4dceb528e50001f50f70cef7dd900267da1ae7a524c152de69bc", "price_changes": [{"asset_id": "114199132545185559034195158103550808368600825764985943489640804088051298277753", "price": "0.37", "size": "30", "side": "BUY", "hash": "d3e160eb1f67e8fd58f9e3ba45eb4d4023c5b17f", "best_bid": "0.37", "best_ask": "0.94"}, {"asset_id": "109290088256510340174514537471992469877328783853073627487497444768618267365431", "price": "0.63", "size": "30", "side": "SELL", "hash": "90fb65d9dd55ef197d88b7636a877c7ec8a1cb64", "best_bid": "0.06", "best_ask": "0.63"}], "timestamp": "1769384164256", "event_type": "price_change"}}
{"_local_timestamp": "2026-01-25T23:36:04.358486+00:00", "data": {"market": "0x63fdfe62e98e4dceb528e50001f50f70cef7dd900267da1ae7a524c152de69bc", "price_changes": [{"asset_id": "114199132545185559034195158103550808368600825764985943489640804088051298277753", "price": "0.37", "size": "130", "side": "BUY", "hash": "40bc104919410402ce307c674d45d1c901666ed3", "best_bid": "0.37", "best_ask": "0.94"}, {"asset_id": "109290088256510340174514537471992469877328783853073627487497444768618267365431", "price": "0.63", "size": "130", "side": "SELL", "hash": "fd8f4e5f3c8384ca927f332c5d22ded56392354e", "best_bid": "0.06", "best_ask": "0.63"}], "timestamp": "1769384164279", "event_type": "price_change"}}
{"_local_timestamp": "2026-01-25T23:36:04.589114+00:00", "data": {"market": "0x63fdfe62e98e4dceb528e50001f50f70cef7dd900267da1ae7a524c152de69bc", "price_changes": [{"asset_id": "114199132545185559034195158103550808368600825764985943489640804088051298277753", "price": "0.33", "size": "400", "side": "BUY", "hash": "cfeebbdf4c0f92d99c25e4a25a67243b85caf21f", "best_bid": "0.37", "best_ask": "0.94"}, {"asset_id": "109290088256510340174514537471992469877328783853073627487497444768618267365431", "price": "0.67", "size": "400", "side": "SELL", "hash": "91ba81f355753a2ff0c856a3048e97c512bc3e4d", "best_bid": "0.06", "best_ask": "0.63"}], "timestamp": "1769384164523", "event_type": "price_change"}}
{"_local_timestamp": "2026-01-25T23:36:04.589704+00:00", "data": {"market": "0x63fdfe62e98e4dceb528e50001f50f70cef7dd900267da1ae7a524c152de69bc", "price_changes": [{"asset_id": "114199132545185559034195158103550808368600825764985943489640804088051298277753", "price": "0.36", "size": "200", "side": "BUY", "hash": "a32bfecb546864c793543f7723b17cb28fe31499", "best_bid": "0.37", "best_ask": "0.94"}, {"asset_id": "109290088256510340174514537471992469877328783853073627487497444768618267365431", "price": "0.64", "size": "200", "side": "SELL", "hash": "c9264e5aa9b370ff0c14a5b4fe21086c094c9d15", "best_bid": "0.06", "best_ask": "0.63"}], "timestamp": "1769384164523", "event_type": "price_change"}}
{"_local_timestamp": "2026-01-25T23:36:04.875268+00:00", "data": {"market": "0x63fdfe62e98e4dceb528e50001f50f70cef7dd900267da1ae7a524c152de69bc", "price_changes": [{"asset_id": "114199132545185559034195158103550808368600825764985943489640804088051298277753", "price": "0.07", "size": "0", "side": "BUY", "hash": "d8aee06dcd95255f5d6014e1a986ce9bdb318cb6", "best_bid": "0.37", "best_ask": "0.94"}, {"asset_id": "109290088256510340174514537471992469877328783853073627487497444768618267365431", "price": "0.93", "size": "0", "side": "SELL", "hash": "320684f6ee3fdd36ce8807f24da410383398ba34", "best_bid": "0.06", "best_ask": "0.63"}], "timestamp": "1769384164805", "event_type": "price_change"}}
{"_local_timestamp": "2026-01-25T23:36:09.747238+00:00", "data": {"market": "0x63fdfe62e98e4dceb528e50001f50f70cef7dd900267da1ae7a524c152de69bc", "price_changes": [{"asset_id": "114199132545185559034195158103550808368600825764985943489640804088051298277753", "price": "0.33", "size": "0", "side": "BUY", "hash": "f9634cf10ee79f6fc654e64b0393aa8a3e2cc05a", "best_bid": "0.37", "best_ask": "0.94"}, {"asset_id": "109290088256510340174514537471992469877328783853073627487497444768618267365431", "price": "0.67", "size": "0", "side": "SELL", "hash": "2e4f415219d63293df39ca29d6a4ce184072f03f", "best_bid": "0.06", "best_ask": "0.63"}], "timestamp": "1769384169680", "event_type": "price_change"}}
{"_local_timestamp": "2026-01-25T23:36:09.747892+00:00", "data": {"market": "0x63fdfe62e98e4dceb528e50001f50f70cef7dd900267da1ae7a524c152de69bc", "price_changes": [{"asset_id": "114199132545185559034195158103550808368600825764985943489640804088051298277753", "price": "0.36", "size": "100", "side": "BUY", "hash": "f9634cf10ee79f6fc654e64b0393aa8a3e2cc05a", "best_bid": "0.37", "best_ask": "0.94"}, {"asset_id": "109290088256510340174514537471992469877328783853073627487497444768618267365431", "price": "0.64", "size": "100", "side": "SELL", "hash": "2e4f415219d63293df39ca29d6a4ce184072f03f", "best_bid": "0.06", "best_ask": "0.63"}], "timestamp": "1769384169680", "event_type": "price_change"}}
{"_local_timestamp": "2026-01-25T23:36:10.151376+00:00", "data": {"market": "0x63fdfe62e98e4dceb528e50001f50f70cef7dd900267da1ae7a524c152de69bc", "price_changes": [{"asset_id": "114199132545185559034195158103550808368600825764985943489640804088051298277753", "price": "0.36", "size": "150", "side": "BUY", "hash": "81f9894e55be875fbd6bcf1edd48feb95918af81", "best_bid": "0.37", "best_ask": "0.94"}, {"asset_id": "109290088256510340174514537471992469877328783853073627487497444768618267365431", "price": "0.64", "size": "150", "side": "SELL", "hash": "f78fcbc0edb25d34edc67eceb567f3b0bdb524e4", "best_bid": "0.06", "best_ask": "0.63"}], "timestamp": "1769384170080", "event_type": "price_change"}}
{"_local_timestamp": "2026-01-25T23:36:12.360108+00:00", "data": {"market": "0x63fdfe62e98e4dceb528e50001f50f70cef7dd900267da1ae7a524c152de69bc", "price_changes": [{"asset_id": "114199132545185559034195158103550808368600825764985943489640804088051298277753", "price": "0.37", "size": "30", "side": "BUY", "hash": "567b0976aa0dd67ad0cad5f10683f217803afddc", "best_bid": "0.37", "best_ask": "0.94"}, {"asset_id": "109290088256510340174514537471992469877328783853073627487497444768618267365431", "price": "0.63", "size": "30", "side": "SELL", "hash": "442482b38d43d024f12c4ea89374664e2de2464f", "best_bid": "0.06", "best_ask": "0.63"}], "timestamp": "1769384172292", "event_type": "price_change"}}
{"_local_timestamp": "2026-01-25T23:36:12.935728+00:00", "data": {"market": "0x63fdfe62e98e4dceb528e50001f50f70cef7dd900267da1ae7a524c152de69bc", "price_changes": [{"asset_id": "114199132545185559034195158103550808368600825764985943489640804088051298277753", "price": "0.06", "size": "100", "side": "BUY", "hash": "36e995df98ce63dd2e46bbd7b8d1f3b0d77dd4d1", "best_bid": "0.37", "best_ask": "0.94"}, {"asset_id": "109290088256510340174514537471992469877328783853073627487497444768618267365431", "price": "0.94", "size": "100", "side": "SELL", "hash": "c1e850316b1e3402d0eb4c68481a7f440c6cdce1", "best_bid": "0.06", "best_ask": "0.63"}], "timestamp": "1769384172864", "event_type": "price_change"}}
{"_local_timestamp": "2026-01-25T23:36:16.375378+00:00", "data": {"market": "0x63fdfe62e98e4dceb528e50001f50f70cef7dd900267da1ae7a524c152de69bc", "price_changes": [{"asset_id": "114199132545185559034195158103550808368600825764985943489640804088051298277753", "price": "0.07", "size": "30", "side": "BUY", "hash": "7f51717369a5913bf7ec50f8fe4a8dad0942ccca", "best_bid": "0.37", "best_ask": "0.94"}, {"asset_id": "109290088256510340174514537471992469877328783853073627487497444768618267365431", "price": "0.93", "size": "30", "side": "SELL", "hash": "e3ca9df9b8d83fe8bd287c2c09ac5a38a6cfc95b", "best_bid": "0.06", "best_ask": "0.63"}], "timestamp": "1769384176310", "event_type": "price_change"}}
{"_local_timestamp": "2026-01-25T23:36:16.687722+00:00", "data": {"market": "0x63fdfe62e98e4dceb528e50001f50f70cef7dd900267da1ae7a524c152de69bc", "price_changes": [{"asset_id": "114199132545185559034195158103550808368600825764985943489640804088051298277753", "price": "0.37", "size": "0", "side": "BUY", "hash": "0b44a70775ffb72742f54843eb1291a8f81923e1", "best_bid": "0.36", "best_ask": "0.94"}, {"asset_id": "109290088256510340174514537471992469877328783853073627487497444768618267365431", "price": "0.63", "size": "0", "side": "SELL", "hash": "f7e7f31946cbfd622e68fc62cb10a0fa192b5fa0", "best_bid": "0.06", "best_ask": "0.64"}], "timestamp": "1769384176613", "event_type": "price_change"}}
{"_local_timestamp": "2026-01-25T23:36:21.203932+00:00", "data": {"market": "0x63fdfe62e98e4dceb528e50001f50f70cef7dd900267da1ae7a524c152de69bc", "price_changes": [{"asset_id": "114199132545185559034195158103550808368600825764985943489640804088051298277753", "price": "0.36", "size": "100", "side": "BUY", "hash": "792ced2d7c7c339c3835d554c46d35561f134ac9", "best_bid": "0.36", "best_ask": "0.94"}, {"asset_id": "109290088256510340174514537471992469877328783853073627487497444768618267365431", "price": "0.64", "size": "100", "side": "SELL", "hash": "f333bcbe014125517223824d159f1f265f2bef46", "best_bid": "0.06", "best_ask": "0.64"}], "timestamp": "1769384181132", "event_type": "price_change"}}
{"_local_timestamp": "2026-01-25T23:36:21.725231+00:00", "data": {"market": "0x63fdfe62e98e4dceb528e50001f50f70cef7dd900267da1ae7a524c152de69bc", "price_changes": [{"asset_id": "114199132545185559034195158103550808368600825764985943489640804088051298277753", "price": "0.33", "size": "200", "side": "BUY", "hash": "76102f29125bad21768753a38ed52f4288091fe3", "best_bid": "0.36", "best_ask": "0.94"}, {"asset_id": "109290088256510340174514537471992469877328783853073627487497444768618267365431", "price": "0.67", "size": "200", "side": "SELL", "hash": "9ea3b41671c72cb667fb929609636f3e7513f0ce", "best_bid": "0.06", "best_ask": "0.64"}], "timestamp": "1769384181622", "event_type": "price_change"}}
{"_local_timestamp": "2026-01-25T23:36:22.362104+00:00", "data": {"market": "0x63fdfe62e98e4dceb528e50001f50f70cef7dd900267da1ae7a524c152de69bc", "price_changes": [{"asset_id": "114199132545185559034195158103550808368600825764985943489640804088051298277753", "price": "0.37", "size": "30", "side": "BUY", "hash": "f8cd2b583aa8e7751f85f6db391ffe258d6c56b8", "best_bid": "0.37", "best_ask": "0.94"}, {"asset_id": "109290088256510340174514537471992469877328783853073627487497444768618267365431", "price": "0.63", "size": "30", "side": "SELL", "hash": "dd51c4a06bb0dd9d0e2f5a18359efdc97fe5fa9c", "best_bid": "0.06", "best_ask": "0.63"}], "timestamp": "1769384182292", "event_type": "price_change"}}
{"_local_timestamp": "2026-01-25T23:36:22.656309+00:00", "data": {"market": "0x63fdfe62e98e4dceb528e50001f50f70cef7dd900267da1ae7a524c152de69bc", "price_changes": [{"asset_id": "114199132545185559034195158103550808368600825764985943489640804088051298277753", "price": "0.07", "size": "0", "side": "BUY", "hash": "58c251a8e7bca68db9834e9b429eb101cb0e5b5a", "best_bid": "0.37", "best_ask": "0.94"}, {"asset_id": "109290088256510340174514537471992469877328783853073627487497444768618267365431", "price": "0.93", "size": "0", "side": "SELL", "hash": "27e6c57d6444234cf0c6ab8b5361c11184fcd5a3", "best_bid": "0.06", "best_ask": "0.63"}], "timestamp": "1769384182584", "event_type": "price_change"}}
{"_local_timestamp": "2026-01-25T23:36:24.815799+00:00", "data": {"market": "0x63fdfe62e98e4dceb528e50001f50f70cef7dd900267da1ae7a524c152de69bc", "price_changes": [{"asset_id": "114199132545185559034195158103550808368600825764985943489640804088051298277753", "price": "0.06", "size": "0", "side": "BUY", "hash": "b8ed4c6383b3b211f75674d8e9efb6633cdc0a4b", "best_bid": "0.37", "best_ask": "0.94"}, {"asset_id": "109290088256510340174514537471992469877328783853073627487497444768618267365431", "price": "0.94", "size": "0", "side": "SELL", "hash": "00ec649f5ce3b3c66cc4db4f2af9d9b8e64ec517", "best_bid": "0.06", "best_ask": "0.63"}], "timestamp": "1769384184735", "event_type": "price_change"}}
{"_local_timestamp": "2026-01-25T23:36:25.296455+00:00", "data": {"market": "0x63fdfe62e98e4dceb528e50001f50f70cef7dd900267da1ae7a524c152de69bc", "price_changes": [{"asset_id": "114199132545185559034195158103550808368600825764985943489640804088051298277753", "price": "0.37", "size": "130", "side": "BUY", "hash": "b20985cdd535a16fb17a376a718fefba73a81401", "best_bid": "0.37", "best_ask": "0.94"}, {"asset_id": "109290088256510340174514537471992469877328783853073627487497444768618267365431", "price": "0.63", "size": "130", "side": "SELL", "hash": "dbe5bbce55d0d756d3ab41a5fc42a960ce5e928b", "best_bid": "0.06", "best_ask": "0.63"}], "timestamp": "1769384185219", "event_type": "price_change"}}
{"_local_timestamp": "2026-01-25T23:36:29.446704+00:00", "data": {"market": "0x63fdfe62e98e4dceb528e50001f50f70cef7dd900267da1ae7a524c152de69bc", "price_changes": [{"asset_id": "114199132545185559034195158103550808368600825764985943489640804088051298277753", "price": "0.33", "size": "0", "side": "BUY", "hash": "55520a660c3b0c9508cecb3073c613b6dc52945b", "best_bid": "0.37", "best_ask": "0.94"}, {"asset_id": "109290088256510340174514537471992469877328783853073627487497444768618267365431", "price": "0.67", "size": "0", "side": "SELL", "hash": "65abfb5307835cfbf9652bea56f889b42d4ef804", "best_bid": "0.06", "best_ask": "0.63"}], "timestamp": "1769384189375", "event_type": "price_change"}}
{"_local_timestamp": "2026-01-25T23:36:29.922516+00:00", "data": {"market": "0x63fdfe62e98e4dceb528e50001f50f70cef7dd900267da1ae7a524c152de69bc", "price_changes": [{"asset_id": "114199132545185559034195158103550808368600825764985943489640804088051298277753", "price": "0.36", "size": "150", "side": "BUY", "hash": "958688428c4464d340559e3ae00007b29424a7b8", "best_bid": "0.37", "best_ask": "0.94"}, {"asset_id": "109290088256510340174514537471992469877328783853073627487497444768618267365431", "price": "0.64", "size": "150", "side": "SELL", "hash": "dc3cb22ddfadc8f5cecc96d2767eddae0fdc9c7a", "best_bid": "0.06", "best_ask": "0.63"}], "timestamp": "1769384189852", "event_type": "price_change"}}
{"_local_timestamp": "2026-01-25T23:36:33.349249+00:00", "data": {"market": "0x63fdfe62e98e4dceb528e50001f50f70cef7dd900267da1ae7a524c152de69bc", "price_changes": [{"asset_id": "114199132545185559034195158103550808368600825764985943489640804088051298277753", "price": "0.37", "size": "30", "side": "BUY", "hash": "8d1955fd48231b21ffb8d9481a374cbd32edf06d", "best_bid": "0.37", "best_ask": "0.94"}, {"asset_id": "109290088256510340174514537471992469877328783853073627487497444768618267365431", "price": "0.63", "size": "30", "side": "SELL", "hash": "a96b58f519d042cbd67813aeb1a89fe667095a96", "best_bid": "0.06", "best_ask": "0.63"}], "timestamp": "1769384193284", "event_type": "price_change"}}
{"_local_timestamp": "2026-01-25T23:36:33.431004+00:00", "data": {"market": "0x655dbb049614f5ae45a24e73dc80cdaa95e52a32bc385966887454ca2fabe709", "price_changes": [{"asset_id": "42417049399582220811777964121299249169055978770761564918016252097270753112454", "price": "0.509", "size": "0", "side": "BUY", "hash": "0ca8ea552ed8c40a5c96851d1fa840ccea7d3080", "best_bid": "0.51", "best_ask": "0.97"}, {"asset_id": "102238862248558742624965647529088379072102787226028272972250328968991603112511", "price": "0.491", "size": "0", "side": "SELL", "hash": "7af971f6c47202cd893b8e936e6202f29a1b4845", "best_bid": "0.03", "best_ask": "0.49"}], "timestamp": "1769384193360", "event_type": "price_change"}}
{"_local_timestamp": "2026-01-25T23:36:33.964035+00:00", "data": {"market": "0x655dbb049614f5ae45a24e73dc80cdaa95e52a32bc385966887454ca2fabe709", "price_changes": [{"asset_id": "42417049399582220811777964121299249169055978770761564918016252097270753112454", "price": "0.51", "size": "128.54", "side": "BUY", "hash": "637b94c16bcba956cd13b3e7ba803e6233576aec", "best_bid": "0.51", "best_ask": "0.97"}, {"asset_id": "102238862248558742624965647529088379072102787226028272972250328968991603112511", "price": "0.49", "size": "128.54", "side": "SELL", "hash": "49cb79e494a060a09acca99917efa32e46da78e1", "best_bid": "0.03", "best_ask": "0.49"}], "timestamp": "1769384193897", "event_type": "price_change"}}
{"_local_timestamp": "2026-01-25T23:36:33.964789+00:00", "data": {"market": "0x655dbb049614f5ae45a24e73dc80cdaa95e52a32bc385966887454ca2fabe709", "price_changes": [{"asset_id": "42417049399582220811777964121299249169055978770761564918016252097270753112454", "price": "0.48", "size": "200", "side": "BUY", "hash": "9ff6d27ed8fab578684e6c382dee918e1f5ca17b", "best_bid": "0.51", "best_ask": "0.97"}, {"asset_id": "102238862248558742624965647529088379072102787226028272972250328968991603112511", "price": "0.52", "size": "200", "side": "SELL", "hash": "5856098e7609b02725cd5a22d0ebe38894e9f72c", "best_bid": "0.03", "best_ask": "0.49"}], "timestamp": "1769384193898", "event_type": "price_change"}}
{"_local_timestamp": "2026-01-25T23:36:34.076175+00:00", "data": {"market": "0x63fdfe62e98e4dceb528e50001f50f70cef7dd900267da1ae7a524c152de69bc", "price_changes": [{"asset_id": "114199132545185559034195158103550808368600825764985943489640804088051298277753", "price": "0.06", "size": "100", "side": "BUY", "hash": "082225d92ccb5ffc9223953c7f65a0ef16e0c47f", "best_bid": "0.37", "best_ask": "0.94"}, {"asset_id": "109290088256510340174514537471992469877328783853073627487497444768618267365431", "price": "0.94", "size": "100", "side": "SELL", "hash": "5370de6b2b3b90c3dc070d584f8bf82b1f724340", "best_bid": "0.06", "best_ask": "0.63"}], "timestamp": "1769384194003", "event_type": "price_change"}}
{"_local_timestamp": "2026-01-25T23:36:40.141006+00:00", "data": {"market": "0x63fdfe62e98e4dceb528e50001f50f70cef7dd900267da1ae7a524c152de69bc", "price_changes": [{"asset_id": "114199132545185559034195158103550808368600825764985943489640804088051298277753", "price": "0.07", "size": "30", "side": "BUY", "hash": "6c47afe0b99ef8a9b897001df08b3328de384031", "best_bid": "0.37", "best_ask": "0.94"}, {"asset_id": "109290088256510340174514537471992469877328783853073627487497444768618267365431", "price": "0.93", "size": "30", "side": "SELL", "hash": "ee927b3ebb91767d116a563b31a219c3614da262", "best_bid": "0.06", "best_ask": "0.63"}], "timestamp": "1769384200073", "event_type": "price_change"}}
{"_local_timestamp": "2026-01-25T23:36:40.582206+00:00", "data": {"market": "0x63fdfe62e98e4dceb528e50001f50f70cef7dd900267da1ae7a524c152de69bc", "price_changes": [{"asset_id": "114199132545185559034195158103550808368600825764985943489640804088051298277753", "price": "0.37", "size": "0", "side": "BUY", "hash": "f6f6f41d1c94d77818b9716815954a1054ebee8e", "best_bid": "0.36", "best_ask": "0.94"}, {"asset_id": "109290088256510340174514537471992469877328783853073627487497444768618267365431", "price": "0.63", "size": "0", "side": "SELL", "hash": "f1df3118a2159a39f8190e78ffd24ad4b0586ad3", "best_bid": "0.06", "best_ask": "0.64"}], "timestamp": "1769384200506", "event_type": "price_change"}}
{"_local_timestamp": "2026-01-25T23:36:42.130133+00:00", "data": {"market": "0x63fdfe62e98e4dceb528e50001f50f70cef7dd900267da1ae7a524c152de69bc", "price_changes": [{"asset_id": "114199132545185559034195158103550808368600825764985943489640804088051298277753", "price": "0.36", "size": "100", "side": "BUY", "hash": "e98fdc25990ae8452fb20f35819ca436a7eda5a6", "best_bid": "0.36", "best_ask": "0.94"}, {"asset_id": "109290088256510340174514537471992469877328783853073627487497444768618267365431", "price": "0.64", "size": "100", "side": "SELL", "hash": "eea52f94a0ea9caa0ce245955c2fa4ed9bf658c7", "best_bid": "0.06", "best_ask": "0.64"}], "timestamp": "1769384202003", "event_type": "price_change"}}
{"_local_timestamp": "2026-01-25T23:36:42.653560+00:00", "data": {"market": "0x63fdfe62e98e4dceb528e50001f50f70cef7dd900267da1ae7a524c152de69bc", "price_changes": [{"asset_id": "114199132545185559034195158103550808368600825764985943489640804088051298277753", "price": "0.33", "size": "200", "side": "BUY", "hash": "8c6cb89d3b79ded58f810ed46282c88426fdb3b2", "best_bid": "0.36", "best_ask": "0.94"}, {"asset_id": "109290088256510340174514537471992469877328783853073627487497444768618267365431", "price": "0.67", "size": "200", "side": "SELL", "hash": "807d502186198af8a0803c7adabc4e7811967f01", "best_bid": "0.06", "best_ask": "0.64"}], "timestamp": "1769384202517", "event_type": "price_change"}}
{"_local_timestamp": "2026-01-25T23:36:46.260773+00:00", "data": {"market": "0x63fdfe62e98e4dceb528e50001f50f70cef7dd900267da1ae7a524c152de69bc", "price_changes": [{"asset_id": "114199132545185559034195158103550808368600825764985943489640804088051298277753", "price": "0.37", "size": "30", "side": "BUY", "hash": "383e31097942957e4b7477030c159dec8fa7fda4", "best_bid": "0.37", "best_ask": "0.94"}, {"asset_id": "109290088256510340174514537471992469877328783853073627487497444768618267365431", "price": "0.63", "size": "30", "side": "SELL", "hash": "8619a3a732a6173cb3e6a8e7b78f99948646bf3c", "best_bid": "0.06", "best_ask": "0.63"}], "timestamp": "1769384206061", "event_type": "price_change"}}
{"_local_timestamp": "2026-01-25T23:36:46.463727+00:00", "data": {"market": "0x63fdfe62e98e4dceb528e50001f50f70cef7dd900267da1ae7a524c152de69bc", "price_changes": [{"asset_id": "114199132545185559034195158103550808368600825764985943489640804088051298277753", "price": "0.06", "size": "0", "side": "BUY", "hash": "05700b1d9da37fe7bfad030ce4adb67756116f75", "best_bid": "0.37", "best_ask": "0.94"}, {"asset_id": "109290088256510340174514537471992469877328783853073627487497444768618267365431", "price": "0.94", "size": "0", "side": "SELL", "hash": "ccd7dfe04d60c59fe4c5f1a92620195398de1040", "best_bid": "0.06", "best_ask": "0.63"}], "timestamp": "1769384206220", "event_type": "price_change"}}
{"_local_timestamp": "2026-01-25T23:36:46.531688+00:00", "data": {"market": "0x63fdfe62e98e4dceb528e50001f50f70cef7dd900267da1ae7a524c152de69bc", "price_changes": [{"asset_id": "114199132545185559034195158103550808368600825764985943489640804088051298277753", "price": "0.07", "size": "0", "side": "BUY", "hash": "10a09e8b6d63a48db789c8fb0af5b4285228c673", "best_bid": "0.37", "best_ask": "0.94"}, {"asset_id": "109290088256510340174514537471992469877328783853073627487497444768618267365431", "price": "0.93", "size": "0", "side": "SELL", "hash": "5cc4e000c52141b4e2e0424b5fbe089f892d14c8", "best_bid": "0.06", "best_ask": "0.63"}], "timestamp": "1769384206334", "event_type": "price_change"}}
{"_local_timestamp": "2026-01-25T23:36:46.966951+00:00", "data": {"market": "0x63fdfe62e98e4dceb528e50001f50f70cef7dd900267da1ae7a524c152de69bc", "price_changes": [{"asset_id": "114199132545185559034195158103550808368600825764985943489640804088051298277753", "price": "0.37", "size": "130", "side": "BUY", "hash": "182025c36497c40dcd0cbed080a9ca13a0a4adcc", "best_bid": "0.37", "best_ask": "0.94"}, {"asset_id": "109290088256510340174514537471992469877328783853073627487497444768618267365431", "price": "0.63", "size": "130", "side": "SELL", "hash": "8a176abc4ef50e5ab2419b94b2ae062646c24c9d", "best_bid": "0.06", "best_ask": "0.63"}], "timestamp": "1769384206799", "event_type": "price_change"}}
{"_local_timestamp": "2026-01-25T23:36:47.297482+00:00", "data": {"market": "0x63fdfe62e98e4dceb528e50001f50f70cef7dd900267da1ae7a524c152de69bc", "price_changes": [{"asset_id": "114199132545185559034195158103550808368600825764985943489640804088051298277753", "price": "0.33", "size": "0", "side": "BUY", "hash": "83f63843f0faf2dd98b6e1e9b1b3cb8348aeb960", "best_bid": "0.37", "best_ask": "0.94"}, {"asset_id": "109290088256510340174514537471992469877328783853073627487497444768618267365431", "price": "0.67", "size": "0", "side": "SELL", "hash": "7e3bd093ef25a307255df956ab0cca3c37dd5c34", "best_bid": "0.06", "best_ask": "0.63"}], "timestamp": "1769384207116", "event_type": "price_change"}}
{"_local_timestamp": "2026-01-25T23:36:47.658221+00:00", "data": {"market": "0x63fdfe62e98e4dceb528e50001f50f70cef7dd900267da1ae7a524c152de69bc", "price_changes": [{"asset_id": "114199132545185559034195158103550808368600825764985943489640804088051298277753", "price": "0.36", "size": "150", "side": "BUY", "hash": "2b669729abd4ceaa863d8cffad9c0c87d38be5ea", "best_bid": "0.37", "best_ask": "0.94"}, {"asset_id": "109290088256510340174514537471992469877328783853073627487497444768618267365431", "price": "0.64", "size": "150", "side": "SELL", "hash": "b79e84267e3c65d55dfcd5f8e8bcfe6328c8481c", "best_bid": "0.06", "best_ask": "0.63"}], "timestamp": "1769384207503", "event_type": "price_change"}}
{"_local_timestamp": "2026-01-25T23:36:51.034110+00:00", "data": {"market": "0x63fdfe62e98e4dceb528e50001f50f70cef7dd900267da1ae7a524c152de69bc", "price_changes": [{"asset_id": "114199132545185559034195158103550808368600825764985943489640804088051298277753", "price": "0.37", "size": "30", "side": "BUY", "hash": "2fcdd9b4ca811a1f7457f885403b7c155377faf8", "best_bid": "0.37", "best_ask": "0.94"}, {"asset_id": "109290088256510340174514537471992469877328783853073627487497444768618267365431", "price": "0.63", "size": "30", "side": "SELL", "hash": "0da9ffe53c3cd8cbbdc4f82b93293a2232473e5e", "best_bid": "0.06", "best_ask": "0.63"}], "timestamp": "1769384210882", "event_type": "price_change"}}
{"_local_timestamp": "2026-01-25T23:36:51.750363+00:00", "data": {"market": "0x63fdfe62e98e4dceb528e50001f50f70cef7dd900267da1ae7a524c152de69bc", "price_changes": [{"asset_id": "114199132545185559034195158103550808368600825764985943489640804088051298277753", "price": "0.06", "size": "100", "side": "BUY", "hash": "c46cad9bba51a54b7fb30eff56e39179e04c0f9e", "best_bid": "0.37", "best_ask": "0.94"}, {"asset_id": "109290088256510340174514537471992469877328783853073627487497444768618267365431", "price": "0.94", "size": "100", "side": "SELL", "hash": "03f34154537eac7367aadb1f6c322506bc439e17", "best_bid": "0.06", "best_ask": "0.63"}], "timestamp": "1769384211568", "event_type": "price_change"}}
{"_local_timestamp": "2026-01-25T23:36:52.180947+00:00", "data": {"market": "0x63fdfe62e98e4dceb528e50001f50f70cef7dd900267da1ae7a524c152de69bc", "price_changes": [{"asset_id": "114199132545185559034195158103550808368600825764985943489640804088051298277753", "price": "0.07", "size": "30", "side": "BUY", "hash": "dd059558b9a3f363dd4c6c15f861bbb8a3a9d961", "best_bid": "0.37", "best_ask": "0.94"}, {"asset_id": "109290088256510340174514537471992469877328783853073627487497444768618267365431", "price": "0.93", "size": "30", "side": "SELL", "hash": "f350ea1b678b44e98d7eb6b5b180289814f34da1", "best_bid": "0.06", "best_ask": "0.63"}], "timestamp": "1769384211989", "event_type": "price_change"}}
{"_local_timestamp": "2026-01-25T23:36:52.433619+00:00", "data": {"market": "0x63fdfe62e98e4dceb528e50001f50f70cef7dd900267da1ae7a524c152de69bc", "price_changes": [{"asset_id": "114199132545185559034195158103550808368600825764985943489640804088051298277753", "price": "0.37", "size": "0", "side": "BUY", "hash": "db2b90bd096ab9416b392b4142ecf99c9f7faa9d", "best_bid": "0.36", "best_ask": "0.94"}, {"asset_id": "109290088256510340174514537471992469877328783853073627487497444768618267365431", "price": "0.63", "size": "0", "side": "SELL", "hash": "12cd8aa6478b0f294fa9fa83e3510f45266283fe", "best_bid": "0.06", "best_ask": "0.64"}], "timestamp": "1769384212242", "event_type": "price_change"}}
{"_local_timestamp": "2026-01-25T23:36:57.630936+00:00", "data": {"market": "0x63fdfe62e98e4dceb528e50001f50f70cef7dd900267da1ae7a524c152de69bc", "price_changes": [{"asset_id": "114199132545185559034195158103550808368600825764985943489640804088051298277753", "price": "0.36", "size": "100", "side": "BUY", "hash": "357c5bdfd17b373ea6abaa7657720fa6f1144546", "best_bid": "0.36", "best_ask": "0.94"}, {"asset_id": "109290088256510340174514537471992469877328783853073627487497444768618267365431", "price": "0.64", "size": "100", "side": "SELL", "hash": "5aaccc44380973d280af0e94d4305c9cd51c77de", "best_bid": "0.06", "best_ask": "0.64"}], "timestamp": "1769384217263", "event_type": "price_change"}}
{"_local_timestamp": "2026-01-25T23:36:58.032768+00:00", "data": {"market": "0x63fdfe62e98e4dceb528e50001f50f70cef7dd900267da1ae7a524c152de69bc", "price_changes": [{"asset_id": "114199132545185559034195158103550808368600825764985943489640804088051298277753", "price": "0.33", "size": "200", "side": "BUY", "hash": "69bb2ce1ecb176206d05b0da7997d196210cd769", "best_bid": "0.36", "best_ask": "0.94"}, {"asset_id": "109290088256510340174514537471992469877328783853073627487497444768618267365431", "price": "0.67", "size": "200", "side": "SELL", "hash": "f080694d04f5b30b66adc8752bccde59d12fc72e", "best_bid": "0.06", "best_ask": "0.64"}], "timestamp": "1769384217725", "event_type": "price_change"}}
{"_local_timestamp": "2026-01-25T23:36:59.317602+00:00", "data": {"market": "0x655dbb049614f5ae45a24e73dc80cdaa95e52a32bc385966887454ca2fabe709", "price_changes": [{"asset_id": "102238862248558742624965647529088379072102787226028272972250328968991603112511", "price": "0.49", "size": "100", "side": "SELL", "hash": "bcee96a03370aedf3155001631fba3672760894c", "best_bid": "0.03", "best_ask": "0.49"}, {"asset_id": "42417049399582220811777964121299249169055978770761564918016252097270753112454", "price": "0.51", "size": "100", "side": "BUY", "hash": "b5fbc4ec60c16a587fa490244f325064a2e38a7b", "best_bid": "0.51", "best_ask": "0.97"}], "timestamp": "1769384219125", "event_type": "price_change"}}
{"_local_timestamp": "2026-01-25T23:36:59.807741+00:00", "data": {"market": "0x63fdfe62e98e4dceb528e50001f50f70cef7dd900267da1ae7a524c152de69bc", "price_changes": [{"asset_id": "114199132545185559034195158103550808368600825764985943489640804088051298277753", "price": "0.06", "size": "0", "side": "BUY", "hash": "377f1e7c00f33d05edaa759b252c14e6349746c4", "best_bid": "0.36", "best_ask": "0.94"}, {"asset_id": "109290088256510340174514537471992469877328783853073627487497444768618267365431", "price": "0.94", "size": "0", "side": "SELL", "hash": "44b93a0b71a8554eb1cf73c80f31c361dc34bb1b", "best_bid": "0.06", "best_ask": "0.64"}], "timestamp": "1769384219627", "event_type": "price_change"}}
{"_local_timestamp": "2026-01-25T23:37:00.333165+00:00", "data": {"market": "0x63fdfe62e98e4dceb528e50001f50f70cef7dd900267da1ae7a524c152de69bc", "price_changes": [{"asset_id": "114199132545185559034195158103550808368600825764985943489640804088051298277753", "price": "0.33", "size": "400", "side": "BUY", "hash": "336378dcfe7f25cddbea99c73405d0efc90dc7de", "best_bid": "0.36", "best_ask": "0.94"}, {"asset_id": "109290088256510340174514537471992469877328783853073627487497444768618267365431", "price": "0.67", "size": "400", "side": "SELL", "hash": "27f7d5679e095fb57dc65b4ed7961276d5a4c9f2", "best_bid": "0.06", "best_ask": "0.64"}], "timestamp": "1769384220137", "event_type": "price_change"}}
{"_local_timestamp": "2026-01-25T23:37:00.594852+00:00", "data": {"market": "0x63fdfe62e98e4dceb528e50001f50f70cef7dd900267da1ae7a524c152de69bc", "price_changes": [{"asset_id": "114199132545185559034195158103550808368600825764985943489640804088051298277753", "price": "0.37", "size": "100", "side": "BUY", "hash": "a751cc837ea9e32927e82f70ea43e058fb4e6a0d", "best_bid": "0.37", "best_ask": "0.94"}, {"asset_id": "109290088256510340174514537471992469877328783853073627487497444768618267365431", "price": "0.63", "size": "100", "side": "SELL", "hash": "8a8e24bdd2a8482e564b5a844fd060f2657be2cd", "best_bid": "0.06", "best_ask": "0.63"}], "timestamp": "1769384220390", "event_type": "price_change"}}
{"_local_timestamp": "2026-01-25T23:37:03.944410+00:00", "data": {"market": "0x63fdfe62e98e4dceb528e50001f50f70cef7dd900267da1ae7a524c152de69bc", "price_changes": [{"asset_id": "114199132545185559034195158103550808368600825764985943489640804088051298277753", "price": "0.38", "size": "30", "side": "BUY", "hash": "b0b453d1496837d183dc7ddc5f8dd74b4efa31b9", "best_bid": "0.38", "best_ask": "0.94"}, {"asset_id": "109290088256510340174514537471992469877328783853073627487497444768618267365431", "price": "0.62", "size": "30", "side": "SELL", "hash": "672245821ceb916582036f276c728ff9a7c08540", "best_bid": "0.06", "best_ask": "0.62"}], "timestamp": "1769384223756", "event_type": "price_change"}}
{"_local_timestamp": "2026-01-25T23:37:04.445884+00:00", "data": {"market": "0x63fdfe62e98e4dceb528e50001f50f70cef7dd900267da1ae7a524c152de69bc", "price_changes": [{"asset_id": "114199132545185559034195158103550808368600825764985943489640804088051298277753", "price": "0.07", "size": "0", "side": "BUY", "hash": "2e2db8580b1c2b900ea058858f174fb4b5310c59", "best_bid": "0.38", "best_ask": "0.94"}, {"asset_id": "109290088256510340174514537471992469877328783853073627487497444768618267365431", "price": "0.93", "size": "0", "side": "SELL", "hash": "7df8bc8c776a690437012089b0739edcaab5f9ee", "best_bid": "0.06", "best_ask": "0.62"}], "timestamp": "1769384224242", "event_type": "price_change"}}
{"_local_timestamp": "2026-01-25T23:37:06.505189+00:00", "data": {"market": "0x63fdfe62e98e4dceb528e50001f50f70cef7dd900267da1ae7a524c152de69bc", "price_changes": [{"asset_id": "114199132545185559034195158103550808368600825764985943489640804088051298277753", "price": "0.33", "size": "0", "side": "BUY", "hash": "35263e1f3f6cbb3123c235452ac83a9d93a9b470", "best_bid": "0.38", "best_ask": "0.94"}, {"asset_id": "109290088256510340174514537471992469877328783853073627487497444768618267365431", "price": "0.67", "size": "0", "side": "SELL", "hash": "b7214244b28597942e24ee37a7b0ed5927518010", "best_bid": "0.06", "best_ask": "0.62"}], "timestamp": "1769384226291", "event_type": "price_change"}}
{"_local_timestamp": "2026-01-25T23:37:06.901296+00:00", "data": {"market": "0x63fdfe62e98e4dceb528e50001f50f70cef7dd900267da1ae7a524c152de69bc", "price_changes": [{"asset_id": "114199132545185559034195158103550808368600825764985943489640804088051298277753", "price": "0.36", "size": "150", "side": "BUY", "hash": "7a3530f8197f4d14d3eb1e975887c96b1ffd40b3", "best_bid": "0.38", "best_ask": "0.94"}, {"asset_id": "109290088256510340174514537471992469877328783853073627487497444768618267365431", "price": "0.64", "size": "150", "side": "SELL", "hash": "c875a2129146a76b1ba6045a1e8387254c6f09da", "best_bid": "0.06", "best_ask": "0.62"}], "timestamp": "1769384226692", "event_type": "price_change"}}
{"_local_timestamp": "2026-01-25T23:37:08.463741+00:00", "data": {"market": "0x655dbb049614f5ae45a24e73dc80cdaa95e52a32bc385966887454ca2fabe709", "price_changes": [{"asset_id": "102238862248558742624965647529088379072102787226028272972250328968991603112511", "price": "0.489", "size": "28.54", "side": "SELL", "hash": "a0c56528f2aba04083eed204e63a41ff2c43a8f4", "best_bid": "0.03", "best_ask": "0.489"}, {"asset_id": "42417049399582220811777964121299249169055978770761564918016252097270753112454", "price": "0.511", "size": "28.54", "side": "BUY", "hash": "e0d8233572d54bbf080b7fa77eecdd2a781fc920", "best_bid": "0.511", "best_ask": "0.97"}], "timestamp": "1769384228313", "event_type": "price_change"}}
