{"_local_timestamp": "2026-01-25T23:34:08.733439+00:00", "data": [{"market": "0xffd42bdce94200f20a38815794379967cb003fc07d11a52b006daaa8895c4ccd", "asset_id": "32313529279983995345948559953987735776425547287737051485964408820888003735396", "timestamp": "1769382224344", "hash": "8698432f96d9b07adb6bdb73e44fd0bd6a360b78", "bids": [{"price": "0.01", "size": "238.16"}, {"price": "0.02", "size": "12.72"}, {"price": "0.03", "size": "66"}, {"price": "0.04", "size": "99"}, {"price": "0.07", "size": "150"}, {"price": "0.4", "size": "100"}, {"price": "0.41", "size": "5"}], "asks": [{"price": "0.99", "size": "186.56"}, {"price": "0.98", "size": "162.33"}, {"price": "0.97", "size": "66"}, {"price": "0.96", "size": "50"}, {"price": "0.95", "size": "60"}], "event_type": "book", "last_trade_price": ""}, {"market": "0x6b33f2cc52bdb8d2674af3330e57c05f73fc3cb1d43270006cab6602d7413f6d", "asset_id": "114742154304737485984861703282756040936876867332826529255531863894447031157922", "timestamp": "1769384011576", "hash": "18a7da528bc88aa35f70639d2c9258e63d383e6a", "bids": [{"price": "0.001", "size": "5702.01"}, {"price": "0.002", "size": "260.95"}, {"price": "0.003", "size": "166"}, {"price": "0.004", "size": "8.12"}, {"price": "0.006", "size": "83"}, {"price": "0.007", "size": "5.82"}, {"price": "0.01", "size": "230"}, {"price": "0.011", "size": "17.43"}, {"price": "0.03", "size": "66"}, {"price": "0.04", "size": "50"}, {"price": "0.046", "size": "147"}, {"price": "0.05", "size": "206"}, {"price": "0.8", "size": "100"}, {"price": "0.801", "size": "100"}, {"price": "0.894", "size": "5"}, {"price": "0.918", "size": "100"}, {"price": "0.923", "size": "5"}, {"price": "0.925", "size": "50"}, {"price": "0.947", "size": "28.56"}, {"price": "0.948", "size": "31.62"}], "asks": [{"price": "0.999", "size": "2490.99"}, {"price": "0.998", "size": "250"}, {"price": "0.994", "size": "77.78"}], "event_type": "book", "last_trade_price": "0.006"}, {"market": "0x77640c96cffdb113707ea06013221eadbe28e4c60962988903c881fb66e010fd", "asset_id": "14223550560275261656746132408108442042604162004680591500952731390788002595413", "timestamp": "1769380869675", "hash": "032c8e09e3235a6fcfa5cccc63d33e6e7e52fa69", "bids": [{"price": "0.01", "size": "238.16"}, {"price": "0.02", "size": "12.72"}, {"price": "0.03", "size": "66"}, {"price": "0.04", "size": "50"}, {"price": "0.05", "size": "60"}, {"price": "0.06", "size": "91.66"}, {"price": "0.12", "size": "200"}, {"price": "0.15", "size": "100"}], "asks": [{"price": "0.99", "size": "337.92"}, {"price": "0.98", "size": "12.2"}, {"price": "0.97", "size": "66"}, {"price": "0.96", "size": "50"}], "event_type": "book", "last_trade_price": ""}, {"market": "0x63fdfe62e98e4dceb528e50001f50f70cef7dd900267da1ae7a524c152de69bc", "asset_id": "109290088256510340174514537471992469877328783853073627487497444768618267365431", "timestamp": "1769384047538", "hash": "affd1c7971f82c04234e628e762d8a2082051356", "bids": [{"price": "0.01", "size": "139.59"}, {"price": "0.02", "size": "10.43"}, {"price": "0.03", "size": "66"}, {"price": "0.04", "size": "50"}, {"price": "0.05", "size": "100"}, {"price": "0.06", "size": "30"}], "asks": [{"price": "0.99", "size": "238.16"}, {"price": "0.98", "size": "11.15"}, {"price": "0.97", "size": "66"}, {"price": "0.96", "size": "50"}, {"price": "0.95", "size": "60"}, {"price": "0.94", "size": "100"}, {"price": "0.65", "size": "150"}, {"price": "0.64", "size": "30"}], "event_type": "book", "last_trade_price": "0.940"}, {"market": "0x6b33f2cc52bdb8d2674af3330e57c05f73fc3cb1d43270006cab6602d7413f6d", "asset_id": "50205367709081436670760916383543800922718776748403189630931362914747252334213", "timestamp": "1769384011576", "hash": "118a9602f067424626ec2bd069ae4a9928c8c1a5", "bids": [{"price": "0.001", "size": "2490.99"}, {"price": "0.002", "size": "250"}, {"price": "0.006", "size": "77.78"}], "asks": [{"price": "0.999", "size": "5702.01"}, {"price": "0.998", "size": "260.95"}, {"price": "0.997", "size": "166"}, {"price": "0.996", "size": "8.12"}, {"price": "0.994", "size": "83"}, {"price": "0.993", "size": "5.82"}, {"price": "0.99", "size": "230"}, {"price": "0.989", "size": "17.43"}, {"price": "0.97", "size": "66"}, {"price": "0.96", "size": "50"}, {"price": "0.954", "size": "147"}, {"price": "0.95", "size": "206"}, {"price": "0.2", "size": "100"}, {"price": "0.199", "size": "100"}, {"price": "0.106", "size": "5"}, {"price": "0.082", "size": "100"}, {"price": "0.077", "size": "5"}, {"price": "0.075", "size": "50"}, {"price": "0.053", "size": "28.56"}, {"price": "0.052", "size": "31.62"}], "event_type": "book", "last_trade_price": "0.006"}, {"market": "0x63fdfe62e98e4dceb528e50001f50f70cef7dd900267da1ae7a524c152de69bc", "asset_id": "114199132545185559034195158103550808368600825764985943489640804088051298277753", "timestamp": "1769384047538", "hash": "aec2280192aa76cf3de80e5013739034163ac5d5", "bids": [{"price": "0.01", "size": "238.16"}, {"price": "0.02", "size": "11.15"}, {"price": "0.03", "size": "66"}, {"price": "0.04", "size": "50"}, {"price": "0.05", "size": "60"}, {"price": "0.06", "size": "100"}, {"price": "0.35", "size": "150"}, {"price": "0.36", "size": "30"}], "asks": [{"price": "0.99", "size": "139.59"}, {"price": "0.98", "size": "10.43"}, {"price": "0.97", "size": "66"}, {"price": "0.96", "size": "50"}, {"price": "0.95", "size": "100"}, {"price": "0.94", "size": "30"}], "event_type": "book", "last_trade_price": "0.940"}, {"market": "0x77640c96cffdb113707ea06013221eadbe28e4c60962988903c881fb66e010fd", "asset_id": "59040499328954684438423770757454959407524799980383177034333165312735533378067", "timestamp": "1769380869675", "hash": "207a13ba1ab57fccf8d13f5e1a0142514903a29b", "bids": [{"price": "0.01", "size": "337.92"}, {"price": "0.02", "size": "12.2"}, {"price": "0.03", "size": "66"}, {"price": "0.04", "size": "50"}], "asks": [{"price": "0.99", "size": "238.16"}, {"price": "0.98", "size": "12.72"}, {"price": "0.97", "size": "66"}, {"price": "0.96", "size": "50"}, {"price": "0.95", "size": "60"}, {"price": "0.94", "size": "91.66"}, {"price": "0.88", "size": "200"}, {"price": "0.85", "size": "100"}], "event_type": "book", "last_trade_price": ""}, {"market": "0x655dbb049614f5ae45a24e73dc80cdaa95e52a32bc385966887454ca2fabe709", "asset_id": "102238862248558742624965647529088379072102787226028272972250328968991603112511", "timestamp": "1769384043933", "hash": "e53bf26adc48c1b805d211a5503006571b49712d", "bids": [{"price": "0.001", "size": "5910.25"}, {"price": "0.002", "size": "38.49"}, {"price": "0.01", "size": "130"}, {"price": "0.011", "size": "13.96"}, {"price": "0.03", "size": "32.74"}], "asks": [{"price": "0.999", "size": "3915.05"}, {"price": "0.998", "size": "47.84"}, {"price": "0.99", "size": "230"}, {"price": "0.989", "size": "19"}, {"price": "0.97", "size": "66"}, {"price": "0.96", "size": "50"}, {"price": "0.95", "size": "60"}, {"price": "0.944", "size": "98.21"}, {"price": "0.491", "size": "195"}, {"price": "0.49", "size": "28.54"}], "event_type": "book", "last_trade_price": "0.030"}, {"market": "0x655dbb049614f5ae45a24e73dc80cdaa95e52a32bc385966887454ca2fabe709", "asset_id": "42417049399582220811777964121299249169055978770761564918016252097270753112454", "timestamp": "1769384043933", "hash": "0487d78cd26fea2be8a6f298353c0466982714ad", "bids": [{"price": "0.001", "size": "3915.05"}, {"price": "0.002", "size": "47.84"}, {"price": "0.01", "size": "230"}, {"price": "0.011", "size": "19"}, {"price": "0.03", "size": "66"}, {"price": "0.04", "size": "50"}, {"price": "0.05", "size": "60"}, {"price": "0.056", "size": "98.21"}, {"price": "0.509", "size": "195"}, {"price": "0.51", "size": "28.54"}], "asks": [{"price": "0.999", "size": "5910.25"}, {"price": "0.998", "size": "38.49"}, {"price": "0.99", "size": "130"}, {"price": "0.989", "size": "13.96"}, {"price": "0.97", "size": "32.74"}], "event_type": "book", "last_trade_price": "0.030"}, {"market": "0xffd42bdce94200f20a38815794379967cb003fc07d11a52b006daaa8895c4ccd", "asset_id": "20683053848530577779129976970679679060310038157022245216788907016410024230878", "timestamp": "1769382224344", "hash": "009204183d4d049343ca8027d9e77b2e2e7664a8", "bids": [{"price": "0.01", "size": "186.56"}, {"price": "0.02", "size": "162.33"}, {"price": "0.03", "size": "66"}, {"price": "0.04", "size": "50"}, {"price": "0.05", "size": "60"}], "asks": [{"price": "0.99", "size": "238.16"}, {"price": "0.98", "size": "12.72"}, {"price": "0.97", "size": "66"}, {"price": "0.96", "size": "99"}, {"price": "0.93", "size": "150"}, {"price": "0.6", "size": "100"}, {"price": "0.59", "size": "5"}], "event_type": "book", "last_trade_price": ""}]}
{"_local_timestamp": "2026-01-25T23:34:09.658809+00:00", "data": {"market": "0x63fdfe62e98e4dceb528e50001f50f70cef7dd900267da1ae7a524c152de69bc", "price_changes": [{"asset_id": "114199132545185559034195158103550808368600825764985943489640804088051298277753", "price": "0.07", "size": "30", "side": "BUY", "hash": "e7ed4d3a9c752e7cfaee9298f3273d2a3758ed88", "best_bid": "0.36", "best_ask": "0.94"}, {"asset_id": "109290088256510340174514537471992469877328783853073627487497444768618267365431", "price": "0.93", "size": "30", "side": "SELL", "hash": "2dd16221bdd0d6379591caec2cefd97db46cc44c", "best_bid": "0.06", "best_ask": "0.64"}], "timestamp": "1769384049584", "event_type": "price_change"}}
{"_local_timestamp": "2026-01-25T23:34:09.945375+00:00", "data": {"market": "0x63fdfe62e98e4dceb528e50001f50f70cef7dd900267da1ae7a524c152de69bc", "price_changes": [{"asset_id": "114199132545185559034195158103550808368600825764985943489640804088051298277753", "price": "0.36", "size": "0", "side": "BUY", "hash": "26f186d98d2304d753e9425518367e0778957485", "best_bid": "0.35", "best_ask": "0.94"}, {"asset_id": "109290088256510340174514537471992469877328783853073627487497444768618267365431", "price": "0.64", "size": "0", "side": "SELL", "hash": "a8bba282e952154a755f0547451c45087dfa3c29", "best_bid": "0.06", "best_ask": "0.65"}], "timestamp": "1769384049868", "event_type": "price_change"}}
{"_local_timestamp": "2026-01-25T23:34:14.926570+00:00", "data": {"market": "0x63fdfe62e98e4dceb528e50001f50f70cef7dd900267da1ae7a524c152de69bc", "price_changes": [{"asset_id": "114199132545185559034195158103550808368600825764985943489640804088051298277753", "price": "0.35", "size": "100", "side": "BUY", "hash": "f3e5c517afba3235ae9ead4bc171a21f1359721b", "best_bid": "0.35", "best_ask": "0.94"}, {"asset_id": "109290088256510340174514537471992469877328783853073627487497444768618267365431", "price": "0.65", "size": "100", "side": "SELL", "hash": "c538580c6da88d48075dab91d1acd35f960d3e21", "best_bid": "0.06", "best_ask": "0.65"}], "timestamp": "1769384054854", "event_type": "price_change"}}
{"_local_timestamp": "2026-01-25T23:34:15.423410+00:00", "data": {"market": "0x63fdfe62e98e4dceb528e50001f50f70cef7dd900267da1ae7a524c152de69bc", "price_changes": [{"asset_id": "114199132545185559034195158103550808368600825764985943489640804088051298277753", "price": "0.32", "size": "200", "side": "BUY", "hash": "1e3e64c97a289833dba50153ebc9adf12e8f7a68", "best_bid": "0.35", "best_ask": "0.94"}, {"asset_id": "109290088256510340174514537471992469877328783853073627487497444768618267365431", "price": "0.68", "size": "200", "side": "SELL", "hash": "b76a1a1a049d35705ba78cf0affdbff3f83d4dd5", "best_bid": "0.06", "best_ask": "0.65"}], "timestamp": "1769384055351", "event_type": "price_change"}}
{"_local_timestamp": "2026-01-25T23:34:20.049684+00:00", "data": {"market": "0x63fdfe62e98e4dceb528e50001f50f70cef7dd900267da1ae7a524c152de69bc", "price_changes": [{"asset_id": "114199132545185559034195158103550808368600825764985943489640804088051298277753", "price": "0.06", "size": "0", "side": "BUY", "hash": "3ac5af0272c088ec2f1eab05e5d0e4266fc45277", "best_bid": "0.35", "best_ask": "0.94"}, {"asset_id": "109290088256510340174514537471992469877328783853073627487497444768618267365431", "price": "0.94", "size": "0", "side": "SELL", "hash": "905f3a28822944e2285890f7e684edd78b986579", "best_bid": "0.06", "best_ask": "0.65"}], "timestamp": "1769384059960", "event_type": "price_change"}}
{"_local_timestamp": "2026-01-25T23:34:20.753986+00:00", "data": {"market": "0x63fdfe62e98e4dceb528e50001f50f70cef7dd900267da1ae7a524c152de69bc", "price_changes": [{"asset_id": "114199132545185559034195158103550808368600825764985943489640804088051298277753", "price": "0.36", "size": "100", "side": "BUY", "hash": "bc038bf94937cd159579eef36ae74e68d436f770", "best_bid": "0.36", "best_ask": "0.94"}, {"asset_id": "109290088256510340174514537471992469877328783853073627487497444768618267365431", "price": "0.64", "size": "100", "side": "SELL", "hash": "d5c5a63988635ab66cecaf3a32ff7d8b3b99c215", "best_bid": "0.06", "best_ask": "0.64"}], "timestamp": "1769384060685", "event_type": "price_change"}}
{"_local_timestamp": "2026-01-25T23:34:21.795738+00:00", "data": {"market": "0x63fdfe62e98e4dceb528e50001f50f70cef7dd900267da1ae7a524c152de69bc", "price_changes": [{"asset_id": "114199132545185559034195158103550808368600825764985943489640804088051298277753", "price": "0.37", "size": "30", "side": "BUY", "hash": "ae6329d94b53de54fe6d79c0130278b3a5cfa0e6", "best_bid": "0.37", "best_ask": "0.94"}, {"asset_id": "109290088256510340174514537471992469877328783853073627487497444768618267365431", "price": "0.63", "size": "30", "side": "SELL", "hash": "53793f70e3250575b88e48a1b948c6fc76cb3720", "best_bid": "0.06", "best_ask": "0.63"}], "timestamp": "1769384061722", "event_type": "price_change"}}
{"_local_timestamp": "2026-01-25T23:34:22.093407+00:00", "data": {"market": "0x63fdfe62e98e4dceb528e50001f50f70cef7dd900267da1ae7a524c152de69bc", "price_changes": [{"asset_id": "114199132545185559034195158103550808368600825764985943489640804088051298277753", "price": "0.07", "size": "0", "side": "BUY", "hash": "76b5969c2a3352079c8cf2440dd5452ff84f4be8", "best_bid": "0.37", "best_ask": "0.94"}, {"asset_id": "109290088256510340174514537471992469877328783853073627487497444768618267365431", "price": "0.93", "size": "0", "side": "SELL", "hash": "2a975468f8d6b562c0049d9b5dc3c94bc6556f8f", "best_bid": "0.06", "best_ask": "0.63"}], "timestamp": "1769384062015", "event_type": "price_change"}}
{"_local_timestamp": "2026-01-25T23:34:23.718408+00:00", "data": {"market": "0x63fdfe62e98e4dceb528e50001f50f70cef7dd900267da1ae7a524c152de69bc", "price_changes": [{"asset_id": "114199132545185559034195158103550808368600825764985943489640804088051298277753", "price": "0.32", "size": "0", "side": "BUY", "hash": "21e9f289e9bbf8c18fde031b55ed4e4b0433a027", "best_bid": "0.37", "best_ask": "0.94"}, {"asset_id": "109290088256510340174514537471992469877328783853073627487497444768618267365431", "price": "0.68", "size": "0", "side": "SELL", "hash": "7dd503415c64c1baf5ea0e354501e3af523b86be", "best_bid": "0.06", "best_ask": "0.63"}], "timestamp": "1769384063645", "event_type": "price_change"}}
{"_local_timestamp": "2026-01-25T23:34:24.181266+00:00", "data": {"market": "0x63fdfe62e98e4dceb528e50001f50f70cef7dd900267da1ae7a524c152de69bc", "price_changes": [{"asset_id": "114199132545185559034195158103550808368600825764985943489640804088051298277753", "price": "0.35", "size": "150", "side": "BUY", "hash": "8b4ed2626db17dab2efdd81c2e825dad9c4a3cd3", "best_bid": "0.37", "best_ask": "0.94"}, {"asset_id": "109290088256510340174514537471992469877328783853073627487497444768618267365431", "price": "0.65", "size": "150", "side": "SELL", "hash": "e3e01dc172df3fd2ad3a735f59b7fadb7591cddc", "best_bid": "0.06", "best_ask": "0.63"}], "timestamp": "1769384064101", "event_type": "price_change"}}
{"_local_timestamp": "2026-01-25T23:34:24.552482+00:00", "data": {"market": "0x63fdfe62e98e4dceb528e50001f50f70cef7dd900267da1ae7a524c152de69bc", "price_changes": [{"asset_id": "114199132545185559034195158103550808368600825764985943489640804088051298277753", "price": "0.36", "size": "0", "side": "BUY", "hash": "34d8c9a8222d54119df33833604ad4e68b5e04f9", "best_bid": "0.37", "best_ask": "0.94"}, {"asset_id": "109290088256510340174514537471992469877328783853073627487497444768618267365431", "price": "0.64", "size": "0", "side": "SELL", "hash": "52fc8e883182b4d75a5b9b4c539436bb7b901d70", "best_bid": "0.06", "best_ask": "0.63"}], "timestamp": "1769384064481", "event_type": "price_change"}}
{"_local_timestamp": "2026-01-25T23:34:25.246123+00:00", "data": {"market": "0x63fdfe62e98e4dceb528e50001f50f70cef7dd900267da1ae7a524c152de69bc", "price_changes": [{"asset_id": "114199132545185559034195158103550808368600825764985943489640804088051298277753", "price": "0.06", "size": "100", "side": "BUY", "hash": "00e6e1c2e44c06ed749c6bb8a1b1da14c0bc6c63", "best_bid": "0.37", "best_ask": "0.94"}, {"asset_id": "109290088256510340174514537471992469877328783853073627487497444768618267365431", "price": "0.94", "size": "100", "side": "SELL", "hash": "1d9e7214ec7e54f9d12002610c583d6c67c3bdd1", "best_bid": "0.06", "best_ask": "0.63"}], "timestamp": "1769384065164", "event_type": "price_change"}}
{"_local_timestamp": "2026-01-25T23:34:27.938592+00:00", "data": {"market": "0x63fdfe62e98e4dceb528e50001f50f70cef7dd900267da1ae7a524c152de69bc", "price_changes": [{"asset_id": "114199132545185559034195158103550808368600825764985943489640804088051298277753", "price": "0.07", "size": "30", "side": "BUY", "hash": "1fd72fc8e47b8378e27300d94e9920e4c9bbf0e7", "best_bid": "0.37", "best_ask": "0.94"}, {"asset_id": "109290088256510340174514537471992469877328783853073627487497444768618267365431", "price": "0.93", "size": "30", "side": "SELL", "hash": "2a544bcb71920d30ab3639740b90727b528fb63b", "best_bid": "0.06", "best_ask": "0.63"}], "timestamp": "1769384067694", "event_type": "price_change"}}
{"_local_timestamp": "2026-01-25T23:34:28.067860+00:00", "data": {"market": "0x63fdfe62e98e4dceb528e50001f50f70cef7dd900267da1ae7a524c152de69bc", "price_changes": [{"asset_id": "114199132545185559034195158103550808368600825764985943489640804088051298277753", "price": "0.37", "size": "0", "side": "BUY", "hash": "089829bce9f8e01f5fb1e6f0e5323f3c6de66c3e", "best_bid": "0.35", "best_ask": "0.94"}, {"asset_id": "109290088256510340174514537471992469877328783853073627487497444768618267365431", "price": "0.63", "size": "0", "side": "SELL", "hash": "20e50d6492b838b29c1d5197fb12be58a5b18c66", "best_bid": "0.06", "best_ask": "0.65"}], "timestamp": "1769384067996", "event_type": "price_change"}}
{"_local_timestamp": "2026-01-25T23:34:32.161573+00:00", "data": {"market": "0x63fdfe62e98e4dceb528e50001f50f70cef7dd900267da1ae7a524c152de69bc", "price_changes": [{"asset_id": "114199132545185559034195158103550808368600825764985943489640804088051298277753", "price": "0.35", "size": "100", "side": "BUY", "hash": "ca50ded8c22e924c213f4d52f2611552831a8e00", "best_bid": "0.35", "best_ask": "0.94"}, {"asset_id": "109290088256510340174514537471992469877328783853073627487497444768618267365431", "price": "0.65", "size": "100", "side": "SELL", "hash": "d2c724c03d98e5b35a18687c06eed92abd3e4148", "best_bid": "0.06", "best_ask": "0.65"}], "timestamp": "1769384072022", "event_type": "price_change"}}
{"_local_timestamp": "2026-01-25T23:34:32.610103+00:00", "data": {"market": "0x63fdfe62e98e4dceb528e50001f50f70cef7dd900267da1ae7a524c152de69bc", "price_changes": [{"asset_id": "114199132545185559034195158103550808368600825764985943489640804088051298277753", "price": "0.32", "size": "200", "side": "BUY", "hash": "cd9c2743d62ffb8ab8a1c1d024ff7f3a9b9bf13d", "best_bid": "0.35", "best_ask": "0.94"}, {"asset_id": "109290088256510340174514537471992469877328783853073627487497444768618267365431", "price": "0.68", "size": "200", "side": "SELL", "hash": "3e352a8d24bfe9134bd7bfa1585099f73c502b55", "best_bid": "0.06", "best_ask": "0.65"}], "timestamp": "1769384072540", "event_type": "price_change"}}
{"_local_timestamp": "2026-01-25T23:34:33.247315+00:00", "data": {"market": "0x63fdfe62e98e4dceb528e50001f50f70cef7dd900267da1ae7a524c152de69bc", "price_changes": [{"asset_id": "114199132545185559034195158103550808368600825764985943489640804088051298277753", "price": "0.06", "size": "0", "side": "BUY", "hash": "e2f7b6c124c055dcc7db4c177569d66d8ae8d61a", "best_bid": "0.35", "best_ask": "0.94"}, {"asset_id": "109290088256510340174514537471992469877328783853073627487497444768618267365431", "price": "0.94", "size": "0", "side": "SELL", "hash": "5e9f534e8adf3af0423f1fcf25abd100f98f6c14", "best_bid": "0.06", "best_ask": "0.65"}], "timestamp": "1769384073178", "event_type": "price_change"}}
{"_local_timestamp": "2026-01-25T23:34:33.743704+00:00", "data": {"market": "0x63fdfe62e98e4dceb528e50001f50f70cef7dd900267da1ae7a524c152de69bc", "price_changes": [{"asset_id": "114199132545185559034195158103550808368600825764985943489640804088051298277753", "price": "0.36", "size": "30", "side": "BUY", "hash": "f49e08bd2ecc5d3f2d94aaeb5ea301186c656564", "best_bid": "0.36", "best_ask": "0.94"}, {"asset_id": "109290088256510340174514537471992469877328783853073627487497444768618267365431", "price": "0.64", "size": "30", "side": "SELL", "hash": "64d9a1c4856efef14e432254458d12c2908af216", "best_bid": "0.06", "best_ask": "0.64"}], "timestamp": "1769384073677", "event_type": "price_change"}}
{"_local_timestamp": "2026-01-25T23:34:33.801008+00:00", "data": {"market": "0x63fdfe62e98e4dceb528e50001f50f70cef7dd900267da1ae7a524c152de69bc", "price_changes": [{"asset_id": "114199132545185559034195158103550808368600825764985943489640804088051298277753", "price": "0.36", "size": "130", "side": "BUY", "hash": "7258cc3e850b5997b61562f4f59c99f430690e1b", "best_bid": "0.36", "best_ask": "0.94"}, {"asset_id": "109290088256510340174514537471992469877328783853073627487497444768618267365431", "price": "0.64", "size": "130", "side": "SELL", "hash": "9b3a0b22a3e722fe30f05af45505328c47c71878", "best_bid": "0.06", "best_ask": "0.64"}], "timestamp": "1769384073726", "event_type": "price_change"}}
{"_local_timestamp": "2026-01-25T23:34:34.103197+00:00", "data": {"market": "0x63fdfe62e98e4dceb528e50001f50f70cef7dd900267da1ae7a524c152de69bc", "price_changes": [{"asset_id": "114199132545185559034195158103550808368600825764985943489640804088051298277753", "price": "0.07", "size": "0", "side": "BUY", "hash": "1fadc452308ba8535e7be34f0206cb76c8901269", "best_bid": "0.36", "best_ask": "0.94"}, {"asset_id": "109290088256510340174514537471992469877328783853073627487497444768618267365431", "price": "0.93", "size": "0", "side": "SELL", "hash": "e40eaa6472b79d008779ba63d605f5b31b255d17", "best_bid": "0.06", "best_ask": "0.64"}], "timestamp": "1769384074024", "event_type": "price_change"}}
