{"_local_timestamp": "2026-01-25T23:34:08.733439+00:00", "data": [{"market": "0xffd42bdce94200f20a38815794379967cb003fc07d11a52b006daaa8895c4ccd", "asset_id": "32313529279983995345948559953987735776425547287737051485964408820888003735396", "timestamp": "1769382224344", "hash": "8698432f96d9b07adb6bdb73e44fd0bd6a360b78", "bids": [{"price": "0.01", "size": "238.16"}, {"price": "0.02", "size": "12.72"}, {"price": "0.03", "size": "66"}, {"price": "0.04", "size": "99"}, {"price": "0.07", "size": "150"}, {"price": "0.4", "size": "100"}, {"price": "0.41", "size": "5"}], "asks": [{"price": "0.99", "size": "186.56"}, {"price": "0.98", "size": "162.33"}, {"price": "0.97", "size": "66"}, {"price": "0.96", "size": "50"}, {"price": "0.95", "size": "60"}], "event_type": "book", "last_trade_price": ""}, {"market": "0x6b33f2cc52bdb8d2674af3330e57c05f73fc3cb1d43270006cab6602d7413f6d", "asset_id": "114742154304737485984861703282756040936876867332826529255531863894447031157922", "timestamp": "1769384011576", "hash": "18a7da528bc88aa35f70639d2c9258e63d383e6a", "bids": [{"price": "0.001", "size": "5702.01"}, {"price": "0.002", "size": "260.95"}, {"price": "0.003", "size": "166"}, {"price": "0.004", "size": "8.12"}, {"price": "0.006", "size": "83"}, {"price": "0.007", "size": "5.82"}, {"price": "0.01", "size": "230"}, {"price": "0.011", "size": "17.43"}, {"price": "0.03", "size": "66"}, {"price": "0.04", "size": "50"}, {"price": "0.046", "size": "147"}, {"price": "0.05", "size": "206"}, {"price": "0.8", "size": "100"}, {"price": "0.801", "size": "100"}, {"price": "0.894", "size": "5"}, {"price": "0.918", "size": "100"}, {"price": "0.923", "size": "5"}, {"price": "0.925", "size": "50"}, {"price": "0.947", "size": "28.56"}, {"price": "0.948", "size": "31.62"}], "asks": [{"price": "0.999", "size": "2490.99"}, {"price": "0.998", "size": "250"}, {"price": "0.994", "size": "77.78"}], "event_type": "book", "last_trade_price": "0.006"}, {"market": "0x77640c96cffdb113707ea06013221eadbe28e4c60962988903c881fb66e010fd", "asset_id": "14223550560275261656746132408108442042604162004680591500952731390788002595413", "timestamp": "1769380869675", "hash": "032c8e09e3235a6fcfa5cccc63d33e6e7e52fa69", "bids": [{"price": "0.01", "size": "238.16"}, {"price": "0.02", "size": "12.72"}, {"price": "0.03", "size": "66"}, {"price": "0.04", "size": "50"}, {"price": "0.05", "size": "60"}, {"price": "0.06", "size": "91.66"}, {"price": "0.12", "size": "200"}, {"price": "0.15", "size": "100"}], "asks": [{"price": "0.99", "size": "337.92"}, {"price": "0.98", "size": "12.2"}, {"price": "0.97", "size": "66"}, {"price": "0.96", "size": "50"}], "event_type": "book", "last_trade_price": ""}, {"market": "0x63fdfe62e98e4dceb528e50001f50f70cef7dd900267da1ae7a524c152de69bc", "asset_id": "109290088256510340174514537471992469877328783853073627487497444768618267365431", "timestamp": "1769384047538", "hash": "affd1c7971f82c04234e628e762d8a2082051356", "bids": [{"price": "0.01", "size": "139.59"}, {"price": "0.02", "size": "10.43"}, {"price": "0.03", "size": "66"}, {"price": "0.04", "size": "50"}, {"price": "0.05", "size": "100"}, {"price": "0.06", "size": "30"}], "asks": [{"price": "0.99", "size": "238.16"}, {"price": "0.98", "size": "11.15"}, {"price": "0.97", "size": "66"}, {"price": "0.96", "size": "50"}, {"price": "0.95", "size": "60"}, {"price": "0.94", "size": "100"}, {"price": "0.65", "size": "150"}, {"price": "0.64", "size": "30"}], "event_type": "book", "last_trade_price": "0.940"}, {"market": "0x6b33f2cc52bdb8d2674af3330e57c05f73fc3cb1d43270006cab6602d7413f6d", "asset_id": "50205367709081436670760916383543800922718776748403189630931362914747252334213", "timestamp": "1769384011576", "hash": "118a9602f067424626ec2bd069ae4a9928c8c1a5", "bids": [{"price": "0.001", "size": "2490.99"}, {"price": "0.002", "size": "250"}, {"price": "0.006", "size": "77.78"}], "asks": [{"price": "0.999", "size": "5702.01"}, {"price": "0.998", "size": "260.95"}, {"price": "0.997", "size": "166"}, {"price": "0.996", "size": "8.12"}, {"price": "0.994", "size": "83"}, {"price": "0.993", "size": "5.82"}, {"price": "0.99", "size": "230"}, {"price": "0.989", "size": "17.43"}, {"price": "0.97", "size": "66"}, {"price": "0.96", "size": "50"}, {"price": "0.954", "size": "147"}, {"price": "0.95", "size": "206"}, {"price": "0.2", "size": "100"}, {"price": "0.199", "size": "100"}, {"price": "0.106", "size": "5"}, {"price": "0.082", "size": "100"}, {"price": "0.077", "size": "5"}, {"price": "0.075", "size": "50"}, {"price": "0.053", "size": "28.56"}, {"price": "0.052", "size": "31.62"}], "event_type": "book", "last_trade_price": "0.006"}, {"market": "0x63fdfe62e98e4dceb528e50001f50f70cef7dd900267da1ae7a524c152de69bc", "asset_id": "114199132545185559034195158103550808368600825764985943489640804088051298277753", "timestamp": "1769384047538", "hash": "aec2280192aa76cf3de80e5013739034163ac5d5", "bids": [{"price": "0.01", "size": "238.16"}, {"price": "0.02", "size": "11.15"}, {"price": "0.03", "size": "66"}, {"price": "0.04", "size": "50"}, {"price": "0.05", "size": "60"}, {"price": "0.06", "size": "100"}, {"price": "0.35", "size": "150"}, {"price": "0.36", "size": "30"}], "asks": [{"price": "0.99", "size": "139.59"}, {"price": "0.98", "size": "10.43"}, {"price": "0.97", "size": "66"}, {"price": "0.96", "size": "50"}, {"price": "0.95", "size": "100"}, {"price": "0.94", "size": "30"}], "event_type": "book", "last_trade_price": "0.940"}, {"market": "0x77640c96cffdb113707ea06013221eadbe28e4c60962988903c881fb66e010fd", "asset_id": "59040499328954684438423770757454959407524799980383177034333165312735533378067", "timestamp": "1769380869675", "hash": "207a13ba1ab57fccf8d13f5e1a0142514903a29b", "bids": [{"price": "0.01", "size": "337.92"}, {"price": "0.02", "size": "12.2"}, {"price": "0.03", "size": "66"}, {"price": "0.04", "size": "50"}], "asks": [{"price": "0.99", "size": "238.16"}, {"price": "0.98", "size": "12.72"}, {"price": "0.97", "size": "66"}, {"price": "0.96", "size": "50"}, {"price": "0.95", "size": "60"}, {"price": "0.94", "size": "91.66"}, {"price": "0.88", "size": "200"}, {"price": "0.85", "size": "100"}], "event_type": "book", "last_trade_price": ""}, {"market": "0x655dbb049614f5ae45a24e73dc80cdaa95e52a32bc385966887454ca2fabe709", "asset_id": "102238862248558742624965647529088379072102787226028272972250328968991603112511", "timestamp": "1769384043933", "hash": "e53bf26adc48c1b805d211a5503006571b49712d", "bids": [{"price": "0.001", "size": "5910.25"}, {"price": "0.002", "size": "38.49"}, {"price": "0.01", "size": "130"}, {"price": "0.011", "size": "13.96"}, {"price": "0.03", "size": "32.74"}], "asks": [{"price": "0.999", "size": "3915.05"}, {"price": "0.998", "size": "47.84"}, {"price": "0.99", "size": "230"}, {"price": "0.989", "size": "19"}, {"price": "0.97", "size": "66"}, {"price": "0.96", "size": "50"}, {"price": "0.95", "size": "60"}, {"price": "0.944", "size": "98.21"}, {"price": "0.491", "size": "195"}, {"price": "0.49", "size": "28.54"}], "event_type": "book", "last_trade_price": "0.030"}, {"market": "0x655dbb049614f5ae45a24e73dc80cdaa95e52a32bc385966887454ca2fabe709", "asset_id": "42417049399582220811777964121299249169055978770761564918016252097270753112454", "timestamp": "1769384043933", "hash": "0487d78cd26fea2be8a6f298353c0466982714ad", "bids": [{"price": "0.001", "size": "3915.05"}, {"price": "0.002", "size": "47.84"}, {"price": "0.01", "size": "230"}, {"price": "0.011", "size": "19"}, {"price": "0.03", "size": "66"}, {"price": "0.04", "size": "50"}, {"price": "0.05", "size": "60"}, {"price": "0.056", "size": "98.21"}, {"price": "0.509", "size": "195"}, {"price": "0.51", "size": "28.54"}], "asks": [{"price": "0.999", "size": "5910.25"}, {"price": "0.998", "size": "38.49"}, {"price": "0.99", "size": "130"}, {"price": "0.989", "size": "13.96"}, {"price": "0.97", "size": "32.74"}], "event_type": "book", "last_trade_price": "0.030"}, {"market": "0xffd42bdce94200f20a38815794379967cb003fc07d11a52b006daaa8895c4ccd", "asset_id": "20683053848530577779129976970679679060310038157022245216788907016410024230878", "timestamp": "1769382224344", "hash": "009204183d4d049343ca8027d9e77b2e2e7664a8", "bids": [{"price": "0.01", "size": "186.56"}, {"price": "0.02", "size": "162.33"}, {"price": "0.03", "size": "66"}, {"price": "0.04", "size": "50"}, {"price": "0.05", "size": "60"}], "asks": [{"price": "0.99", "size": "238.16"}, {"price": "0.98", "size": "12.72"}, {"price": "0.97", "size": "66"}, {"price": "0.96", "size": "99"}, {"price": "0.93", "size": "150"}, {"price": "0.6", "size": "100"}, {"price": "0.59", "size": "5"}], "event_type": "book", "last_trade_price": ""}]}
{"_local_timestamp": "2026-01-25T23:34:09.658809+00:00", "data": {"market": "0x63fdfe62e98e4dceb528e50001f50f70cef7dd900267da1ae7a524c152de69bc", "price_changes": [{"asset_id": "114199132545185559034195158103550808368600825764985943489640804088051298277753", "price": "0.07", "size": "30", "side": "BUY", "hash": "e7ed4d3a9c752e7cfaee9298f3273d2a3758ed88", "best_bid": "0.36", "best_ask": "0.94"}, {"asset_id": "109290088256510340174514537471992469877328783853073627487497444768618267365431", "price": "0.93", "size": "30", "side": "SELL", "hash": "2dd16221bdd0d6379591caec2cefd97db46cc44c", "best_bid": "0.06", "best_ask": "0.64"}], "timestamp": "1769384049584", "event_type": "price_change"}}
{"_local_timestamp": "2026-01-25T23:34:09.945375+00:00", "data": {"market": "0x63fdfe62e98e4dceb528e50001f50f70cef7dd900267da1ae7a524c152de69bc", "price_changes": [{"asset_id": "114199132545185559034195158103550808368600825764985943489640804088051298277753", "price": "0.36", "size": "0", "side": "BUY", "hash": "26f186d98d2304d753e9425518367e0778957485", "best_bid": "0.35", "best_ask": "0.94"}, {"asset_id": "109290088256510340174514537471992469877328783853073627487497444768618267365431", "price": "0.64", "size": "0", "side": "SELL", "hash": "a8bba282e952154a755f0547451c45087dfa3c29", "best_bid": "0.06", "best_ask": "0.65"}], "timestamp": "1769384049868", "event_type": "price_change"}}
{"_local_timestamp": "2026-01-25T23:34:14.926570+00:00", "data": {"market": "0x63fdfe62e98e4dceb528e50001f50f70cef7dd900267da1ae7a524c152de69bc", "price_changes": [{"asset_id": "114199132545185559034195158103550808368600825764985943489640804088051298277753", "price": "0.35", "size": "100", "side": "BUY", "hash": "f3e5c517afba3235ae9ead4bc171a21f1359721b", "best_bid": "0.35", "best_ask": "0.94"}, {"asset_id": "109290088256510340174514537471992469877328783853073627487497444768618267365431", "price": "0.65", "size": "100", "side": "SELL", "hash": "c538580c6da88d48075dab91d1acd35f960d3e21", "best_bid": "0.06", "best_ask": "0.65"}], "timestamp": "1769384054854", "event_type": "price_change"}}
{"_local_timestamp": "2026-01-25T23:34:15.423410+00:00", "data": {"market": "0x63fdfe62e98e4dceb528e50001f50f70cef7dd900267da1ae7a524c152de69bc", "price_changes": [{"asset_id": "114199132545185559034195158103550808368600825764985943489640804088051298277753", "price": "0.32", "size": "200", "side": "BUY", "hash": "1e3e64c97a289833dba50153ebc9adf12e8f7a68", "best_bid": "0.35", "best_ask": "0.94"}, {"asset_id": "109290088256510340174514537471992469877328783853073627487497444768618267365431", "price": "0.68", "size": "200", "side": "SELL", "hash": "b76a1a1a049d35705ba78cf0affdbff3f83d4dd5", "best_bid": "0.06", "best_ask": "0.65"}], "timestamp": "1769384055351", "event_type": "price_change"}}
