{"_local_timestamp": "2026-01-25T23:34:08.732521+00:00", "data": [{"market": "0xed20d796ac24407d60f3de6475a4f7d360957f2842198b916f9a448957fef756", "asset_id": "64376287326566180960720846531988366039976189621150153174273303262077624836598", "timestamp": "1769384046611", "hash": "0195762df5c9e595b779a44f07ade07060bd69f8", "bids": [{"price": "0.01", "size": "12449.18"}, {"price": "0.02", "size": "5109.31"}, {"price": "0.03", "size": "4005.79"}, {"price": "0.04", "size": "58.67"}, {"price": "0.05", "size": "170"}, {"price": "0.06", "size": "2008.04"}, {"price": "0.08", "size": "25"}, {"price": "0.09", "size": "6.44"}, {"price": "0.13", "size": "900"}, {"price": "0.14", "size": "6.93"}, {"price": "0.16", "size": "12.5"}, {"price": "0.2", "size": "50"}, {"price": "0.21", "size": "9.85"}, {"price": "0.29", "size": "10"}, {"price": "0.38", "size": "34.21"}, {"price": "0.39", "size": "28.2"}, {"price": "0.5", "size": "193"}], "asks": [{"price": "0.99", "size": "10460.58"}, {"price": "0.98", "size": "2114.84"}, {"price": "0.97", "size": "4159.6"}, {"price": "0.96", "size": "56.99"}, {"price": "0.95", "size": "25.26"}, {"price": "0.94", "size": "12.89"}, {"price": "0.92", "size": "25"}, {"price": "0.91", "size": "19.32"}, {"price": "0.87", "size": "100"}, {"price": "0.86", "size": "78.57"}, {"price": "0.84", "size": "12.5"}, {"price": "0.83", "size": "6.2"}, {"price": "0.79", "size": "25"}], "event_type": "book", "last_trade_price": ""}, {"market": "0xed20d796ac24407d60f3de6475a4f7d360957f2842198b916f9a448957fef756", "asset_id": "928022899863191374554031793728675062934463206102186333339355022099393821002", "timestamp": "1769384046611", "hash": "fa885bfa5821a69dfa3ff3b4ea194ec5c018c285", "bids": [{"price": "0.01", "size": "10460.58"}, {"price": "0.02", "size": "2114.84"}, {"price": "0.03", "size": "4159.6"}, {"price": "0.04", "size": "56.99"}, {"price": "0.05", "size": "25.26"}, {"price": "0.06", "size": "12.89"}, {"price": "0.08", "size": "25"}, {"price": "0.09", "size": "19.32"}, {"price": "0.13", "size": "100"}, {"price": "0.14", "size": "78.57"}, {"price": "0.16", "size": "12.5"}, {"price": "0.17", "size": "6.2"}, {"price": "0.21", "size": "25"}], "asks": [{"price": "0.99", "size": "12449.18"}, {"price": "0.98", "size": "5109.31"}, {"price": "0.97", "size": "4005.79"}, {"price": "0.96", "size": "58.67"}, {"price": "0.95", "size": "170"}, {"price": "0.94", "size": "2008.04"}, {"price": "0.92", "size": "25"}, {"price": "0.91", "size": "6.44"}, {"price": "0.87", "size": "900"}, {"price": "0.86", "size": "6.93"}, {"price": "0.84", "size": "12.5"}, {"price": "0.8", "size": "50"}, {"price": "0.79", "size": "9.85"}, {"price": "0.71", "size": "10"}, {"price": "0.62", "size": "34.21"}, {"price": "0.61", "size": "28.2"}, {"price": "0.5", "size": "193"}], "event_type": "book", "last_trade_price": ""}]}
{"_local_timestamp": "2026-01-25T23:35:27.539746+00:00", "data": {"market": "0xed20d796ac24407d60f3de6475a4f7d360957f2842198b916f9a448957fef756", "price_changes": [{"asset_id": "64376287326566180960720846531988366039976189621150153174273303262077624836598", "price": "0.14", "size": "0", "side": "BUY", "hash": "ac4f9b69f14b71791d6da3e8ed216044089525e3", "best_bid": "0.5", "best_ask": "0.79"}, {"asset_id": "928022899863191374554031793728675062934463206102186333339355022099393821002", "price": "0.86", "size": "0", "side": "SELL", "hash": "53d47185165ef4beeb6d3155734f5c8946821055", "best_bid": "0.21", "best_ask": "0.5"}], "timestamp": "1769384127251", "event_type": "price_change"}}
{"_local_timestamp": "2026-01-25T23:35:27.866741+00:00", "data": {"market": "0xed20d796ac24407d60f3de6475a4f7d360957f2842198b916f9a448957fef756", "price_changes": [{"asset_id": "64376287326566180960720846531988366039976189621150153174273303262077624836598", "price": "0.14", "size": "6.93", "side": "BUY", "hash": "5d1faf11e232a3a4f35e78352c15bd14a6f8d04e", "best_bid": "0.5", "best_ask": "0.79"}, {"asset_id": "928022899863191374554031793728675062934463206102186333339355022099393821002", "price": "0.86", "size": "6.93", "side": "SELL", "hash": "92c199ae42e970b26c543e3b5fae596341cdd442", "best_bid": "0.21", "best_ask": "0.5"}], "timestamp": "1769384127639", "event_type": "price_change"}}
{"_local_timestamp": "2026-01-25T23:37:04.434600+00:00", "data": {"market": "0xed20d796ac24407d60f3de6475a4f7d360957f2842198b916f9a448957fef756", "price_changes": [{"asset_id": "64376287326566180960720846531988366039976189621150153174273303262077624836598", "price": "0.14", "size": "0", "side": "BUY", "hash": "cf32540deb8d12f6e05a9806b8e24fac5c39f858", "best_bid": "0.5", "best_ask": "0.79"}, {"asset_id": "928022899863191374554031793728675062934463206102186333339355022099393821002", "price": "0.86", "size": "0", "side": "SELL", "hash": "faa40a84bd105594e91eacedd27172e469abb1a0", "best_bid": "0.21", "best_ask": "0.5"}], "timestamp": "1769384224366", "event_type": "price_change"}}
{"_local_timestamp": "2026-01-25T23:37:06.226967+00:00", "data": {"market": "0xed20d796ac24407d60f3de6475a4f7d360957f2842198b916f9a448957fef756", "price_changes": [{"asset_id": "64376287326566180960720846531988366039976189621150153174273303262077624836598", "price": "0.14", "size": "6.93", "side": "BUY", "hash": "53936fd704f93fc16d850b7ad8aad518e05022cd", "best_bid": "0.5", "best_ask": "0.79"}, {"asset_id": "928022899863191374554031793728675062934463206102186333339355022099393821002", "price": "0.86", "size": "6.93", "side": "SELL", "hash": "2a6c549d863def60b4666c5bade7cd66150a2d2b", "best_bid": "0.21", "best_ask": "0.5"}], "timestamp": "1769384226157", "event_type": "price_change"}}
