{"_local_timestamp": "2026-01-25T23:34:17.276973+00:00", "data": [{"market": "0xf3032e04d2e76e314afb161b520b67abe86414b9145be98371b445f68f3dfbf1", "asset_id": "47382701541188055340989453141355061230019909049960627243759125429703833293353", "timestamp": "1769383980439", "hash": "9a499caf4b79d4b14d9564270c2ff3ca6ac9bf2b", "bids": [{"price": "0.01", "size": "205"}, {"price": "0.02", "size": "28.12"}, {"price": "0.04", "size": "200"}, {"price": "0.05", "size": "380"}, {"price": "0.06", "size": "141.66"}, {"price": "0.07", "size": "149.25"}, {"price": "0.09", "size": "126.16"}, {"price": "0.12", "size": "1492.4"}, {"price": "0.13", "size": "1286.7"}], "asks": [{"price": "0.99", "size": "1205"}, {"price": "0.98", "size": "16.8"}, {"price": "0.95", "size": "500"}, {"price": "0.94", "size": "33"}, {"price": "0.91", "size": "611.11"}, {"price": "0.9", "size": "250"}, {"price": "0.89", "size": "6.03"}, {"price": "0.86", "size": "325"}, {"price": "0.8", "size": "250"}, {"price": "0.79", "size": "2093"}, {"price": "0.78", "size": "150"}, {"price": "0.67", "size": "275"}, {"price": "0.49", "size": "195.48"}, {"price": "0.35", "size": "50"}, {"price": "0.31", "size": "20"}, {"price": "0.3", "size": "100"}, {"price": "0.29", "size": "200"}, {"price": "0.26", "size": "100"}, {"price": "0.25", "size": "120"}, {"price": "0.23", "size": "16.88"}, {"price": "0.22", "size": "200"}, {"price": "0.21", "size": "113.92"}, {"price": "0.2", "size": "140.42"}, {"price": "0.18", "size": "120"}, {"price": "0.17", "size": "225"}, {"price": "0.16", "size": "395"}, {"price": "0.15", "size": "1673.98"}, {"price": "0.14", "size": "133.1"}], "event_type": "book", "last_trade_price": "0.140"}, {"market": "0xf3032e04d2e76e314afb161b520b67abe86414b9145be98371b445f68f3dfbf1", "asset_id": "13781630809575933584928675645501000497550347270238116265143112308697554548991", "timestamp": "1769383980439", "hash": "b7fe72b192b3a2ec21b215c96577094f149b0ce5", "bids": [{"price": "0.01", "size": "1205"}, {"price": "0.02", "size": "16.8"}, {"price": "0.05", "size": "500"}, {"price": "0.06", "size": "33"}, {"price": "0.09", "size": "611.11"}, {"price": "0.1", "size": "250"}, {"price": "0.11", "size": "6.03"}, {"price": "0.14", "size": "325"}, {"price": "0.2", "size": "250"}, {"price": "0.21", "size": "2093"}, {"price": "0.22", "size": "150"}, {"price": "0.33", "size": "275"}, {"price": "0.51", "size": "195.48"}, {"price": "0.65", "size": "50"}, {"price": "0.69", "size": "20"}, {"price": "0.7", "size": "100"}, {"price": "0.71", "size": "200"}, {"price": "0.74", "size": "100"}, {"price": "0.75", "size": "120"}, {"price": "0.77", "size": "16.88"}, {"price": "0.78", "size": "200"}, {"price": "0.79", "size": "113.92"}, {"price": "0.8", "size": "140.42"}, {"price": "0.82", "size": "120"}, {"price": "0.83", "size": "225"}, {"price": "0.84", "size": "395"}, {"price": "0.85", "size": "1673.98"}, {"price": "0.86", "size": "133.1"}], "asks": [{"price": "0.99", "size": "205"}, {"price": "0.98", "size": "28.12"}, {"price": "0.96", "size": "200"}, {"price": "0.95", "size": "380"}, {"price": "0.94", "size": "141.66"}, {"price": "0.93", "size": "149.25"}, {"price": "0.91", "size": "126.16"}, {"price": "0.88", "size": "1492.4"}, {"price": "0.87", "size": "1286.7"}], "event_type": "book", "last_trade_price": "0.140"}]}
{"_local_timestamp": "2026-01-25T23:34:19.901136+00:00", "data": {"market": "0xf3032e04d2e76e314afb161b520b67abe86414b9145be98371b445f68f3dfbf1", "price_changes": [{"asset_id": "13781630809575933584928675645501000497550347270238116265143112308697554548991", "price": "0.21", "size": "95", "side": "BUY", "hash": "d69b595db5c81dac78b132999adb40476c9516a4", "best_bid": "0.86", "best_ask": "0.87"}, {"asset_id": "47382701541188055340989453141355061230019909049960627243759125429703833293353", "price": "0.79", "size": "95", "side": "SELL", "hash": "71995784e66dc71b7b01595fb476a9ed85e61d9b", "best_bid": "0.13", "best_ask": "0.14"}], "timestamp": "1769384059762", "event_type": "price_change"}}
{"_local_timestamp": "2026-01-25T23:34:55.219206+00:00", "data": {"market": "0xf3032e04d2e76e314afb161b520b67abe86414b9145be98371b445f68f3dfbf1", "price_changes": [{"asset_id": "13781630809575933584928675645501000497550347270238116265143112308697554548991", "price": "0.23", "size": "1826", "side": "BUY", "hash": "297096af2ee5dbd9b7611cb07ad03f0c900ff012", "best_bid": "0.86", "best_ask": "0.87"}, {"asset_id": "47382701541188055340989453141355061230019909049960627243759125429703833293353", "price": "0.77", "size": "1826", "side": "SELL", "hash": "c22adc26717dc2ee3390626925fc1b3cf41ed0f1", "best_bid": "0.13", "best_ask": "0.14"}], "timestamp": "1769384095142", "event_type": "price_change"}}
{"_local_timestamp": "2026-01-25T23:35:26.684973+00:00", "data": {"market": "0xf3032e04d2e76e314afb161b520b67abe86414b9145be98371b445f68f3dfbf1", "price_changes": [{"asset_id": "13781630809575933584928675645501000497550347270238116265143112308697554548991", "price": "0.22", "size": "100", "side": "BUY", "hash": "9c3225729b8b351e5dc7177b89072211455c8cd2", "best_bid": "0.86", "best_ask": "0.87"}, {"asset_id": "47382701541188055340989453141355061230019909049960627243759125429703833293353", "price": "0.78", "size": "100", "side": "SELL", "hash": "cbc048d67f81bcd4a82169e1d2c07b6103fbdb5d", "best_bid": "0.13", "best_ask": "0.14"}], "timestamp": "1769384126561", "event_type": "price_change"}}
{"_local_timestamp": "2026-01-25T23:35:27.053325+00:00", "data": {"market": "0xf3032e04d2e76e314afb161b520b67abe86414b9145be98371b445f68f3dfbf1", "price_changes": [{"asset_id": "13781630809575933584928675645501000497550347270238116265143112308697554548991", "price": "0.21", "size": "145", "side": "BUY", "hash": "d518c350d37352a81b2620861cb8b12ec15a6cfd", "best_bid": "0.86", "best_ask": "0.87"}, {"asset_id": "47382701541188055340989453141355061230019909049960627243759125429703833293353", "price": "0.79", "size": "145", "side": "SELL", "hash": "696d52a829493cb6f475ad4864d8b0a5bdcd3745", "best_bid": "0.13", "best_ask": "0.14"}], "timestamp": "1769384126876", "event_type": "price_change"}}
{"_local_timestamp": "2026-01-25T23:35:27.310272+00:00", "data": {"market": "0xf3032e04d2e76e314afb161b520b67abe86414b9145be98371b445f68f3dfbf1", "price_changes": [{"asset_id": "47382701541188055340989453141355061230019909049960627243759125429703833293353", "price": "0.02", "size": "11.48", "side": "BUY", "hash": "990f2417f224c5cf96950fc98b1466016a58b8d9", "best_bid": "0.13", "best_ask": "0.14"}, {"asset_id": "13781630809575933584928675645501000497550347270238116265143112308697554548991", "price": "0.98", "size": "11.48", "side": "SELL", "hash": "dc9659cfd672b56503789455e2cb7c84ffb2e906", "best_bid": "0.86", "best_ask": "0.87"}], "timestamp": "1769384127067", "event_type": "price_change"}}
{"_local_timestamp": "2026-01-25T23:35:27.591970+00:00", "data": {"market": "0xf3032e04d2e76e314afb161b520b67abe86414b9145be98371b445f68f3dfbf1", "price_changes": [{"asset_id": "47382701541188055340989453141355061230019909049960627243759125429703833293353", "price": "0.03", "size": "11.09", "side": "BUY", "hash": "85cb487191957f00fdf366f5cad98ec55f970dc3", "best_bid": "0.13", "best_ask": "0.14"}, {"asset_id": "13781630809575933584928675645501000497550347270238116265143112308697554548991", "price": "0.97", "size": "11.09", "side": "SELL", "hash": "975943496037b2b57c6b8bffa0b5cf08451b7b57", "best_bid": "0.86", "best_ask": "0.87"}], "timestamp": "1769384127509", "event_type": "price_change"}}
{"_local_timestamp": "2026-01-25T23:37:13.067947+00:00", "data": {"market": "0xf3032e04d2e76e314afb161b520b67abe86414b9145be98371b445f68f3dfbf1", "price_changes": [{"asset_id": "13781630809575933584928675645501000497550347270238116265143112308697554548991", "price": "0.21", "size": "95", "side": "BUY", "hash": "88bc2f16f5ae4004b4d4a1906bd7e3986b8624f0", "best_bid": "0.86", "best_ask": "0.87"}, {"asset_id": "47382701541188055340989453141355061230019909049960627243759125429703833293353", "price": "0.79", "size": "95", "side": "SELL", "hash": "fe77f385123e784fcec0a3c6be65cd0ea95db051", "best_bid": "0.13", "best_ask": "0.14"}], "timestamp": "1769384232997", "event_type": "price_change"}}
{"_local_timestamp": "2026-01-25T23:37:13.468144+00:00", "data": {"market": "0xf3032e04d2e76e314afb161b520b67abe86414b9145be98371b445f68f3dfbf1", "price_changes": [{"asset_id": "13781630809575933584928675645501000497550347270238116265143112308697554548991", "price": "0.23", "size": "1876", "side": "BUY", "hash": "5c4e548b2bf87be693f1bd66b5ef5ae49798964a", "best_bid": "0.86", "best_ask": "0.87"}, {"asset_id": "47382701541188055340989453141355061230019909049960627243759125429703833293353", "price": "0.77", "size": "1876", "side": "SELL", "hash": "9bdf38a62f19d05763f5520f04eca7bcb6b085df", "best_bid": "0.13", "best_ask": "0.14"}], "timestamp": "1769384233357", "event_type": "price_change"}}
{"_local_timestamp": "2026-01-25T23:37:35.193782+00:00", "data": {"market": "0xf3032e04d2e76e314afb161b520b67abe86414b9145be98371b445f68f3dfbf1", "price_changes": [{"asset_id": "13781630809575933584928675645501000497550347270238116265143112308697554548991", "price": "0.23", "size": "50", "side": "BUY", "hash": "559da26f0923d67dcde8fa475cb13853863c5432", "best_bid": "0.86", "best_ask": "0.87"}, {"asset_id": "47382701541188055340989453141355061230019909049960627243759125429703833293353", "price": "0.77", "size": "50", "side": "SELL", "hash": "129414c6c51918f412d5e15cf33f9ed4939723c5", "best_bid": "0.13", "best_ask": "0.14"}], "timestamp": "1769384255115", "event_type": "price_change"}}
{"_local_timestamp": "2026-01-25T23:38:21.112654+00:00", "data": {"market": "0xf3032e04d2e76e314afb161b520b67abe86414b9145be98371b445f68f3dfbf1", "price_changes": [{"asset_id": "13781630809575933584928675645501000497550347270238116265143112308697554548991", "price": "0.21", "size": "2093", "side": "BUY", "hash": "a74db484d07dbf546270d4ee730801ab7dbe7dc1", "best_bid": "0.86", "best_ask": "0.87"}, {"asset_id": "47382701541188055340989453141355061230019909049960627243759125429703833293353", "price": "0.79", "size": "2093", "side": "SELL", "hash": "5ed18b69877849f0110ee4e130ab71f9607a333f", "best_bid": "0.13", "best_ask": "0.14"}], "timestamp": "1769384301016", "event_type": "price_change"}}
{"_local_timestamp": "2026-01-25T23:39:05.710077+00:00", "data": {"market": "0xf3032e04d2e76e314afb161b520b67abe86414b9145be98371b445f68f3dfbf1", "price_changes": [{"asset_id": "47382701541188055340989453141355061230019909049960627243759125429703833293353", "price": "0.03", "size": "0", "side": "BUY", "hash": "9d65840c418c9f5ba638e008a00459b2a97f3b5c", "best_bid": "0.13", "best_ask": "0.14"}, {"asset_id": "13781630809575933584928675645501000497550347270238116265143112308697554548991", "price": "0.97", "size": "0", "side": "SELL", "hash": "75441ec809708d7ca2ff54cc3e434717241ad2ce", "best_bid": "0.86", "best_ask": "0.87"}], "timestamp": "1769384345641", "event_type": "price_change"}}
{"_local_timestamp": "2026-01-25T23:39:06.189855+00:00", "data": {"market": "0xf3032e04d2e76e314afb161b520b67abe86414b9145be98371b445f68f3dfbf1", "price_changes": [{"asset_id": "47382701541188055340989453141355061230019909049960627243759125429703833293353", "price": "0.04", "size": "208.32", "side": "BUY", "hash": "68baf5afff2ec64e5ac2c72636ef2d5f2dda4b38", "best_bid": "0.13", "best_ask": "0.14"}, {"asset_id": "13781630809575933584928675645501000497550347270238116265143112308697554548991", "price": "0.96", "size": "208.32", "side": "SELL", "hash": "0e95e03b665e6c0a0d82569f41fe2b39225f5629", "best_bid": "0.86", "best_ask": "0.87"}], "timestamp": "1769384346055", "event_type": "price_change"}}
{"_local_timestamp": "2026-01-25T23:39:20.486847+00:00", "data": {"market": "0xf3032e04d2e76e314afb161b520b67abe86414b9145be98371b445f68f3dfbf1", "price_changes": [{"asset_id": "13781630809575933584928675645501000497550347270238116265143112308697554548991", "price": "0.21", "size": "95", "side": "BUY", "hash": "762355305a464ba5481b70da66c663813c2c2b59", "best_bid": "0.86", "best_ask": "0.87"}, {"asset_id": "47382701541188055340989453141355061230019909049960627243759125429703833293353", "price": "0.79", "size": "95", "side": "SELL", "hash": "5aba131f621b97dbc0adbd3cbd646998f2221b5b", "best_bid": "0.13", "best_ask": "0.14"}], "timestamp": "1769384360342", "event_type": "price_change"}}
{"_local_timestamp": "2026-01-25T23:39:22.066973+00:00", "data": {"market": "0xf3032e04d2e76e314afb161b520b67abe86414b9145be98371b445f68f3dfbf1", "price_changes": [{"asset_id": "13781630809575933584928675645501000497550347270238116265143112308697554548991", "price": "0.22", "size": "0", "side": "BUY", "hash": "95106a90e7dd2aed28be05fd7cfd61d91ef341ee", "best_bid": "0.86", "best_ask": "0.87"}, {"asset_id": "47382701541188055340989453141355061230019909049960627243759125429703833293353", "price": "0.78", "size": "0", "side": "SELL", "hash": "4e2ad7ac558ba0bd172e91e9c16f2faa6e5fc620", "best_bid": "0.13", "best_ask": "0.14"}], "timestamp": "1769384361990", "event_type": "price_change"}}
{"_local_timestamp": "2026-01-25T23:39:22.898214+00:00", "data": {"market": "0xf3032e04d2e76e314afb161b520b67abe86414b9145be98371b445f68f3dfbf1", "price_changes": [{"asset_id": "13781630809575933584928675645501000497550347270238116265143112308697554548991", "price": "0.23", "size": "150", "side": "BUY", "hash": "5b7f2293fe5017b57f05040b3e631a942e0df651", "best_bid": "0.86", "best_ask": "0.87"}, {"asset_id": "47382701541188055340989453141355061230019909049960627243759125429703833293353", "price": "0.77", "size": "150", "side": "SELL", "hash": "82923ff5127c04883c6dc0e3a0466d30b0b28dce", "best_bid": "0.13", "best_ask": "0.14"}], "timestamp": "1769384362693", "event_type": "price_change"}}
{"_local_timestamp": "2026-01-25T23:40:15.748509+00:00", "data": {"market": "0xf3032e04d2e76e314afb161b520b67abe86414b9145be98371b445f68f3dfbf1", "price_changes": [{"asset_id": "13781630809575933584928675645501000497550347270238116265143112308697554548991", "price": "0.22", "size": "1908", "side": "BUY", "hash": "85983c388f414f136777fa3d693398e167cae7f6", "best_bid": "0.86", "best_ask": "0.87"}, {"asset_id": "47382701541188055340989453141355061230019909049960627243759125429703833293353", "price": "0.78", "size": "1908", "side": "SELL", "hash": "7247f6b247bc1d8d4c8cf33ad9af44950de3d783", "best_bid": "0.13", "best_ask": "0.14"}], "timestamp": "1769384415681", "event_type": "price_change"}}
