{"_local_timestamp": "2026-01-25T23:33:31.671700+00:00", "data": [{"market": "0x91e1fd434dac06d1c785b1f32869c682200dc837a2752281a42dd58dd5507d87", "asset_id": "109352219622455616435538919163921552382988340896057957245134720232402540639517", "timestamp": "1769383921275", "hash": "7c621754009fdff8f05039ca3b2018aba677a3b6", "bids": [{"price": "0.01", "size": "5009.77"}, {"price": "0.02", "size": "2000"}, {"price": "0.03", "size": "8.02"}, {"price": "0.05", "size": "310"}, {"price": "0.08", "size": "1050"}, {"price": "0.09", "size": "7.35"}, {"price": "0.12", "size": "608.33"}, {"price": "0.16", "size": "200"}, {"price": "0.19", "size": "842"}, {"price": "0.2", "size": "440"}, {"price": "0.21", "size": "400"}, {"price": "0.22", "size": "1908"}, {"price": "0.24", "size": "108.33"}, {"price": "0.27", "size": "50"}, {"price": "0.28", "size": "85.71"}, {"price": "0.32", "size": "62.5"}, {"price": "0.35", "size": "242.5"}, {"price": "0.36", "size": "3161"}, {"price": "0.37", "size": "5"}, {"price": "0.45", "size": "120"}, {"price": "0.57", "size": "15"}, {"price": "0.59", "size": "15"}, {"price": "0.6", "size": "21.66"}, {"price": "0.68", "size": "125"}, {"price": "0.69", "size": "15.94"}, {"price": "0.7", "size": "6.54"}, {"price": "0.75", "size": "736"}, {"price": "0.76", "size": "178.43"}], "asks": [{"price": "0.99", "size": "6007.61"}, {"price": "0.98", "size": "4500"}, {"price": "0.97", "size": "142.11"}, {"price": "0.95", "size": "250"}, {"price": "0.94", "size": "75"}, {"price": "0.93", "size": "9.29"}, {"price": "0.91", "size": "57.03"}, {"price": "0.89", "size": "70"}, {"price": "0.87", "size": "100"}, {"price": "0.86", "size": "364.57"}, {"price": "0.81", "size": "391.21"}, {"price": "0.8", "size": "201.92"}, {"price": "0.79", "size": "955.99"}, {"price": "0.78", "size": "317.69"}], "event_type": "book", "last_trade_price": "0.760"}, {"market": "0x91e1fd434dac06d1c785b1f32869c682200dc837a2752281a42dd58dd5507d87", "asset_id": "32196105699035958085826155297370058298686853783926607493036103483812181218437", "timestamp": "1769383921275", "hash": "87083fbd5c26e15a6fbdf8350e404ebd119e1333", "bids": [{"price": "0.01", "size": "6007.61"}, {"price": "0.02", "size": "4500"}, {"price": "0.03", "size": "142.11"}, {"price": "0.05", "size": "250"}, {"price": "0.06", "size": "75"}, {"price": "0.07", "size": "9.29"}, {"price": "0.09", "size": "57.03"}, {"price": "0.11", "size": "70"}, {"price": "0.13", "size": "100"}, {"price": "0.14", "size": "364.57"}, {"price": "0.19", "size": "391.21"}, {"price": "0.2", "size": "201.92"}, {"price": "0.21", "size": "955.99"}, {"price": "0.22", "size": "317.69"}], "asks": [{"price": "0.99", "size": "5009.77"}, {"price": "0.98", "size": "2000"}, {"price": "0.97", "size": "8.02"}, {"price": "0.95", "size": "310"}, {"price": "0.92", "size": "1050"}, {"price": "0.91", "size": "7.35"}, {"price": "0.88", "size": "608.33"}, {"price": "0.84", "size": "200"}, {"price": "0.81", "size": "842"}, {"price": "0.8", "size": "440"}, {"price": "0.79", "size": "400"}, {"price": "0.78", "size": "1908"}, {"price": "0.76", "size": "108.33"}, {"price": "0.73", "size": "50"}, {"price": "0.72", "size": "85.71"}, {"price": "0.68", "size": "62.5"}, {"price": "0.65", "size": "242.5"}, {"price": "0.64", "size": "3161"}, {"price": "0.63", "size": "5"}, {"price": "0.55", "size": "120"}, {"price": "0.43", "size": "15"}, {"price": "0.41", "size": "15"}, {"price": "0.4", "size": "21.66"}, {"price": "0.32", "size": "125"}, {"price": "0.31", "size": "15.94"}, {"price": "0.3", "size": "6.54"}, {"price": "0.25", "size": "736"}, {"price": "0.24", "size": "178.43"}], "event_type": "book", "last_trade_price": "0.760"}]}
{"_local_timestamp": "2026-01-25T23:33:33.361069+00:00", "data": {"market": "0x91e1fd434dac06d1c785b1f32869c682200dc837a2752281a42dd58dd5507d87", "price_changes": [{"asset_id": "109352219622455616435538919163921552382988340896057957245134720232402540639517", "price": "0.2", "size": "390", "side": "BUY", "hash": "7ed582feb45b5e54b0862258eb3c084ad8a094ca", "best_bid": "0.76", "best_ask": "0.78"}, {"asset_id": "32196105699035958085826155297370058298686853783926607493036103483812181218437", "price": "0.8", "size": "390", "side": "SELL", "hash": "8636edb0836ffad94182088d169f2a5967ba9656", "best_bid": "0.22", "best_ask": "0.24"}], "timestamp": "1769384013152", "event_type": "price_change"}}
{"_local_timestamp": "2026-01-25T23:33:33.672075+00:00", "data": {"market": "0x91e1fd434dac06d1c785b1f32869c682200dc837a2752281a42dd58dd5507d87", "price_changes": [{"asset_id": "109352219622455616435538919163921552382988340896057957245134720232402540639517", "price": "0.22", "size": "1958", "side": "BUY", "hash": "6750b19cc4e4ec178c9b9dfb1bfd7b5334ca0f83", "best_bid": "0.76", "best_ask": "0.78"}, {"asset_id": "32196105699035958085826155297370058298686853783926607493036103483812181218437", "price": "0.78", "size": "1958", "side": "SELL", "hash": "13e830b549d295fb09803a763007290269ad282c", "best_bid": "0.22", "best_ask": "0.24"}], "timestamp": "1769384013533", "event_type": "price_change"}}
{"_local_timestamp": "2026-01-25T23:33:40.348380+00:00", "data": {"market": "0x91e1fd434dac06d1c785b1f32869c682200dc837a2752281a42dd58dd5507d87", "price_changes": [{"asset_id": "109352219622455616435538919163921552382988340896057957245134720232402540639517", "price": "0.35", "size": "192.5", "side": "BUY", "hash": "392a47fbf76e78ce23a7072c7a4b85ecdeaf9c33", "best_bid": "0.76", "best_ask": "0.78"}, {"asset_id": "32196105699035958085826155297370058298686853783926607493036103483812181218437", "price": "0.65", "size": "192.5", "side": "SELL", "hash": "5d83037e39b56490888b5607ecb944c355d509fd", "best_bid": "0.22", "best_ask": "0.24"}], "timestamp": "1769384020106", "event_type": "price_change"}}
{"_local_timestamp": "2026-01-25T23:33:40.360299+00:00", "data": {"market": "0x91e1fd434dac06d1c785b1f32869c682200dc837a2752281a42dd58dd5507d87", "price_changes": [{"asset_id": "109352219622455616435538919163921552382988340896057957245134720232402540639517", "price": "0.2", "size": "290", "side": "BUY", "hash": "392a47fbf76e78ce23a7072c7a4b85ecdeaf9c33", "best_bid": "0.76", "best_ask": "0.78"}, {"asset_id": "32196105699035958085826155297370058298686853783926607493036103483812181218437", "price": "0.8", "size": "290", "side": "SELL", "hash": "5d83037e39b56490888b5607ecb944c355d509fd", "best_bid": "0.22", "best_ask": "0.24"}], "timestamp": "1769384020106", "event_type": "price_change"}}
{"_local_timestamp": "2026-01-25T23:33:40.678820+00:00", "data": {"market": "0x91e1fd434dac06d1c785b1f32869c682200dc837a2752281a42dd58dd5507d87", "price_changes": [{"asset_id": "109352219622455616435538919163921552382988340896057957245134720232402540639517", "price": "0.19", "size": "942", "side": "BUY", "hash": "7ed03592314220e27441265b2000b59c1af6fc63", "best_bid": "0.76", "best_ask": "0.78"}, {"asset_id": "32196105699035958085826155297370058298686853783926607493036103483812181218437", "price": "0.81", "size": "942", "side": "SELL", "hash": "5b08576df4e26cccccc5865b57168680b4354a59", "best_bid": "0.22", "best_ask": "0.24"}], "timestamp": "1769384020531", "event_type": "price_change"}}
{"_local_timestamp": "2026-01-25T23:33:40.827148+00:00", "data": {"market": "0x91e1fd434dac06d1c785b1f32869c682200dc837a2752281a42dd58dd5507d87", "price_changes": [{"asset_id": "109352219622455616435538919163921552382988340896057957245134720232402540639517", "price": "0.22", "size": "2008", "side": "BUY", "hash": "fabc7405484d16121268d7882f221d74a5227b59", "best_bid": "0.76", "best_ask": "0.78"}, {"asset_id": "32196105699035958085826155297370058298686853783926607493036103483812181218437", "price": "0.78", "size": "2008", "side": "SELL", "hash": "a184e6073610a660f4e700ea8a1d08316234a7a4", "best_bid": "0.22", "best_ask": "0.24"}], "timestamp": "1769384020571", "event_type": "price_change"}}
