{"_local_timestamp": "2026-01-25T23:40:41.476693+00:00", "data": [{"market": "0x91e1fd434dac06d1c785b1f32869c682200dc837a2752281a42dd58dd5507d87", "asset_id": "32196105699035958085826155297370058298686853783926607493036103483812181218437", "timestamp": "1769384439703", "hash": "26d02e3ea677c85b5317c1c56bbc868f81dd6362", "bids": [{"price": "0.01", "size": "6007.61"}, {"price": "0.02", "size": "500"}, {"price": "0.03", "size": "142.11"}, {"price": "0.05", "size": "250"}, {"price": "0.06", "size": "75"}, {"price": "0.07", "size": "9.29"}, {"price": "0.09", "size": "57.03"}, {"price": "0.11", "size": "70"}, {"price": "0.13", "size": "100"}, {"price": "0.14", "size": "78.57"}, {"price": "0.19", "size": "285.21"}, {"price": "0.2", "size": "151.92"}, {"price": "0.21", "size": "944.99"}, {"price": "0.22", "size": "317.69"}], "asks": [{"price": "0.99", "size": "5009.77"}, {"price": "0.98", "size": "2000"}, {"price": "0.97", "size": "8.02"}, {"price": "0.95", "size": "310"}, {"price": "0.92", "size": "1050"}, {"price": "0.91", "size": "7.35"}, {"price": "0.88", "size": "608.33"}, {"price": "0.84", "size": "200"}, {"price": "0.81", "size": "1092"}, {"price": "0.8", "size": "140"}, {"price": "0.78", "size": "200"}, {"price": "0.77", "size": "300"}, {"price": "0.76", "size": "108.33"}, {"price": "0.73", "size": "50"}, {"price": "0.72", "size": "85.71"}, {"price": "0.68", "size": "62.5"}, {"price": "0.65", "size": "192.5"}, {"price": "0.64", "size": "3161"}, {"price": "0.63", "size": "5"}, {"price": "0.55", "size": "120"}, {"price": "0.43", "size": "15"}, {"price": "0.41", "size": "15"}, {"price": "0.4", "size": "21.66"}, {"price": "0.32", "size": "125"}, {"price": "0.31", "size": "15.94"}, {"price": "0.3", "size": "6.54"}, {"price": "0.25", "size": "756"}, {"price": "0.24", "size": "178.43"}], "event_type": "book", "last_trade_price": "0.760"}, {"market": "0x91e1fd434dac06d1c785b1f32869c682200dc837a2752281a42dd58dd5507d87", "asset_id": "109352219622455616435538919163921552382988340896057957245134720232402540639517", "timestamp": "1769384439703", "hash": "a762fdcbe6ea2452e52c22b21da96389a2c179b9", "bids": [{"price": "0.01", "size": "5009.77"}, {"price": "0.02", "size": "2000"}, {"price": "0.03", "size": "8.02"}, {"price": "0.05", "size": "310"}, {"price": "0.08", "size": "1050"}, {"price": "0.09", "size": "7.35"}, {"price": "0.12", "size": "608.33"}, {"price": "0.16", "size": "200"}, {"price": "0.19", "size": "1092"}, {"price": "0.2", "size": "140"}, {"price": "0.22", "size": "200"}, {"price": "0.23", "size": "300"}, {"price": "0.24", "size": "108.33"}, {"price": "0.27", "size": "50"}, {"price": "0.28", "size": "85.71"}, {"price": "0.32", "size": "62.5"}, {"price": "0.35", "size": "192.5"}, {"price": "0.36", "size": "3161"}, {"price": "0.37", "size": "5"}, {"price": "0.45", "size": "120"}, {"price": "0.57", "size": "15"}, {"price": "0.59", "size": "15"}, {"price": "0.6", "size": "21.66"}, {"price": "0.68", "size": "125"}, {"price": "0.69", "size": "15.94"}, {"price": "0.7", "size": "6.54"}, {"price": "0.75", "size": "756"}, {"price": "0.76", "size": "178.43"}], "asks": [{"price": "0.99", "size": "6007.61"}, {"price": "0.98", "size": "500"}, {"price": "0.97", "size": "142.11"}, {"price": "0.95", "size": "250"}, {"price": "0.94", "size": "75"}, {"price": "0.93", "size": "9.29"}, {"price": "0.91", "size": "57.03"}, {"price": "0.89", "size": "70"}, {"price": "0.87", "size": "100"}, {"price": "0.86", "size": "78.57"}, {"price": "0.81", "size": "285.21"}, {"price": "0.8", "size": "151.92"}, {"price": "0.79", "size": "944.99"}, {"price": "0.78", "size": "317.69"}], "event_type": "book", "last_trade_price": "0.760"}]}
{"_local_timestamp": "2026-01-25T23:40:41.570413+00:00", "data": {"market": "0x91e1fd434dac06d1c785b1f32869c682200dc837a2752281a42dd58dd5507d87", "price_changes": [{"asset_id": "109352219622455616435538919163921552382988340896057957245134720232402540639517", "price": "0.24", "size": "1856.33", "side": "BUY", "hash": "99e9a45c121f61a7caba448f73b8d60d94d8c3a3", "best_bid": "0.76", "best_ask": "0.78"}, {"asset_id": "32196105699035958085826155297370058298686853783926607493036103483812181218437", "price": "0.76", "size": "1856.33", "side": "SELL", "hash": "b2a1b035992f06077e997662f9d577eff1080a7f", "best_bid": "0.22", "best_ask": "0.24"}], "timestamp": "1769384441508", "event_type": "price_change"}}
{"_local_timestamp": "2026-01-25T23:41:10.131310+00:00", "data": {"market": "0x91e1fd434dac06d1c785b1f32869c682200dc837a2752281a42dd58dd5507d87", "price_changes": [{"asset_id": "109352219622455616435538919163921552382988340896057957245134720232402540639517", "price": "0.75", "size": "716", "side": "BUY", "hash": "538a0458146e839a571041beacd4c35a2f1bbf2f", "best_bid": "0.76", "best_ask": "0.78"}, {"asset_id": "32196105699035958085826155297370058298686853783926607493036103483812181218437", "price": "0.25", "size": "716", "side": "SELL", "hash": "730b4920f807dba5ac4a23e5bcccee3c666cca51", "best_bid": "0.22", "best_ask": "0.24"}], "timestamp": "1769384470002", "event_type": "price_change"}}
{"_local_timestamp": "2026-01-25T23:41:10.135727+00:00", "data": {"market": "0x91e1fd434dac06d1c785b1f32869c682200dc837a2752281a42dd58dd5507d87", "price_changes": [{"asset_id": "32196105699035958085826155297370058298686853783926607493036103483812181218437", "price": "0.21", "size": "905", "side": "BUY", "hash": "69102e1e19904b9636d2f82990b8a968dc9595bd", "best_bid": "0.22", "best_ask": "0.24"}, {"asset_id": "109352219622455616435538919163921552382988340896057957245134720232402540639517", "price": "0.79", "size": "905", "side": "SELL", "hash": "dfe8fe5c013c30977d2fe2de857a65574eb34cb8", "best_bid": "0.76", "best_ask": "0.78"}], "timestamp": "1769384470006", "event_type": "price_change"}}
{"_local_timestamp": "2026-01-25T23:41:12.831061+00:00", "data": {"market": "0x91e1fd434dac06d1c785b1f32869c682200dc837a2752281a42dd58dd5507d87", "price_changes": [{"asset_id": "32196105699035958085826155297370058298686853783926607493036103483812181218437", "price": "0.19", "size": "391.21", "side": "BUY", "hash": "8f72750f1df0b6d9a868f1449bf04e9bccb19a79", "best_bid": "0.22", "best_ask": "0.24"}, {"asset_id": "109352219622455616435538919163921552382988340896057957245134720232402540639517", "price": "0.81", "size": "391.21", "side": "SELL", "hash": "abb8b44a43299e22bd1f52c83cc4c09ddab640fd", "best_bid": "0.76", "best_ask": "0.78"}], "timestamp": "1769384472762", "event_type": "price_change"}}
{"_local_timestamp": "2026-01-25T23:41:12.835684+00:00", "data": {"market": "0x91e1fd434dac06d1c785b1f32869c682200dc837a2752281a42dd58dd5507d87", "price_changes": [{"asset_id": "32196105699035958085826155297370058298686853783926607493036103483812181218437", "price": "0.14", "size": "364.57", "side": "BUY", "hash": "6e95f191e103c14c385beebcf9a157f29f43ff55", "best_bid": "0.22", "best_ask": "0.24"}, {"asset_id": "109352219622455616435538919163921552382988340896057957245134720232402540639517", "price": "0.86", "size": "364.57", "side": "SELL", "hash": "be823b2c180661cd4168cbd6eba7825919ce5d70", "best_bid": "0.76", "best_ask": "0.78"}], "timestamp": "1769384472763", "event_type": "price_change"}}
{"_local_timestamp": "2026-01-25T23:41:12.836760+00:00", "data": {"market": "0x91e1fd434dac06d1c785b1f32869c682200dc837a2752281a42dd58dd5507d87", "price_changes": [{"asset_id": "32196105699035958085826155297370058298686853783926607493036103483812181218437", "price": "0.2", "size": "201.92", "side": "BUY", "hash": "987c84ae6b9d9006ab815a2329fb340951e672e0", "best_bid": "0.22", "best_ask": "0.24"}, {"asset_id": "109352219622455616435538919163921552382988340896057957245134720232402540639517", "price": "0.8", "size": "201.92", "side": "SELL", "hash": "28a8710227b0d9ac6d344ba94f49bfb4a9d8e06f", "best_bid": "0.76", "best_ask": "0.78"}], "timestamp": "1769384472763", "event_type": "price_change"}}
{"_local_timestamp": "2026-01-25T23:41:12.839161+00:00", "data": {"market": "0x91e1fd434dac06d1c785b1f32869c682200dc837a2752281a42dd58dd5507d87", "price_changes": [{"asset_id": "32196105699035958085826155297370058298686853783926607493036103483812181218437", "price": "0.02", "size": "4500", "side": "BUY", "hash": "36358c3a7a946295f79bcb6f4f2e003d69ade818", "best_bid": "0.22", "best_ask": "0.24"}, {"asset_id": "109352219622455616435538919163921552382988340896057957245134720232402540639517", "price": "0.98", "size": "4500", "side": "SELL", "hash": "f882660464a1cfaaff6b2a50539b427bbd1edfc3", "best_bid": "0.76", "best_ask": "0.78"}], "timestamp": "1769384472764", "event_type": "price_change"}}
