{"_local_timestamp": "2026-01-25T23:40:41.476693+00:00", "data": [{"market": "0x91e1fd434dac06d1c785b1f32869c682200dc837a2752281a42dd58dd5507d87", "asset_id": "32196105699035958085826155297370058298686853783926607493036103483812181218437", "timestamp": "1769384439703", "hash": "26d02e3ea677c85b5317c1c56bbc868f81dd6362", "bids": [{"price": "0.01", "size": "6007.61"}, {"price": "0.02", "size": "500"}, {"price": "0.03", "size": "142.11"}, {"price": "0.05", "size": "250"}, {"price": "0.06", "size": "75"}, {"price": "0.07", "size": "9.29"}, {"price": "0.09", "size": "57.03"}, {"price": "0.11", "size": "70"}, {"price": "0.13", "size": "100"}, {"price": "0.14", "size": "78.57"}, {"price": "0.19", "size": "285.21"}, {"price": "0.2", "size": "151.92"}, {"price": "0.21", "size": "944.99"}, {"price": "0.22", "size": "317.69"}], "asks": [{"price": "0.99", "size": "5009.77"}, {"price": "0.98", "size": "2000"}, {"price": "0.97", "size": "8.02"}, {"price": "0.95", "size": "310"}, {"price": "0.92", "size": "1050"}, {"price": "0.91", "size": "7.35"}, {"price": "0.88", "size": "608.33"}, {"price": "0.84", "size": "200"}, {"price": "0.81", "size": "1092"}, {"price": "0.8", "size": "140"}, {"price": "0.78", "size": "200"}, {"price": "0.77", "size": "300"}, {"price": "0.76", "size": "108.33"}, {"price": "0.73", "size": "50"}, {"price": "0.72", "size": "85.71"}, {"price": "0.68", "size": "62.5"}, {"price": "0.65", "size": "192.5"}, {"price": "0.64", "size": "3161"}, {"price": "0.63", "size": "5"}, {"price": "0.55", "size": "120"}, {"price": "0.43", "size": "15"}, {"price": "0.41", "size": "15"}, {"price": "0.4", "size": "21.66"}, {"price": "0.32", "size": "125"}, {"price": "0.31", "size": "15.94"}, {"price": "0.3", "size": "6.54"}, {"price": "0.25", "size": "756"}, {"price": "0.24", "size": "178.43"}], "event_type": "book", "last_trade_price": "0.760"}, {"market": "0x91e1fd434dac06d1c785b1f32869c682200dc837a2752281a42dd58dd5507d87", "asset_id": "109352219622455616435538919163921552382988340896057957245134720232402540639517", "timestamp": "1769384439703", "hash": "a762fdcbe6ea2452e52c22b21da96389a2c179b9", "bids": [{"price": "0.01", "size": "5009.77"}, {"price": "0.02", "size": "2000"}, {"price": "0.03", "size": "8.02"}, {"price": "0.05", "size": "310"}, {"price": "0.08", "size": "1050"}, {"price": "0.09", "size": "7.35"}, {"price": "0.12", "size": "608.33"}, {"price": "0.16", "size": "200"}, {"price": "0.19", "size": "1092"}, {"price": "0.2", "size": "140"}, {"price": "0.22", "size": "200"}, {"price": "0.23", "size": "300"}, {"price": "0.24", "size": "108.33"}, {"price": "0.27", "size": "50"}, {"price": "0.28", "size": "85.71"}, {"price": "0.32", "size": "62.5"}, {"price": "0.35", "size": "192.5"}, {"price": "0.36", "size": "3161"}, {"price": "0.37", "size": "5"}, {"price": "0.45", "size": "120"}, {"price": "0.57", "size": "15"}, {"price": "0.59", "size": "15"}, {"price": "0.6", "size": "21.66"}, {"price": "0.68", "size": "125"}, {"price": "0.69", "size": "15.94"}, {"price": "0.7", "size": "6.54"}, {"price": "0.75", "size": "756"}, {"price": "0.76", "size": "178.43"}], "asks": [{"price": "0.99", "size": "6007.61"}, {"price": "0.98", "size": "500"}, {"price": "0.97", "size": "142.11"}, {"price": "0.95", "size": "250"}, {"price": "0.94", "size": "75"}, {"price": "0.93", "size": "9.29"}, {"price": "0.91", "size": "57.03"}, {"price": "0.89", "size": "70"}, {"price": "0.87", "size": "100"}, {"price": "0.86", "size": "78.57"}, {"price": "0.81", "size": "285.21"}, {"price": "0.8", "size": "151.92"}, {"price": "0.79", "size": "944.99"}, {"price": "0.78", "size": "317.69"}], "event_type": "book", "last_trade_price": "0.760"}]}
{"_local_timestamp": "2026-01-25T23:40:41.570413+00:00", "data": {"market": "0x91e1fd434dac06d1c785b1f32869c682200dc837a2752281a42dd58dd5507d87", "price_changes": [{"asset_id": "109352219622455616435538919163921552382988340896057957245134720232402540639517", "price": "0.24", "size": "1856.33", "side": "BUY", "hash": "99e9a45c121f61a7caba448f73b8d60d94d8c3a3", "best_bid": "0.76", "best_ask": "0.78"}, {"asset_id": "32196105699035958085826155297370058298686853783926607493036103483812181218437", "price": "0.76", "size": "1856.33", "side": "SELL", "hash": "b2a1b035992f06077e997662f9d577eff1080a7f", "best_bid": "0.22", "best_ask": "0.24"}], "timestamp": "1769384441508", "event_type": "price_change"}}
{"_local_timestamp": "2026-01-25T23:41:10.131310+00:00", "data": {"market": "0x91e1fd434dac06d1c785b1f32869c682200dc837a2752281a42dd58dd5507d87", "price_changes": [{"asset_id": "109352219622455616435538919163921552382988340896057957245134720232402540639517", "price": "0.75", "size": "716", "side": "BUY", "hash": "538a0458146e839a571041beacd4c35a2f1bbf2f", "best_bid": "0.76", "best_ask": "0.78"}, {"asset_id": "32196105699035958085826155297370058298686853783926607493036103483812181218437", "price": "0.25", "size": "716", "side": "SELL", "hash": "730b4920f807dba5ac4a23e5bcccee3c666cca51", "best_bid": "0.22", "best_ask": "0.24"}], "timestamp": "1769384470002", "event_type": "price_change"}}
{"_local_timestamp": "2026-01-25T23:41:10.135727+00:00", "data": {"market": "0x91e1fd434dac06d1c785b1f32869c682200dc837a2752281a42dd58dd5507d87", "price_changes": [{"asset_id": "32196105699035958085826155297370058298686853783926607493036103483812181218437", "price": "0.21", "size": "905", "side": "BUY", "hash": "69102e1e19904b9636d2f82990b8a968dc9595bd", "best_bid": "0.22", "best_ask": "0.24"}, {"asset_id": "109352219622455616435538919163921552382988340896057957245134720232402540639517", "price": "0.79", "size": "905", "side": "SELL", "hash": "dfe8fe5c013c30977d2fe2de857a65574eb34cb8", "best_bid": "0.76", "best_ask": "0.78"}], "timestamp": "1769384470006", "event_type": "price_change"}}
{"_local_timestamp": "2026-01-25T23:41:12.831061+00:00", "data": {"market": "0x91e1fd434dac06d1c785b1f32869c682200dc837a2752281a42dd58dd5507d87", "price_changes": [{"asset_id": "32196105699035958085826155297370058298686853783926607493036103483812181218437", "price": "0.19", "size": "391.21", "side": "BUY", "hash": "8f72750f1df0b6d9a868f1449bf04e9bccb19a79", "best_bid": "0.22", "best_ask": "0.24"}, {"asset_id": "109352219622455616435538919163921552382988340896057957245134720232402540639517", "price": "0.81", "size": "391.21", "side": "SELL", "hash": "abb8b44a43299e22bd1f52c83cc4c09ddab640fd", "best_bid": "0.76", "best_ask": "0.78"}], "timestamp": "1769384472762", "event_type": "price_change"}}
{"_local_timestamp": "2026-01-25T23:41:12.835684+00:00", "data": {"market": "0x91e1fd434dac06d1c785b1f32869c682200dc837a2752281a42dd58dd5507d87", "price_changes": [{"asset_id": "32196105699035958085826155297370058298686853783926607493036103483812181218437", "price": "0.14", "size": "364.57", "side": "BUY", "hash": "6e95f191e103c14c385beebcf9a157f29f43ff55", "best_bid": "0.22", "best_ask": "0.24"}, {"asset_id": "109352219622455616435538919163921552382988340896057957245134720232402540639517", "price": "0.86", "size": "364.57", "side": "SELL", "hash": "be823b2c180661cd4168cbd6eba7825919ce5d70", "best_bid": "0.76", "best_ask": "0.78"}], "timestamp": "1769384472763", "event_type": "price_change"}}
{"_local_timestamp": "2026-01-25T23:41:12.836760+00:00", "data": {"market": "0x91e1fd434dac06d1c785b1f32869c682200dc837a2752281a42dd58dd5507d87", "price_changes": [{"asset_id": "32196105699035958085826155297370058298686853783926607493036103483812181218437", "price": "0.2", "size": "201.92", "side": "BUY", "hash": "987c84ae6b9d9006ab815a2329fb340951e672e0", "best_bid": "0.22", "best_ask": "0.24"}, {"asset_id": "109352219622455616435538919163921552382988340896057957245134720232402540639517", "price": "0.8", "size": "201.92", "side": "SELL", "hash": "28a8710227b0d9ac6d344ba94f49bfb4a9d8e06f", "best_bid": "0.76", "best_ask": "0.78"}], "timestamp": "1769384472763", "event_type": "price_change"}}
{"_local_timestamp": "2026-01-25T23:41:12.839161+00:00", "data": {"market": "0x91e1fd434dac06d1c785b1f32869c682200dc837a2752281a42dd58dd5507d87", "price_changes": [{"asset_id": "32196105699035958085826155297370058298686853783926607493036103483812181218437", "price": "0.02", "size": "4500", "side": "BUY", "hash": "36358c3a7a946295f79bcb6f4f2e003d69ade818", "best_bid": "0.22", "best_ask": "0.24"}, {"asset_id": "109352219622455616435538919163921552382988340896057957245134720232402540639517", "price": "0.98", "size": "4500", "side": "SELL", "hash": "f882660464a1cfaaff6b2a50539b427bbd1edfc3", "best_bid": "0.76", "best_ask": "0.78"}], "timestamp": "1769384472764", "event_type": "price_change"}}
{"_local_timestamp": "2026-01-25T23:41:13.636598+00:00", "data": {"market": "0x91e1fd434dac06d1c785b1f32869c682200dc837a2752281a42dd58dd5507d87", "price_changes": [{"asset_id": "32196105699035958085826155297370058298686853783926607493036103483812181218437", "price": "0.21", "size": "818", "side": "BUY", "hash": "8f6686ad8982c1a6544f96dad84cb6ff4d957eb5", "best_bid": "0.22", "best_ask": "0.24"}, {"asset_id": "109352219622455616435538919163921552382988340896057957245134720232402540639517", "price": "0.79", "size": "818", "side": "SELL", "hash": "1a594a94af3ba4c0e5c7aa55df7ae6a43f29c3ba", "best_bid": "0.76", "best_ask": "0.78"}], "timestamp": "1769384473571", "event_type": "price_change"}}
{"_local_timestamp": "2026-01-25T23:41:13.896513+00:00", "data": {"market": "0x91e1fd434dac06d1c785b1f32869c682200dc837a2752281a42dd58dd5507d87", "price_changes": [{"asset_id": "32196105699035958085826155297370058298686853783926607493036103483812181218437", "price": "0.21", "size": "936", "side": "BUY", "hash": "2b92008478966fe6e8061b23576a352c7a255cb9", "best_bid": "0.22", "best_ask": "0.24"}, {"asset_id": "109352219622455616435538919163921552382988340896057957245134720232402540639517", "price": "0.79", "size": "936", "side": "SELL", "hash": "753ea42e3d48fb76fc303bea68980349c8eb25af", "best_bid": "0.76", "best_ask": "0.78"}], "timestamp": "1769384473830", "event_type": "price_change"}}
{"_local_timestamp": "2026-01-25T23:41:50.919552+00:00", "data": {"market": "0x91e1fd434dac06d1c785b1f32869c682200dc837a2752281a42dd58dd5507d87", "price_changes": [{"asset_id": "109352219622455616435538919163921552382988340896057957245134720232402540639517", "price": "0.22", "size": "100", "side": "BUY", "hash": "cd4f11d1fb4fd5678d1f55d7fd875a890aa3d18d", "best_bid": "0.76", "best_ask": "0.78"}, {"asset_id": "32196105699035958085826155297370058298686853783926607493036103483812181218437", "price": "0.78", "size": "100", "side": "SELL", "hash": "c7a911f7bf0222381f2ca95cf624c028c13a596c", "best_bid": "0.22", "best_ask": "0.24"}], "timestamp": "1769384510755", "event_type": "price_change"}}
{"_local_timestamp": "2026-01-25T23:41:52.183291+00:00", "data": {"market": "0x91e1fd434dac06d1c785b1f32869c682200dc837a2752281a42dd58dd5507d87", "price_changes": [{"asset_id": "109352219622455616435538919163921552382988340896057957245134720232402540639517", "price": "0.23", "size": "400", "side": "BUY", "hash": "cca4ae6dfc49da1d4561291fa47a4ab5a5227712", "best_bid": "0.76", "best_ask": "0.78"}, {"asset_id": "32196105699035958085826155297370058298686853783926607493036103483812181218437", "price": "0.77", "size": "400", "side": "SELL", "hash": "fa008195f0a7d581241d4555e565a0e956f072fe", "best_bid": "0.22", "best_ask": "0.24"}], "timestamp": "1769384511725", "event_type": "price_change"}}
{"_local_timestamp": "2026-01-25T23:42:24.661255+00:00", "data": {"market": "0x91e1fd434dac06d1c785b1f32869c682200dc837a2752281a42dd58dd5507d87", "price_changes": [{"asset_id": "109352219622455616435538919163921552382988340896057957245134720232402540639517", "price": "0.22", "size": "50", "side": "BUY", "hash": "33bf2bff041c641d96dfb415c7a73aeb2d225e6d", "best_bid": "0.76", "best_ask": "0.78"}, {"asset_id": "32196105699035958085826155297370058298686853783926607493036103483812181218437", "price": "0.78", "size": "50", "side": "SELL", "hash": "66842ef5c1d2b52f6213a777008ae6b05a983c7d", "best_bid": "0.22", "best_ask": "0.24"}], "timestamp": "1769384544489", "event_type": "price_change"}}
{"_local_timestamp": "2026-01-25T23:42:25.053096+00:00", "data": {"market": "0x91e1fd434dac06d1c785b1f32869c682200dc837a2752281a42dd58dd5507d87", "price_changes": [{"asset_id": "109352219622455616435538919163921552382988340896057957245134720232402540639517", "price": "0.24", "size": "1906.33", "side": "BUY", "hash": "9f737e0fa40a5a8267dc11b6ece3cf534a96dadc", "best_bid": "0.76", "best_ask": "0.78"}, {"asset_id": "32196105699035958085826155297370058298686853783926607493036103483812181218437", "price": "0.76", "size": "1906.33", "side": "SELL", "hash": "2d6ef6252ae3d60683fbeb92b0a926a708636e15", "best_bid": "0.22", "best_ask": "0.24"}], "timestamp": "1769384544921", "event_type": "price_change"}}
{"_local_timestamp": "2026-01-25T23:42:38.172850+00:00", "data": {"market": "0x91e1fd434dac06d1c785b1f32869c682200dc837a2752281a42dd58dd5507d87", "price_changes": [{"asset_id": "109352219622455616435538919163921552382988340896057957245134720232402540639517", "price": "0.75", "size": "756", "side": "BUY", "hash": "187731f77ddac4b8fa3db5026a40f5eead7eca2e", "best_bid": "0.76", "best_ask": "0.78"}, {"asset_id": "32196105699035958085826155297370058298686853783926607493036103483812181218437", "price": "0.25", "size": "756", "side": "SELL", "hash": "17abfc7c0c0c1eda82c526cbff18608f351cdae1", "best_bid": "0.22", "best_ask": "0.24"}], "timestamp": "1769384558109", "event_type": "price_change"}}
{"_local_timestamp": "2026-01-25T23:42:38.257904+00:00", "data": {"market": "0x91e1fd434dac06d1c785b1f32869c682200dc837a2752281a42dd58dd5507d87", "price_changes": [{"asset_id": "32196105699035958085826155297370058298686853783926607493036103483812181218437", "price": "0.21", "size": "975.99", "side": "BUY", "hash": "7f674c16d8c0ab13956a1da6bad7b64bf82f6ef1", "best_bid": "0.22", "best_ask": "0.24"}, {"asset_id": "109352219622455616435538919163921552382988340896057957245134720232402540639517", "price": "0.79", "size": "975.99", "side": "SELL", "hash": "d24fa90c232c7f4e455a18dd08abcfcde8a2b386", "best_bid": "0.76", "best_ask": "0.78"}], "timestamp": "1769384558194", "event_type": "price_change"}}
{"_local_timestamp": "2026-01-25T23:42:45.418223+00:00", "data": {"market": "0x91e1fd434dac06d1c785b1f32869c682200dc837a2752281a42dd58dd5507d87", "price_changes": [{"asset_id": "109352219622455616435538919163921552382988340896057957245134720232402540639517", "price": "0.22", "size": "0", "side": "BUY", "hash": "00329326a7cb8b27205a87039038bb154b318ad1", "best_bid": "0.76", "best_ask": "0.78"}, {"asset_id": "32196105699035958085826155297370058298686853783926607493036103483812181218437", "price": "0.78", "size": "0", "side": "SELL", "hash": "c3202baf5ab61b144bd40966581e5eb58a0406ab", "best_bid": "0.22", "best_ask": "0.24"}], "timestamp": "1769384565216", "event_type": "price_change"}}
{"_local_timestamp": "2026-01-25T23:42:45.815634+00:00", "data": {"market": "0x91e1fd434dac06d1c785b1f32869c682200dc837a2752281a42dd58dd5507d87", "price_changes": [{"asset_id": "109352219622455616435538919163921552382988340896057957245134720232402540639517", "price": "0.24", "size": "1956.33", "side": "BUY", "hash": "c3617a2a06ed671efe519d8de29c7011b19d1625", "best_bid": "0.76", "best_ask": "0.78"}, {"asset_id": "32196105699035958085826155297370058298686853783926607493036103483812181218437", "price": "0.76", "size": "1956.33", "side": "SELL", "hash": "d93d234cef5502d48ef4002186f955301aea90c3", "best_bid": "0.22", "best_ask": "0.24"}], "timestamp": "1769384565615", "event_type": "price_change"}}
{"_local_timestamp": "2026-01-25T23:43:04.206280+00:00", "data": {"market": "0x91e1fd434dac06d1c785b1f32869c682200dc837a2752281a42dd58dd5507d87", "price_changes": [{"asset_id": "32196105699035958085826155297370058298686853783926607493036103483812181218437", "price": "0.21", "size": "955.99", "side": "BUY", "hash": "681d5928c0956c1954ebb74334462e83c5d974f9", "best_bid": "0.22", "best_ask": "0.24"}, {"asset_id": "109352219622455616435538919163921552382988340896057957245134720232402540639517", "price": "0.79", "size": "955.99", "side": "SELL", "hash": "a69e47093874eee7fdb1f6ec824d24d456afd3ca", "best_bid": "0.76", "best_ask": "0.78"}], "timestamp": "1769384584002", "event_type": "price_change"}}
{"_local_timestamp": "2026-01-25T23:43:04.225833+00:00", "data": {"market": "0x91e1fd434dac06d1c785b1f32869c682200dc837a2752281a42dd58dd5507d87", "price_changes": [{"asset_id": "109352219622455616435538919163921552382988340896057957245134720232402540639517", "price": "0.75", "size": "736", "side": "BUY", "hash": "f91e78e94f26b436c5a4a1d245ce2a82e7880e96", "best_bid": "0.76", "best_ask": "0.78"}, {"asset_id": "32196105699035958085826155297370058298686853783926607493036103483812181218437", "price": "0.25", "size": "736", "side": "SELL", "hash": "c921d4a1779a5034cf5c453cc3731961a5e18f8c", "best_bid": "0.22", "best_ask": "0.24"}], "timestamp": "1769384584006", "event_type": "price_change"}}
{"_local_timestamp": "2026-01-25T23:44:20.999459+00:00", "data": {"market": "0x91e1fd434dac06d1c785b1f32869c682200dc837a2752281a42dd58dd5507d87", "price_changes": [{"asset_id": "109352219622455616435538919163921552382988340896057957245134720232402540639517", "price": "0.23", "size": "300", "side": "BUY", "hash": "f4148eb9659a4530a8e123598002c1953a1cceb6", "best_bid": "0.76", "best_ask": "0.78"}, {"asset_id": "32196105699035958085826155297370058298686853783926607493036103483812181218437", "price": "0.77", "size": "300", "side": "SELL", "hash": "b93775e52109782342acc215c130c78ccbf3f521", "best_bid": "0.22", "best_ask": "0.24"}], "timestamp": "1769384660486", "event_type": "price_change"}}
{"_local_timestamp": "2026-01-25T23:44:21.232511+00:00", "data": {"market": "0x91e1fd434dac06d1c785b1f32869c682200dc837a2752281a42dd58dd5507d87", "price_changes": [{"asset_id": "109352219622455616435538919163921552382988340896057957245134720232402540639517", "price": "0.24", "size": "2056.33", "side": "BUY", "hash": "d564c7c3766c497ddd49f99ad82244035595b312", "best_bid": "0.76", "best_ask": "0.78"}, {"asset_id": "32196105699035958085826155297370058298686853783926607493036103483812181218437", "price": "0.76", "size": "2056.33", "side": "SELL", "hash": "5d6ab7b1f7f1cc73f2565021fdc1ec285923b449", "best_bid": "0.22", "best_ask": "0.24"}], "timestamp": "1769384660925", "event_type": "price_change"}}
{"_local_timestamp": "2026-01-25T23:45:56.170540+00:00", "data": {"market": "0x91e1fd434dac06d1c785b1f32869c682200dc837a2752281a42dd58dd5507d87", "price_changes": [{"asset_id": "109352219622455616435538919163921552382988340896057957245134720232402540639517", "price": "0.23", "size": "0", "side": "BUY", "hash": "0c8da5cdcf390f47b3a7168f1e8a2dcec1aca95f", "best_bid": "0.76", "best_ask": "0.78"}, {"asset_id": "32196105699035958085826155297370058298686853783926607493036103483812181218437", "price": "0.77", "size": "0", "side": "SELL", "hash": "1b265475078c5e430ac885ef5ba8d9571a22960e", "best_bid": "0.22", "best_ask": "0.24"}], "timestamp": "1769384756071", "event_type": "price_change"}}
{"_local_timestamp": "2026-01-25T23:46:16.581976+00:00", "data": {"market": "0x91e1fd434dac06d1c785b1f32869c682200dc837a2752281a42dd58dd5507d87", "price_changes": [{"asset_id": "109352219622455616435538919163921552382988340896057957245134720232402540639517", "price": "0.25", "size": "300", "side": "BUY", "hash": "96c101002d44d385faf212f7fff54407ac18660d", "best_bid": "0.76", "best_ask": "0.78"}, {"asset_id": "32196105699035958085826155297370058298686853783926607493036103483812181218437", "price": "0.75", "size": "300", "side": "SELL", "hash": "397b18fb3bdb11e624e38ead84b8510c23dacbd7", "best_bid": "0.22", "best_ask": "0.24"}], "timestamp": "1769384776514", "event_type": "price_change"}}
{"_local_timestamp": "2026-01-25T23:47:55.626003+00:00", "data": {"market": "0x91e1fd434dac06d1c785b1f32869c682200dc837a2752281a42dd58dd5507d87", "price_changes": [{"asset_id": "109352219622455616435538919163921552382988340896057957245134720232402540639517", "price": "0.24", "size": "308.33", "side": "BUY", "hash": "5bb152a149209bf0e2444a7a091a1ff75b7ebdf0", "best_bid": "0.76", "best_ask": "0.78"}, {"asset_id": "32196105699035958085826155297370058298686853783926607493036103483812181218437", "price": "0.76", "size": "308.33", "side": "SELL", "hash": "86d7147162a8cd5dd0c58871a8189113ddd8bc6d", "best_bid": "0.22", "best_ask": "0.24"}], "timestamp": "1769384875412", "event_type": "price_change"}}
{"_local_timestamp": "2026-01-25T23:49:14.749857+00:00", "data": {"market": "0x91e1fd434dac06d1c785b1f32869c682200dc837a2752281a42dd58dd5507d87", "price_changes": [{"asset_id": "109352219622455616435538919163921552382988340896057957245134720232402540639517", "price": "0.2", "size": "2240", "side": "BUY", "hash": "f8f2c030da68e0cef41af5e2ae8f634a458f26a2", "best_bid": "0.76", "best_ask": "0.78"}, {"asset_id": "32196105699035958085826155297370058298686853783926607493036103483812181218437", "price": "0.8", "size": "2240", "side": "SELL", "hash": "b107ae205ba085d90ce7f50625d6898ceb6c4223", "best_bid": "0.22", "best_ask": "0.24"}], "timestamp": "1769384954677", "event_type": "price_change"}}
{"_local_timestamp": "2026-01-25T23:49:17.937008+00:00", "data": {"market": "0x91e1fd434dac06d1c785b1f32869c682200dc837a2752281a42dd58dd5507d87", "price_changes": [{"asset_id": "109352219622455616435538919163921552382988340896057957245134720232402540639517", "price": "0.36", "size": "50", "side": "BUY", "hash": "911d22cd18c64f1da66c76c1661dcc55fd7985a9", "best_bid": "0.76", "best_ask": "0.78"}, {"asset_id": "32196105699035958085826155297370058298686853783926607493036103483812181218437", "price": "0.64", "size": "50", "side": "SELL", "hash": "c8e21d05dcbbdf6476e70565d1c9485bbef27b76", "best_bid": "0.22", "best_ask": "0.24"}], "timestamp": "1769384957858", "event_type": "price_change"}}
{"_local_timestamp": "2026-01-25T23:49:18.272362+00:00", "data": {"market": "0x91e1fd434dac06d1c785b1f32869c682200dc837a2752281a42dd58dd5507d87", "price_changes": [{"asset_id": "109352219622455616435538919163921552382988340896057957245134720232402540639517", "price": "0.36", "size": "3146", "side": "BUY", "hash": "fa173ee5af5c2f7b5636a007f6c66dd64b64139c", "best_bid": "0.76", "best_ask": "0.78"}, {"asset_id": "32196105699035958085826155297370058298686853783926607493036103483812181218437", "price": "0.64", "size": "3146", "side": "SELL", "hash": "6409a58f90a7d7af3a62100b397e47e30b98fea3", "best_bid": "0.22", "best_ask": "0.24"}], "timestamp": "1769384958185", "event_type": "price_change"}}
