{"_local_timestamp": "2026-01-25T23:33:56.596419+00:00", "data": [{"market": "0xa91ddfc41b279099da4d4ab260fdc50ed43c09f2b761d78e25c9ed0ffb0402d2", "asset_id": "35569105154571839878457160309335062684487338233502720603067822798153680371504", "timestamp": "1769384020537", "hash": "f40a6dad82ff5fbaa353cf3028fb17ea4ae4d88b", "bids": [{"price": "0.01", "size": "2056.65"}, {"price": "0.02", "size": "508.82"}, {"price": "0.03", "size": "433.33"}, {"price": "0.04", "size": "7.6"}, {"price": "0.05", "size": "30"}, {"price": "0.06", "size": "91.66"}, {"price": "0.07", "size": "500"}, {"price": "0.08", "size": "5.66"}, {"price": "0.09", "size": "522.17"}, {"price": "0.1", "size": "350"}, {"price": "0.11", "size": "52.17"}, {"price": "0.12", "size": "8.5"}, {"price": "0.13", "size": "22.17"}], "asks": [{"price": "0.99", "size": "5614.46"}, {"price": "0.98", "size": "1000"}, {"price": "0.97", "size": "300"}, {"price": "0.96", "size": "2456.59"}, {"price": "0.95", "size": "100"}, {"price": "0.94", "size": "533"}, {"price": "0.9", "size": "1300"}, {"price": "0.89", "size": "5.37"}, {"price": "0.87", "size": "550"}, {"price": "0.83", "size": "400"}, {"price": "0.78", "size": "250"}, {"price": "0.77", "size": "100"}, {"price": "0.76", "size": "16.5"}, {"price": "0.6", "size": "20"}, {"price": "0.56", "size": "100"}, {"price": "0.48", "size": "200"}, {"price": "0.42", "size": "22.41"}, {"price": "0.41", "size": "18.64"}, {"price": "0.35", "size": "25"}], "event_type": "book", "last_trade_price": ""}, {"market": "0xa91ddfc41b279099da4d4ab260fdc50ed43c09f2b761d78e25c9ed0ffb0402d2", "asset_id": "75157617420179146315044986013764182657004737757259958144341947285364409755223", "timestamp": "1769384020537", "hash": "52a6c88053610448d6351923934fb7e5c69029f7", "bids": [{"price": "0.01", "size": "5614.46"}, {"price": "0.02", "size": "1000"}, {"price": "0.03", "size": "300"}, {"price": "0.04", "size": "2456.59"}, {"price": "0.05", "size": "100"}, {"price": "0.06", "size": "533"}, {"price": "0.1", "size": "1300"}, {"price": "0.11", "size": "5.37"}, {"price": "0.13", "size": "550"}, {"price": "0.17", "size": "400"}, {"price": "0.22", "size": "250"}, {"price": "0.23", "size": "100"}, {"price": "0.24", "size": "16.5"}, {"price": "0.4", "size": "20"}, {"price": "0.44", "size": "100"}, {"price": "0.52", "size": "200"}, {"price": "0.58", "size": "22.41"}, {"price": "0.59", "size": "18.64"}, {"price": "0.65", "size": "25"}], "asks": [{"price": "0.99", "size": "2056.65"}, {"price": "0.98", "size": "508.82"}, {"price": "0.97", "size": "433.33"}, {"price": "0.96", "size": "7.6"}, {"price": "0.95", "size": "30"}, {"price": "0.94", "size": "91.66"}, {"price": "0.93", "size": "500"}, {"price": "0.92", "size": "5.66"}, {"price": "0.91", "size": "522.17"}, {"price": "0.9", "size": "350"}, {"price": "0.89", "size": "52.17"}, {"price": "0.88", "size": "8.5"}, {"price": "0.87", "size": "22.17"}], "event_type": "book", "last_trade_price": ""}, {"market": "0x75137fe0065f3b940c4659c16fb52e260b1af9dc7a18984f644585dbf572c1ae", "asset_id": "100521556570482127641735660129325049026705022430879161899012394629392158410668", "timestamp": "1769383107009", "hash": "bedee3aa55fdd59181352a6da96441cf83192610", "bids": [{"price": "0.01", "size": "4610.84"}, {"price": "0.02", "size": "800"}, {"price": "0.03", "size": "11.33"}, {"price": "0.05", "size": "30"}, {"price": "0.1", "size": "750"}, {"price": "0.11", "size": "5.01"}, {"price": "0.15", "size": "500"}, {"price": "0.2", "size": "750"}, {"price": "0.21", "size": "109"}, {"price": "0.22", "size": "54"}, {"price": "0.31", "size": "100"}, {"price": "0.32", "size": "30"}, {"price": "0.41", "size": "14.74"}], "asks": [{"price": "0.99", "size": "764.79"}, {"price": "0.98", "size": "257.03"}, {"price": "0.97", "size": "12.74"}, {"price": "0.95", "size": "510"}, {"price": "0.94", "size": "219.41"}], "event_type": "book", "last_trade_price": "0.060"}, {"market": "0x75137fe0065f3b940c4659c16fb52e260b1af9dc7a18984f644585dbf572c1ae", "asset_id": "107367552319182667076918123529835512301963822028781657102322664093024927372582", "timestamp": "1769383107009", "hash": "dc9908a68565553c556185273895b23b88384ed5", "bids": [{"price": "0.01", "size": "764.79"}, {"price": "0.02", "size": "257.03"}, {"price": "0.03", "size": "12.74"}, {"price": "0.05", "size": "510"}, {"price": "0.06", "size": "219.41"}], "asks": [{"price": "0.99", "size": "4610.84"}, {"price": "0.98", "size": "800"}, {"price": "0.97", "size": "11.33"}, {"price": "0.95", "size": "30"}, {"price": "0.9", "size": "750"}, {"price": "0.89", "size": "5.01"}, {"price": "0.85", "size": "500"}, {"price": "0.8", "size": "750"}, {"price": "0.79", "size": "109"}, {"price": "0.78", "size": "54"}, {"price": "0.69", "size": "100"}, {"price": "0.68", "size": "30"}, {"price": "0.59", "size": "14.74"}], "event_type": "book", "last_trade_price": "0.060"}]}
{"_local_timestamp": "2026-01-25T23:34:27.767683+00:00", "data": {"market": "0xa91ddfc41b279099da4d4ab260fdc50ed43c09f2b761d78e25c9ed0ffb0402d2", "price_changes": [{"asset_id": "75157617420179146315044986013764182657004737757259958144341947285364409755223", "price": "0.17", "size": "250", "side": "BUY", "hash": "c8f31717166c3a59b947a3a91d760898b41f076a", "best_bid": "0.65", "best_ask": "0.87"}, {"asset_id": "35569105154571839878457160309335062684487338233502720603067822798153680371504", "price": "0.83", "size": "250", "side": "SELL", "hash": "78f93310c2129bd75045b47ad865567aa6fe87ba", "best_bid": "0.13", "best_ask": "0.35"}], "timestamp": "1769384067584", "event_type": "price_change"}}
{"_local_timestamp": "2026-01-25T23:34:28.316606+00:00", "data": {"market": "0xa91ddfc41b279099da4d4ab260fdc50ed43c09f2b761d78e25c9ed0ffb0402d2", "price_changes": [{"asset_id": "75157617420179146315044986013764182657004737757259958144341947285364409755223", "price": "0.16", "size": "150", "side": "BUY", "hash": "2b715017c93d4bab20fbd4e69bc756684bc0a253", "best_bid": "0.65", "best_ask": "0.87"}, {"asset_id": "35569105154571839878457160309335062684487338233502720603067822798153680371504", "price": "0.84", "size": "150", "side": "SELL", "hash": "7b8364446380c0ba1dbf15a930d25945c33a4440", "best_bid": "0.13", "best_ask": "0.35"}], "timestamp": "1769384068086", "event_type": "price_change"}}
{"_local_timestamp": "2026-01-25T23:35:23.730171+00:00", "data": {"market": "0xa91ddfc41b279099da4d4ab260fdc50ed43c09f2b761d78e25c9ed0ffb0402d2", "price_changes": [{"asset_id": "75157617420179146315044986013764182657004737757259958144341947285364409755223", "price": "0.17", "size": "100", "side": "BUY", "hash": "07e7dca495416b714f78ab5bb16434fbc33e6fc7", "best_bid": "0.65", "best_ask": "0.87"}, {"asset_id": "35569105154571839878457160309335062684487338233502720603067822798153680371504", "price": "0.83", "size": "100", "side": "SELL", "hash": "af6e69ee8aa4afb9286215da3598e3c07258e056", "best_bid": "0.13", "best_ask": "0.35"}], "timestamp": "1769384123667", "event_type": "price_change"}}
{"_local_timestamp": "2026-01-25T23:35:24.003167+00:00", "data": {"market": "0xa91ddfc41b279099da4d4ab260fdc50ed43c09f2b761d78e25c9ed0ffb0402d2", "price_changes": [{"asset_id": "75157617420179146315044986013764182657004737757259958144341947285364409755223", "price": "0.16", "size": "300", "side": "BUY", "hash": "95a7d036ec1e453eeba283e8e39511205c6bfc19", "best_bid": "0.65", "best_ask": "0.87"}, {"asset_id": "35569105154571839878457160309335062684487338233502720603067822798153680371504", "price": "0.84", "size": "300", "side": "SELL", "hash": "eac7b9d26ca10e0537630a35fce8012ea94c32eb", "best_bid": "0.13", "best_ask": "0.35"}], "timestamp": "1769384123936", "event_type": "price_change"}}
{"_local_timestamp": "2026-01-25T23:36:55.186702+00:00", "data": {"market": "0xa91ddfc41b279099da4d4ab260fdc50ed43c09f2b761d78e25c9ed0ffb0402d2", "price_changes": [{"asset_id": "75157617420179146315044986013764182657004737757259958144341947285364409755223", "price": "0.16", "size": "150", "side": "BUY", "hash": "485538f51ba26f0f2fd0e2b1b4951692a31332a5", "best_bid": "0.65", "best_ask": "0.87"}, {"asset_id": "35569105154571839878457160309335062684487338233502720603067822798153680371504", "price": "0.84", "size": "150", "side": "SELL", "hash": "825b4ec279f43b412e09b348ca7e77be88d6ef25", "best_bid": "0.13", "best_ask": "0.35"}], "timestamp": "1769384214950", "event_type": "price_change"}}
{"_local_timestamp": "2026-01-25T23:36:55.914615+00:00", "data": {"market": "0xa91ddfc41b279099da4d4ab260fdc50ed43c09f2b761d78e25c9ed0ffb0402d2", "price_changes": [{"asset_id": "75157617420179146315044986013764182657004737757259958144341947285364409755223", "price": "0.17", "size": "250", "side": "BUY", "hash": "b9796167fa39d64d69cde0b818751fe845c923aa", "best_bid": "0.65", "best_ask": "0.87"}, {"asset_id": "35569105154571839878457160309335062684487338233502720603067822798153680371504", "price": "0.83", "size": "250", "side": "SELL", "hash": "706b65efcef5d11207355b8a7e0d162d8eae0f25", "best_bid": "0.13", "best_ask": "0.35"}], "timestamp": "1769384215607", "event_type": "price_change"}}
{"_local_timestamp": "2026-01-25T23:37:13.113216+00:00", "data": {"market": "0xa91ddfc41b279099da4d4ab260fdc50ed43c09f2b761d78e25c9ed0ffb0402d2", "price_changes": [{"asset_id": "75157617420179146315044986013764182657004737757259958144341947285364409755223", "price": "0.17", "size": "150", "side": "BUY", "hash": "ef33d4ed8f66c4f2e1d59c8c48c41b7c3edb10f9", "best_bid": "0.65", "best_ask": "0.87"}, {"asset_id": "35569105154571839878457160309335062684487338233502720603067822798153680371504", "price": "0.83", "size": "150", "side": "SELL", "hash": "93c10123d34fae1d71943fd724ec7496ed2e3640", "best_bid": "0.13", "best_ask": "0.35"}], "timestamp": "1769384233007", "event_type": "price_change"}}
{"_local_timestamp": "2026-01-25T23:37:13.492629+00:00", "data": {"market": "0xa91ddfc41b279099da4d4ab260fdc50ed43c09f2b761d78e25c9ed0ffb0402d2", "price_changes": [{"asset_id": "75157617420179146315044986013764182657004737757259958144341947285364409755223", "price": "0.16", "size": "250", "side": "BUY", "hash": "8c7621a33b2f3e68a9f4d2c51b559b4c24ebb209", "best_bid": "0.65", "best_ask": "0.87"}, {"asset_id": "35569105154571839878457160309335062684487338233502720603067822798153680371504", "price": "0.84", "size": "250", "side": "SELL", "hash": "05424728af7cbdd19a95d0cdf4d324f3b2a456fc", "best_bid": "0.13", "best_ask": "0.35"}], "timestamp": "1769384233374", "event_type": "price_change"}}
{"_local_timestamp": "2026-01-25T23:38:03.843666+00:00", "data": {"market": "0xa91ddfc41b279099da4d4ab260fdc50ed43c09f2b761d78e25c9ed0ffb0402d2", "price_changes": [{"asset_id": "75157617420179146315044986013764182657004737757259958144341947285364409755223", "price": "0.16", "size": "100", "side": "BUY", "hash": "f81b30f1744b7321005a44680537a101373ecc2b", "best_bid": "0.65", "best_ask": "0.87"}, {"asset_id": "35569105154571839878457160309335062684487338233502720603067822798153680371504", "price": "0.84", "size": "100", "side": "SELL", "hash": "e3710cbc731158c5427090fc4984d98d53ac5ba5", "best_bid": "0.13", "best_ask": "0.35"}], "timestamp": "1769384283686", "event_type": "price_change"}}
{"_local_timestamp": "2026-01-25T23:38:04.111989+00:00", "data": {"market": "0xa91ddfc41b279099da4d4ab260fdc50ed43c09f2b761d78e25c9ed0ffb0402d2", "price_changes": [{"asset_id": "75157617420179146315044986013764182657004737757259958144341947285364409755223", "price": "0.17", "size": "300", "side": "BUY", "hash": "1dc8741ddef7d65a6d99c8103b366e6841106b6d", "best_bid": "0.65", "best_ask": "0.87"}, {"asset_id": "35569105154571839878457160309335062684487338233502720603067822798153680371504", "price": "0.83", "size": "300", "side": "SELL", "hash": "92f1b1ce5ebcc84814170ff043f890e974829ac3", "best_bid": "0.13", "best_ask": "0.35"}], "timestamp": "1769384283940", "event_type": "price_change"}}
