{"_local_timestamp": "2026-01-25T23:40:31.188375+00:00", "data": [{"market": "0xb4c6f7991dc5d1e110abb1404c629deb7bbc4b07ff19bb4672ff41801824490e", "asset_id": "12726823989557107952268342942906206381973799399453895205022550590946554841098", "timestamp": "1769384404948", "hash": "68e1cfdf53340d5b2508e902e9a536b6cfa78989", "bids": [{"price": "0.01", "size": "6309.71"}, {"price": "0.02", "size": "2450"}, {"price": "0.03", "size": "250"}, {"price": "0.04", "size": "7.61"}, {"price": "0.05", "size": "30"}, {"price": "0.06", "size": "983"}, {"price": "0.1", "size": "360"}, {"price": "0.11", "size": "5.44"}, {"price": "0.14", "size": "242.85"}, {"price": "0.15", "size": "550"}, {"price": "0.16", "size": "1450"}, {"price": "0.19", "size": "168.42"}, {"price": "0.23", "size": "794"}, {"price": "0.24", "size": "116.66"}, {"price": "0.25", "size": "150"}, {"price": "0.29", "size": "189.65"}, {"price": "0.3", "size": "1400"}, {"price": "0.34", "size": "70.58"}, {"price": "0.35", "size": "1814"}, {"price": "0.36", "size": "4545"}, {"price": "0.38", "size": "127.63"}, {"price": "0.48", "size": "60"}, {"price": "0.49", "size": "5"}, {"price": "0.61", "size": "232.92"}, {"price": "0.73", "size": "200"}, {"price": "0.79", "size": "50"}, {"price": "0.8", "size": "50"}, {"price": "0.81", "size": "50"}, {"price": "0.82", "size": "50"}, {"price": "0.83", "size": "50"}, {"price": "0.84", "size": "50"}, {"price": "0.85", "size": "50"}, {"price": "0.86", "size": "50"}, {"price": "0.87", "size": "250"}, {"price": "0.88", "size": "10"}, {"price": "0.92", "size": "1307.13"}, {"price": "0.93", "size": "1706.99"}, {"price": "0.94", "size": "1550.29"}], "asks": [{"price": "0.99", "size": "2510"}, {"price": "0.98", "size": "25843.62"}, {"price": "0.97", "size": "24028.39"}, {"price": "0.96", "size": "724.14"}], "event_type": "book", "last_trade_price": "0.040"}, {"market": "0xb4c6f7991dc5d1e110abb1404c629deb7bbc4b07ff19bb4672ff41801824490e", "asset_id": "48577451271083670981595797636824300354923632195069165655560061059665286147100", "timestamp": "1769384404948", "hash": "b6d46c207847615738965e09d0bc8424fb7e26f0", "bids": [{"price": "0.01", "size": "2510"}, {"price": "0.02", "size": "25843.62"}, {"price": "0.03", "size": "24028.39"}, {"price": "0.04", "size": "724.14"}], "asks": [{"price": "0.99", "size": "6309.71"}, {"price": "0.98", "size": "2450"}, {"price": "0.97", "size": "250"}, {"price": "0.96", "size": "7.61"}, {"price": "0.95", "size": "30"}, {"price": "0.94", "size": "983"}, {"price": "0.9", "size": "360"}, {"price": "0.89", "size": "5.44"}, {"price": "0.86", "size": "242.85"}, {"price": "0.85", "size": "550"}, {"price": "0.84", "size": "1450"}, {"price": "0.81", "size": "168.42"}, {"price": "0.77", "size": "794"}, {"price": "0.76", "size": "116.66"}, {"price": "0.75", "size": "150"}, {"price": "0.71", "size": "189.65"}, {"price": "0.7", "size": "1400"}, {"price": "0.66", "size": "70.58"}, {"price": "0.65", "size": "1814"}, {"price": "0.64", "size": "4545"}, {"price": "0.62", "size": "127.63"}, {"price": "0.52", "size": "60"}, {"price": "0.51", "size": "5"}, {"price": "0.39", "size": "232.92"}, {"price": "0.27", "size": "200"}, {"price": "0.21", "size": "50"}, {"price": "0.2", "size": "50"}, {"price": "0.19", "size": "50"}, {"price": "0.18", "size": "50"}, {"price": "0.17", "size": "50"}, {"price": "0.16", "size": "50"}, {"price": "0.15", "size": "50"}, {"price": "0.14", "size": "50"}, {"price": "0.13", "size": "250"}, {"price": "0.12", "size": "10"}, {"price": "0.08", "size": "1307.13"}, {"price": "0.07", "size": "1706.99"}, {"price": "0.06", "size": "1550.29"}], "event_type": "book", "last_trade_price": "0.040"}]}
{"_local_timestamp": "2026-01-25T23:40:31.720901+00:00", "data": {"market": "0xb4c6f7991dc5d1e110abb1404c629deb7bbc4b07ff19bb4672ff41801824490e", "price_changes": [{"asset_id": "12726823989557107952268342942906206381973799399453895205022550590946554841098", "price": "0.29", "size": "139.65", "side": "BUY", "hash": "ea716eb11df85a8d02932106dadb038d2cc93926", "best_bid": "0.94", "best_ask": "0.96"}, {"asset_id": "48577451271083670981595797636824300354923632195069165655560061059665286147100", "price": "0.71", "size": "139.65", "side": "SELL", "hash": "6be0b982ad98cfc437c513ee0c1edf3c37580944", "best_bid": "0.04", "best_ask": "0.06"}], "timestamp": "1769384431631", "event_type": "price_change"}}
{"_local_timestamp": "2026-01-25T23:40:31.962119+00:00", "data": {"market": "0xb4c6f7991dc5d1e110abb1404c629deb7bbc4b07ff19bb4672ff41801824490e", "price_changes": [{"asset_id": "12726823989557107952268342942906206381973799399453895205022550590946554841098", "price": "0.3", "size": "1450", "side": "BUY", "hash": "39644450280704f24198f5924d1d68411dabfd01", "best_bid": "0.94", "best_ask": "0.96"}, {"asset_id": "48577451271083670981595797636824300354923632195069165655560061059665286147100", "price": "0.7", "size": "1450", "side": "SELL", "hash": "fe393eda8857e2d6bdd7940106110494b501a1a1", "best_bid": "0.04", "best_ask": "0.06"}], "timestamp": "1769384431890", "event_type": "price_change"}}
{"_local_timestamp": "2026-01-25T23:40:42.079154+00:00", "data": {"market": "0xb4c6f7991dc5d1e110abb1404c629deb7bbc4b07ff19bb4672ff41801824490e", "price_changes": [{"asset_id": "48577451271083670981595797636824300354923632195069165655560061059665286147100", "price": "0.02", "size": "25593.62", "side": "BUY", "hash": "c225b7873524ae2341b4d697872eaf887d9b0aaf", "best_bid": "0.04", "best_ask": "0.06"}, {"asset_id": "12726823989557107952268342942906206381973799399453895205022550590946554841098", "price": "0.98", "size": "25593.62", "side": "SELL", "hash": "b7850acc7b85f06dc48d9bae6384cc34a409a47f", "best_bid": "0.94", "best_ask": "0.96"}], "timestamp": "1769384442001", "event_type": "price_change"}}
{"_local_timestamp": "2026-01-25T23:40:42.081519+00:00", "data": {"market": "0xb4c6f7991dc5d1e110abb1404c629deb7bbc4b07ff19bb4672ff41801824490e", "price_changes": [{"asset_id": "48577451271083670981595797636824300354923632195069165655560061059665286147100", "price": "0.01", "size": "510", "side": "BUY", "hash": "4f0cde22056ad3483abca1a83a0777c24c4b9427", "best_bid": "0.04", "best_ask": "0.06"}, {"asset_id": "12726823989557107952268342942906206381973799399453895205022550590946554841098", "price": "0.99", "size": "510", "side": "SELL", "hash": "0c16631b90084e7bbdb55bacc73418eec268582c", "best_bid": "0.94", "best_ask": "0.96"}], "timestamp": "1769384442002", "event_type": "price_change"}}
{"_local_timestamp": "2026-01-25T23:41:14.654926+00:00", "data": {"market": "0xb4c6f7991dc5d1e110abb1404c629deb7bbc4b07ff19bb4672ff41801824490e", "price_changes": [{"asset_id": "12726823989557107952268342942906206381973799399453895205022550590946554841098", "price": "0.3", "size": "50", "side": "BUY", "hash": "037210ea4818256dbf064902cd3401e900137a79", "best_bid": "0.94", "best_ask": "0.96"}, {"asset_id": "48577451271083670981595797636824300354923632195069165655560061059665286147100", "price": "0.7", "size": "50", "side": "SELL", "hash": "fdb804d0f9e0c278899aebe10e022b68df8419f6", "best_bid": "0.04", "best_ask": "0.06"}], "timestamp": "1769384474530", "event_type": "price_change"}}
{"_local_timestamp": "2026-01-25T23:41:43.046778+00:00", "data": {"market": "0xb4c6f7991dc5d1e110abb1404c629deb7bbc4b07ff19bb4672ff41801824490e", "price_changes": [{"asset_id": "12726823989557107952268342942906206381973799399453895205022550590946554841098", "price": "0.26", "size": "1614", "side": "BUY", "hash": "847731020637e3aeb3892101b69a881078ce9f4a", "best_bid": "0.94", "best_ask": "0.96"}, {"asset_id": "48577451271083670981595797636824300354923632195069165655560061059665286147100", "price": "0.74", "size": "1614", "side": "SELL", "hash": "d0f1552f382ae72bf020bfcddbc1e0154bc22042", "best_bid": "0.04", "best_ask": "0.06"}], "timestamp": "1769384502973", "event_type": "price_change"}}
{"_local_timestamp": "2026-01-25T23:41:49.476996+00:00", "data": {"market": "0xb4c6f7991dc5d1e110abb1404c629deb7bbc4b07ff19bb4672ff41801824490e", "price_changes": [{"asset_id": "12726823989557107952268342942906206381973799399453895205022550590946554841098", "price": "0.3", "size": "0", "side": "BUY", "hash": "ad775856a8003275f8f556a01896f5a34e975aed", "best_bid": "0.94", "best_ask": "0.96"}, {"asset_id": "48577451271083670981595797636824300354923632195069165655560061059665286147100", "price": "0.7", "size": "0", "side": "SELL", "hash": "493277596fa5da9dba37c71cd8bbd26f28b71596", "best_bid": "0.04", "best_ask": "0.06"}], "timestamp": "1769384509399", "event_type": "price_change"}}
{"_local_timestamp": "2026-01-25T23:41:49.746917+00:00", "data": {"market": "0xb4c6f7991dc5d1e110abb1404c629deb7bbc4b07ff19bb4672ff41801824490e", "price_changes": [{"asset_id": "12726823989557107952268342942906206381973799399453895205022550590946554841098", "price": "0.29", "size": "189.65", "side": "BUY", "hash": "60928045d8194c9ff2a973d6d063ccd5d4787dec", "best_bid": "0.94", "best_ask": "0.96"}, {"asset_id": "48577451271083670981595797636824300354923632195069165655560061059665286147100", "price": "0.71", "size": "189.65", "side": "SELL", "hash": "b9f54eeb13dd7bb5a059b0d377b1e6bc6fa4bc85", "best_bid": "0.04", "best_ask": "0.06"}], "timestamp": "1769384509659", "event_type": "price_change"}}
{"_local_timestamp": "2026-01-25T23:41:50.951864+00:00", "data": {"market": "0xb4c6f7991dc5d1e110abb1404c629deb7bbc4b07ff19bb4672ff41801824490e", "price_changes": [{"asset_id": "12726823989557107952268342942906206381973799399453895205022550590946554841098", "price": "0.25", "size": "50", "side": "BUY", "hash": "72230e2dbf1d2677419a9ca967f62e0e4a3fa53a", "best_bid": "0.94", "best_ask": "0.96"}, {"asset_id": "48577451271083670981595797636824300354923632195069165655560061059665286147100", "price": "0.75", "size": "50", "side": "SELL", "hash": "8324213a6e413fd18b3bc5a7eb209bbcd72b7f8e", "best_bid": "0.04", "best_ask": "0.06"}], "timestamp": "1769384510769", "event_type": "price_change"}}
{"_local_timestamp": "2026-01-25T23:41:52.832245+00:00", "data": {"market": "0xb4c6f7991dc5d1e110abb1404c629deb7bbc4b07ff19bb4672ff41801824490e", "price_changes": [{"asset_id": "12726823989557107952268342942906206381973799399453895205022550590946554841098", "price": "0.23", "size": "894", "side": "BUY", "hash": "9d60ba9e008af23412f89a4a810c63dd509ac7ac", "best_bid": "0.94", "best_ask": "0.96"}, {"asset_id": "48577451271083670981595797636824300354923632195069165655560061059665286147100", "price": "0.77", "size": "894", "side": "SELL", "hash": "a88237660f7a33eeba516d6f4066378f52a89ca7", "best_bid": "0.04", "best_ask": "0.06"}], "timestamp": "1769384511811", "event_type": "price_change"}}
{"_local_timestamp": "2026-01-25T23:42:25.074884+00:00", "data": {"market": "0xb4c6f7991dc5d1e110abb1404c629deb7bbc4b07ff19bb4672ff41801824490e", "price_changes": [{"asset_id": "12726823989557107952268342942906206381973799399453895205022550590946554841098", "price": "0.29", "size": "139.65", "side": "BUY", "hash": "1c7a107449e30ef4a1215a3427eb004c9caf292b", "best_bid": "0.94", "best_ask": "0.96"}, {"asset_id": "48577451271083670981595797636824300354923632195069165655560061059665286147100", "price": "0.71", "size": "139.65", "side": "SELL", "hash": "11cd784fae8474e7b9bf3f6f4bd30f3cd21487a6", "best_bid": "0.04", "best_ask": "0.06"}], "timestamp": "1769384544872", "event_type": "price_change"}}
{"_local_timestamp": "2026-01-25T23:42:25.352777+00:00", "data": {"market": "0xb4c6f7991dc5d1e110abb1404c629deb7bbc4b07ff19bb4672ff41801824490e", "price_changes": [{"asset_id": "12726823989557107952268342942906206381973799399453895205022550590946554841098", "price": "0.26", "size": "1664", "side": "BUY", "hash": "5ec042c69dc91a1b296682642e342c077d989926", "best_bid": "0.94", "best_ask": "0.96"}, {"asset_id": "48577451271083670981595797636824300354923632195069165655560061059665286147100", "price": "0.74", "size": "1664", "side": "SELL", "hash": "5905301797c51bf872569a53ed8031937b48304e", "best_bid": "0.04", "best_ask": "0.06"}], "timestamp": "1769384545150", "event_type": "price_change"}}
{"_local_timestamp": "2026-01-25T23:42:29.517787+00:00", "data": {"market": "0xb4c6f7991dc5d1e110abb1404c629deb7bbc4b07ff19bb4672ff41801824490e", "price_changes": [{"asset_id": "48577451271083670981595797636824300354923632195069165655560061059665286147100", "price": "0.01", "size": "2510", "side": "BUY", "hash": "3a402344ed4e2054659669cf308db608826c0c67", "best_bid": "0.04", "best_ask": "0.06"}, {"asset_id": "12726823989557107952268342942906206381973799399453895205022550590946554841098", "price": "0.99", "size": "2510", "side": "SELL", "hash": "30518a76ee12e5e5e9e3aad7d26e286beb11f97f", "best_bid": "0.94", "best_ask": "0.96"}], "timestamp": "1769384549349", "event_type": "price_change"}}
{"_local_timestamp": "2026-01-25T23:42:29.518455+00:00", "data": {"market": "0xb4c6f7991dc5d1e110abb1404c629deb7bbc4b07ff19bb4672ff41801824490e", "price_changes": [{"asset_id": "48577451271083670981595797636824300354923632195069165655560061059665286147100", "price": "0.02", "size": "25843.62", "side": "BUY", "hash": "ac1fde1b799e6f68559712b8a6a4afef4c5b4070", "best_bid": "0.04", "best_ask": "0.06"}, {"asset_id": "12726823989557107952268342942906206381973799399453895205022550590946554841098", "price": "0.98", "size": "25843.62", "side": "SELL", "hash": "496423f79be4e461921ee38abd9834550419d791", "best_bid": "0.94", "best_ask": "0.96"}], "timestamp": "1769384549349", "event_type": "price_change"}}
{"_local_timestamp": "2026-01-25T23:42:44.707477+00:00", "data": {"market": "0xb4c6f7991dc5d1e110abb1404c629deb7bbc4b07ff19bb4672ff41801824490e", "price_changes": [{"asset_id": "12726823989557107952268342942906206381973799399453895205022550590946554841098", "price": "0.35", "size": "1764", "side": "BUY", "hash": "3fbe0a9820ab499b71869da78325b42a43dcdee2", "best_bid": "0.94", "best_ask": "0.96"}, {"asset_id": "48577451271083670981595797636824300354923632195069165655560061059665286147100", "price": "0.65", "size": "1764", "side": "SELL", "hash": "33c26cbbb47c6dff5841078d6af57c13b4bf75e7", "best_bid": "0.04", "best_ask": "0.06"}], "timestamp": "1769384564589", "event_type": "price_change"}}
{"_local_timestamp": "2026-01-25T23:42:44.708059+00:00", "data": {"market": "0xb4c6f7991dc5d1e110abb1404c629deb7bbc4b07ff19bb4672ff41801824490e", "price_changes": [{"asset_id": "12726823989557107952268342942906206381973799399453895205022550590946554841098", "price": "0.29", "size": "89.65", "side": "BUY", "hash": "3fbe0a9820ab499b71869da78325b42a43dcdee2", "best_bid": "0.94", "best_ask": "0.96"}, {"asset_id": "48577451271083670981595797636824300354923632195069165655560061059665286147100", "price": "0.71", "size": "89.65", "side": "SELL", "hash": "33c26cbbb47c6dff5841078d6af57c13b4bf75e7", "best_bid": "0.04", "best_ask": "0.06"}], "timestamp": "1769384564589", "event_type": "price_change"}}
{"_local_timestamp": "2026-01-25T23:42:44.708440+00:00", "data": {"market": "0xb4c6f7991dc5d1e110abb1404c629deb7bbc4b07ff19bb4672ff41801824490e", "price_changes": [{"asset_id": "12726823989557107952268342942906206381973799399453895205022550590946554841098", "price": "0.25", "size": "0", "side": "BUY", "hash": "3fbe0a9820ab499b71869da78325b42a43dcdee2", "best_bid": "0.94", "best_ask": "0.96"}, {"asset_id": "48577451271083670981595797636824300354923632195069165655560061059665286147100", "price": "0.75", "size": "0", "side": "SELL", "hash": "33c26cbbb47c6dff5841078d6af57c13b4bf75e7", "best_bid": "0.04", "best_ask": "0.06"}], "timestamp": "1769384564589", "event_type": "price_change"}}
{"_local_timestamp": "2026-01-25T23:42:45.775948+00:00", "data": {"market": "0xb4c6f7991dc5d1e110abb1404c629deb7bbc4b07ff19bb4672ff41801824490e", "price_changes": [{"asset_id": "12726823989557107952268342942906206381973799399453895205022550590946554841098", "price": "0.3", "size": "50", "side": "BUY", "hash": "0eff7241e19f5842b5cfb2bc68ec0b77fe2011ce", "best_bid": "0.94", "best_ask": "0.96"}, {"asset_id": "48577451271083670981595797636824300354923632195069165655560061059665286147100", "price": "0.7", "size": "50", "side": "SELL", "hash": "3beee98487424a91dc3e8e4d5e1b0374866eb4ef", "best_bid": "0.04", "best_ask": "0.06"}], "timestamp": "1769384565608", "event_type": "price_change"}}
{"_local_timestamp": "2026-01-25T23:42:45.805223+00:00", "data": {"market": "0xb4c6f7991dc5d1e110abb1404c629deb7bbc4b07ff19bb4672ff41801824490e", "price_changes": [{"asset_id": "12726823989557107952268342942906206381973799399453895205022550590946554841098", "price": "0.36", "size": "4595", "side": "BUY", "hash": "547a9873d6c704b2929e8e378308cbc7780c0782", "best_bid": "0.94", "best_ask": "0.96"}, {"asset_id": "48577451271083670981595797636824300354923632195069165655560061059665286147100", "price": "0.64", "size": "4595", "side": "SELL", "hash": "87a2d757d965ffc8dd951c77d456d0741b80c15a", "best_bid": "0.04", "best_ask": "0.06"}], "timestamp": "1769384565630", "event_type": "price_change"}}
{"_local_timestamp": "2026-01-25T23:42:45.808326+00:00", "data": {"market": "0xb4c6f7991dc5d1e110abb1404c629deb7bbc4b07ff19bb4672ff41801824490e", "price_changes": [{"asset_id": "12726823989557107952268342942906206381973799399453895205022550590946554841098", "price": "0.23", "size": "944", "side": "BUY", "hash": "780e39a0d3e57037fb90b294e28bf4b087456451", "best_bid": "0.94", "best_ask": "0.96"}, {"asset_id": "48577451271083670981595797636824300354923632195069165655560061059665286147100", "price": "0.77", "size": "944", "side": "SELL", "hash": "53d9060389008726d9ee490e031350453943fcc5", "best_bid": "0.04", "best_ask": "0.06"}], "timestamp": "1769384565636", "event_type": "price_change"}}
{"_local_timestamp": "2026-01-25T23:42:47.163705+00:00", "data": {"market": "0xb4c6f7991dc5d1e110abb1404c629deb7bbc4b07ff19bb4672ff41801824490e", "price_changes": [{"asset_id": "12726823989557107952268342942906206381973799399453895205022550590946554841098", "price": "0.26", "size": "50", "side": "BUY", "hash": "0d5d60454a7e7c57fe20ea2604f456a74528d968", "best_bid": "0.94", "best_ask": "0.96"}, {"asset_id": "48577451271083670981595797636824300354923632195069165655560061059665286147100", "price": "0.74", "size": "50", "side": "SELL", "hash": "90e0be7d23448cae5dd95e8c568fc4efc8c33236", "best_bid": "0.04", "best_ask": "0.06"}], "timestamp": "1769384566990", "event_type": "price_change"}}
{"_local_timestamp": "2026-01-25T23:42:52.163820+00:00", "data": {"market": "0xb4c6f7991dc5d1e110abb1404c629deb7bbc4b07ff19bb4672ff41801824490e", "price_changes": [{"asset_id": "48577451271083670981595797636824300354923632195069165655560061059665286147100", "price": "0.02", "size": "25818", "side": "BUY", "hash": "d1d01f22191423ce93123872389d63ef21405ff6", "best_bid": "0.04", "best_ask": "0.06"}, {"asset_id": "12726823989557107952268342942906206381973799399453895205022550590946554841098", "price": "0.98", "size": "25818", "side": "SELL", "hash": "8e80934a191979b0248dd6d40b8aadc8440509c3", "best_bid": "0.94", "best_ask": "0.96"}], "timestamp": "1769384572028", "event_type": "price_change"}}
{"_local_timestamp": "2026-01-25T23:42:52.164378+00:00", "data": {"market": "0xb4c6f7991dc5d1e110abb1404c629deb7bbc4b07ff19bb4672ff41801824490e", "price_changes": [{"asset_id": "48577451271083670981595797636824300354923632195069165655560061059665286147100", "price": "0.03", "size": "24012.14", "side": "BUY", "hash": "d1d01f22191423ce93123872389d63ef21405ff6", "best_bid": "0.04", "best_ask": "0.06"}, {"asset_id": "12726823989557107952268342942906206381973799399453895205022550590946554841098", "price": "0.97", "size": "24012.14", "side": "SELL", "hash": "8e80934a191979b0248dd6d40b8aadc8440509c3", "best_bid": "0.94", "best_ask": "0.96"}], "timestamp": "1769384572028", "event_type": "price_change"}}
{"_local_timestamp": "2026-01-25T23:42:52.531740+00:00", "data": {"market": "0xb4c6f7991dc5d1e110abb1404c629deb7bbc4b07ff19bb4672ff41801824490e", "price_changes": [{"asset_id": "48577451271083670981595797636824300354923632195069165655560061059665286147100", "price": "0.02", "size": "25843.62", "side": "BUY", "hash": "33c7b093ee135db389721a870d7e5a2322dcd42f", "best_bid": "0.04", "best_ask": "0.06"}, {"asset_id": "12726823989557107952268342942906206381973799399453895205022550590946554841098", "price": "0.98", "size": "25843.62", "side": "SELL", "hash": "a4ccb694baf03f422ef051df685e2d49b6433bcd", "best_bid": "0.94", "best_ask": "0.96"}], "timestamp": "1769384572426", "event_type": "price_change"}}
{"_local_timestamp": "2026-01-25T23:42:52.532262+00:00", "data": {"market": "0xb4c6f7991dc5d1e110abb1404c629deb7bbc4b07ff19bb4672ff41801824490e", "price_changes": [{"asset_id": "48577451271083670981595797636824300354923632195069165655560061059665286147100", "price": "0.03", "size": "24028.39", "side": "BUY", "hash": "d57aef749e0ffc40216e028b2c13a010017379b4", "best_bid": "0.04", "best_ask": "0.06"}, {"asset_id": "12726823989557107952268342942906206381973799399453895205022550590946554841098", "price": "0.97", "size": "24028.39", "side": "SELL", "hash": "c9d968cf659f1ac54a58f29112c3366e7ffc8f62", "best_bid": "0.94", "best_ask": "0.96"}], "timestamp": "1769384572428", "event_type": "price_change"}}
{"_local_timestamp": "2026-01-25T23:43:38.532244+00:00", "data": {"market": "0xb4c6f7991dc5d1e110abb1404c629deb7bbc4b07ff19bb4672ff41801824490e", "price_changes": [{"asset_id": "12726823989557107952268342942906206381973799399453895205022550590946554841098", "price": "0.26", "size": "0", "side": "BUY", "hash": "96081ff8c2a3dde3940ae0704ec9ae03538ac19b", "best_bid": "0.94", "best_ask": "0.96"}, {"asset_id": "48577451271083670981595797636824300354923632195069165655560061059665286147100", "price": "0.74", "size": "0", "side": "SELL", "hash": "a477d8106b399fbe63e23d16429479af4da6c35e", "best_bid": "0.04", "best_ask": "0.06"}], "timestamp": "1769384618453", "event_type": "price_change"}}
{"_local_timestamp": "2026-01-25T23:43:38.824938+00:00", "data": {"market": "0xb4c6f7991dc5d1e110abb1404c629deb7bbc4b07ff19bb4672ff41801824490e", "price_changes": [{"asset_id": "12726823989557107952268342942906206381973799399453895205022550590946554841098", "price": "0.29", "size": "139.65", "side": "BUY", "hash": "e6a040f024a247c86566355ccc0d3449b78d748e", "best_bid": "0.94", "best_ask": "0.96"}, {"asset_id": "48577451271083670981595797636824300354923632195069165655560061059665286147100", "price": "0.71", "size": "139.65", "side": "SELL", "hash": "52156df4d74b63f895a60ab1e8cbc9ba00094f86", "best_bid": "0.04", "best_ask": "0.06"}], "timestamp": "1769384618722", "event_type": "price_change"}}
{"_local_timestamp": "2026-01-25T23:44:02.866091+00:00", "data": {"market": "0xb4c6f7991dc5d1e110abb1404c629deb7bbc4b07ff19bb4672ff41801824490e", "price_changes": [{"asset_id": "12726823989557107952268342942906206381973799399453895205022550590946554841098", "price": "0.3", "size": "1450", "side": "BUY", "hash": "9bb90bb754e207848072e4836cd53d4797ddcc6f", "best_bid": "0.94", "best_ask": "0.96"}, {"asset_id": "48577451271083670981595797636824300354923632195069165655560061059665286147100", "price": "0.7", "size": "1450", "side": "SELL", "hash": "9674800727d7287ce0ffc14bc7e54c8b7acf4767", "best_bid": "0.04", "best_ask": "0.06"}], "timestamp": "1769384642596", "event_type": "price_change"}}
{"_local_timestamp": "2026-01-25T23:44:20.934723+00:00", "data": {"market": "0xb4c6f7991dc5d1e110abb1404c629deb7bbc4b07ff19bb4672ff41801824490e", "price_changes": [{"asset_id": "12726823989557107952268342942906206381973799399453895205022550590946554841098", "price": "0.48", "size": "0", "side": "BUY", "hash": "756ca0260d39556485331fcc7c7ca67d3c4306a1", "best_bid": "0.94", "best_ask": "0.96"}, {"asset_id": "48577451271083670981595797636824300354923632195069165655560061059665286147100", "price": "0.52", "size": "0", "side": "SELL", "hash": "98e1e3ee67cdfcb1038c09f0692e41ea735a507a", "best_bid": "0.04", "best_ask": "0.06"}], "timestamp": "1769384660495", "event_type": "price_change"}}
{"_local_timestamp": "2026-01-25T23:44:21.033773+00:00", "data": {"market": "0xb4c6f7991dc5d1e110abb1404c629deb7bbc4b07ff19bb4672ff41801824490e", "price_changes": [{"asset_id": "12726823989557107952268342942906206381973799399453895205022550590946554841098", "price": "0.23", "size": "844", "side": "BUY", "hash": "756ca0260d39556485331fcc7c7ca67d3c4306a1", "best_bid": "0.94", "best_ask": "0.96"}, {"asset_id": "48577451271083670981595797636824300354923632195069165655560061059665286147100", "price": "0.77", "size": "844", "side": "SELL", "hash": "98e1e3ee67cdfcb1038c09f0692e41ea735a507a", "best_bid": "0.04", "best_ask": "0.06"}], "timestamp": "1769384660495", "event_type": "price_change"}}
{"_local_timestamp": "2026-01-25T23:44:21.493188+00:00", "data": {"market": "0xb4c6f7991dc5d1e110abb1404c629deb7bbc4b07ff19bb4672ff41801824490e", "price_changes": [{"asset_id": "12726823989557107952268342942906206381973799399453895205022550590946554841098", "price": "0.26", "size": "100", "side": "BUY", "hash": "6271dd4b52fad414174d5855ab0cb2d0071a9b50", "best_bid": "0.94", "best_ask": "0.96"}, {"asset_id": "48577451271083670981595797636824300354923632195069165655560061059665286147100", "price": "0.74", "size": "100", "side": "SELL", "hash": "35ca932ba7ccd846cc657744e56254bfee1a4a3e", "best_bid": "0.04", "best_ask": "0.06"}], "timestamp": "1769384660899", "event_type": "price_change"}}
{"_local_timestamp": "2026-01-25T23:44:32.456149+00:00", "data": {"market": "0xb4c6f7991dc5d1e110abb1404c629deb7bbc4b07ff19bb4672ff41801824490e", "price_changes": [{"asset_id": "12726823989557107952268342942906206381973799399453895205022550590946554841098", "price": "0.3", "size": "50", "side": "BUY", "hash": "6d5cfdabb00207fe510c5c087fcdb1bca9ce8434", "best_bid": "0.94", "best_ask": "0.96"}, {"asset_id": "48577451271083670981595797636824300354923632195069165655560061059665286147100", "price": "0.7", "size": "50", "side": "SELL", "hash": "fbe109791023e2280abf293060b9ea204e301457", "best_bid": "0.04", "best_ask": "0.06"}], "timestamp": "1769384672296", "event_type": "price_change"}}
{"_local_timestamp": "2026-01-25T23:44:55.447744+00:00", "data": {"market": "0xb4c6f7991dc5d1e110abb1404c629deb7bbc4b07ff19bb4672ff41801824490e", "price_changes": [{"asset_id": "12726823989557107952268342942906206381973799399453895205022550590946554841098", "price": "0.24", "size": "1864.66", "side": "BUY", "hash": "57e170bdf4f58485a1ec62eb8109f780491bbc5b", "best_bid": "0.94", "best_ask": "0.96"}, {"asset_id": "48577451271083670981595797636824300354923632195069165655560061059665286147100", "price": "0.76", "size": "1864.66", "side": "SELL", "hash": "b26da1205bf02153d54b4dc0aaa5a17a3e9fa506", "best_bid": "0.04", "best_ask": "0.06"}], "timestamp": "1769384695384", "event_type": "price_change"}}
{"_local_timestamp": "2026-01-25T23:44:57.521255+00:00", "data": {"market": "0xb4c6f7991dc5d1e110abb1404c629deb7bbc4b07ff19bb4672ff41801824490e", "price_changes": [{"asset_id": "12726823989557107952268342942906206381973799399453895205022550590946554841098", "price": "0.29", "size": "89.65", "side": "BUY", "hash": "bc732fe21ff4f73dcd5aa0f499d1787cd200129f", "best_bid": "0.94", "best_ask": "0.96"}, {"asset_id": "48577451271083670981595797636824300354923632195069165655560061059665286147100", "price": "0.71", "size": "89.65", "side": "SELL", "hash": "8d645ab5b2275e53f5f4615b64edd8dc860a6eb9", "best_bid": "0.04", "best_ask": "0.06"}], "timestamp": "1769384697451", "event_type": "price_change"}}
{"_local_timestamp": "2026-01-25T23:44:57.688457+00:00", "data": {"market": "0xb4c6f7991dc5d1e110abb1404c629deb7bbc4b07ff19bb4672ff41801824490e", "price_changes": [{"asset_id": "12726823989557107952268342942906206381973799399453895205022550590946554841098", "price": "0.3", "size": "0", "side": "BUY", "hash": "0a5ee25c3f15dbeb11112c632b944f8cdc524a67", "best_bid": "0.94", "best_ask": "0.96"}, {"asset_id": "48577451271083670981595797636824300354923632195069165655560061059665286147100", "price": "0.7", "size": "0", "side": "SELL", "hash": "cbc7dab7a1af74d26e195f452f4709d46f326575", "best_bid": "0.04", "best_ask": "0.06"}], "timestamp": "1769384697618", "event_type": "price_change"}}
{"_local_timestamp": "2026-01-25T23:44:57.799873+00:00", "data": {"market": "0xb4c6f7991dc5d1e110abb1404c629deb7bbc4b07ff19bb4672ff41801824490e", "price_changes": [{"asset_id": "12726823989557107952268342942906206381973799399453895205022550590946554841098", "price": "0.3", "size": "50", "side": "BUY", "hash": "deac4a4e2534bcee7cc943e9e2689851c402ec7c", "best_bid": "0.94", "best_ask": "0.96"}, {"asset_id": "48577451271083670981595797636824300354923632195069165655560061059665286147100", "price": "0.7", "size": "50", "side": "SELL", "hash": "22f9a5af9de02d9428659b0577f8a83b45e76dca", "best_bid": "0.04", "best_ask": "0.06"}], "timestamp": "1769384697724", "event_type": "price_change"}}
{"_local_timestamp": "2026-01-25T23:44:58.339350+00:00", "data": {"market": "0xb4c6f7991dc5d1e110abb1404c629deb7bbc4b07ff19bb4672ff41801824490e", "price_changes": [{"asset_id": "12726823989557107952268342942906206381973799399453895205022550590946554841098", "price": "0.27", "size": "50", "side": "BUY", "hash": "77d7af1fb306b913be014a120578c006808a926a", "best_bid": "0.94", "best_ask": "0.96"}, {"asset_id": "48577451271083670981595797636824300354923632195069165655560061059665286147100", "price": "0.73", "size": "50", "side": "SELL", "hash": "7dcb6940e010d68c9fba5cea3814065139cc8d0a", "best_bid": "0.04", "best_ask": "0.06"}], "timestamp": "1769384698221", "event_type": "price_change"}}
{"_local_timestamp": "2026-01-25T23:45:38.879005+00:00", "data": {"market": "0xb4c6f7991dc5d1e110abb1404c629deb7bbc4b07ff19bb4672ff41801824490e", "price_changes": [{"asset_id": "12726823989557107952268342942906206381973799399453895205022550590946554841098", "price": "0.23", "size": "744", "side": "BUY", "hash": "c67e7462b299c02a334115a571aea3973186150e", "best_bid": "0.94", "best_ask": "0.96"}, {"asset_id": "48577451271083670981595797636824300354923632195069165655560061059665286147100", "price": "0.77", "size": "744", "side": "SELL", "hash": "cc1079c3acf71889d91e9da320bbe56bfc7c8214", "best_bid": "0.04", "best_ask": "0.06"}], "timestamp": "1769384738807", "event_type": "price_change"}}
{"_local_timestamp": "2026-01-25T23:45:38.879903+00:00", "data": {"market": "0xb4c6f7991dc5d1e110abb1404c629deb7bbc4b07ff19bb4672ff41801824490e", "price_changes": [{"asset_id": "12726823989557107952268342942906206381973799399453895205022550590946554841098", "price": "0.3", "size": "0", "side": "BUY", "hash": "c67e7462b299c02a334115a571aea3973186150e", "best_bid": "0.94", "best_ask": "0.96"}, {"asset_id": "48577451271083670981595797636824300354923632195069165655560061059665286147100", "price": "0.7", "size": "0", "side": "SELL", "hash": "cc1079c3acf71889d91e9da320bbe56bfc7c8214", "best_bid": "0.04", "best_ask": "0.06"}], "timestamp": "1769384738807", "event_type": "price_change"}}
{"_local_timestamp": "2026-01-25T23:45:39.189900+00:00", "data": {"market": "0xb4c6f7991dc5d1e110abb1404c629deb7bbc4b07ff19bb4672ff41801824490e", "price_changes": [{"asset_id": "12726823989557107952268342942906206381973799399453895205022550590946554841098", "price": "0.24", "size": "1964.66", "side": "BUY", "hash": "237b5034aaefa8e992e235c8bb895bebae52fe26", "best_bid": "0.94", "best_ask": "0.96"}, {"asset_id": "48577451271083670981595797636824300354923632195069165655560061059665286147100", "price": "0.76", "size": "1964.66", "side": "SELL", "hash": "9f65bba39619061ab09f76c7ceba2071f36eacf8", "best_bid": "0.04", "best_ask": "0.06"}], "timestamp": "1769384739084", "event_type": "price_change"}}
{"_local_timestamp": "2026-01-25T23:45:39.225705+00:00", "data": {"market": "0xb4c6f7991dc5d1e110abb1404c629deb7bbc4b07ff19bb4672ff41801824490e", "price_changes": [{"asset_id": "12726823989557107952268342942906206381973799399453895205022550590946554841098", "price": "0.26", "size": "150", "side": "BUY", "hash": "b77b5ae0b599d3c08fb324ad4a6fd8e190663a89", "best_bid": "0.94", "best_ask": "0.96"}, {"asset_id": "48577451271083670981595797636824300354923632195069165655560061059665286147100", "price": "0.74", "size": "150", "side": "SELL", "hash": "c10d836242ca0ae1090c70d566bc88a3c4726f10", "best_bid": "0.04", "best_ask": "0.06"}], "timestamp": "1769384739091", "event_type": "price_change"}}
