{"_local_timestamp": "2026-01-25T23:33:28.833164+00:00", "data": [{"market": "0xffb0723660bcaa860192fe58e950e3a54157093c84083180e77893499f405d18", "asset_id": "4472886865032838397810424393210272060370009201422264476823029103002744099016", "timestamp": "1769384004280", "hash": "e75f8851ac674cf2c9061a8746f8c256f47afd21", "bids": [{"price": "0.01", "size": "26321.56"}, {"price": "0.02", "size": "43228.62"}, {"price": "0.03", "size": "9478.2"}, {"price": "0.04", "size": "8279.02"}, {"price": "0.05", "size": "72.88"}], "asks": [{"price": "0.99", "size": "12814.23"}, {"price": "0.98", "size": "4500"}, {"price": "0.97", "size": "250"}, {"price": "0.96", "size": "5.69"}, {"price": "0.95", "size": "30"}, {"price": "0.94", "size": "33"}, {"price": "0.91", "size": "1100"}, {"price": "0.9", "size": "6.3"}, {"price": "0.86", "size": "792.85"}, {"price": "0.83", "size": "1500"}, {"price": "0.81", "size": "168.42"}, {"price": "0.8", "size": "850"}, {"price": "0.79", "size": "250"}, {"price": "0.76", "size": "116.66"}, {"price": "0.71", "size": "189.65"}, {"price": "0.7", "size": "1400"}, {"price": "0.67", "size": "72.72"}, {"price": "0.66", "size": "50"}, {"price": "0.62", "size": "52.63"}, {"price": "0.6", "size": "5"}, {"price": "0.59", "size": "1462"}, {"price": "0.58", "size": "3949"}, {"price": "0.35", "size": "1022.22"}, {"price": "0.3", "size": "287.77"}, {"price": "0.25", "size": "450"}, {"price": "0.23", "size": "21.08"}, {"price": "0.19", "size": "20"}, {"price": "0.18", "size": "500"}, {"price": "0.15", "size": "700"}, {"price": "0.13", "size": "700"}, {"price": "0.12", "size": "110"}, {"price": "0.1", "size": "17600"}, {"price": "0.09", "size": "2407.38"}, {"price": "0.08", "size": "2984.99"}, {"price": "0.07", "size": "1436.25"}, {"price": "0.06", "size": "1709.32"}], "event_type": "book", "last_trade_price": "0.060"}, {"market": "0xffb0723660bcaa860192fe58e950e3a54157093c84083180e77893499f405d18", "asset_id": "1938593961598490009811329809692210958658799670627103623544929317930910109620", "timestamp": "1769384004280", "hash": "c57a0145aba3c9cb8c8042d0943c7403bad9fe35", "bids": [{"price": "0.01", "size": "12814.23"}, {"price": "0.02", "size": "4500"}, {"price": "0.03", "size": "250"}, {"price": "0.04", "size": "5.69"}, {"price": "0.05", "size": "30"}, {"price": "0.06", "size": "33"}, {"price": "0.09", "size": "1100"}, {"price": "0.1", "size": "6.3"}, {"price": "0.14", "size": "792.85"}, {"price": "0.17", "size": "1500"}, {"price": "0.19", "size": "168.42"}, {"price": "0.2", "size": "850"}, {"price": "0.21", "size": "250"}, {"price": "0.24", "size": "116.66"}, {"price": "0.29", "size": "189.65"}, {"price": "0.3", "size": "1400"}, {"price": "0.33", "size": "72.72"}, {"price": "0.34", "size": "50"}, {"price": "0.38", "size": "52.63"}, {"price": "0.4", "size": "5"}, {"price": "0.41", "size": "1462"}, {"price": "0.42", "size": "3949"}, {"price": "0.65", "size": "1022.22"}, {"price": "0.7", "size": "287.77"}, {"price": "0.75", "size": "450"}, {"price": "0.77", "size": "21.08"}, {"price": "0.81", "size": "20"}, {"price": "0.82", "size": "500"}, {"price": "0.85", "size": "700"}, {"price": "0.87", "size": "700"}, {"price": "0.88", "size": "110"}, {"price": "0.9", "size": "17600"}, {"price": "0.91", "size": "2407.38"}, {"price": "0.92", "size": "2984.99"}, {"price": "0.93", "size": "1436.25"}, {"price": "0.94", "size": "1709.32"}], "asks": [{"price": "0.99", "size": "26321.56"}, {"price": "0.98", "size": "43228.62"}, {"price": "0.97", "size": "9478.2"}, {"price": "0.96", "size": "8279.02"}, {"price": "0.95", "size": "72.88"}], "event_type": "book", "last_trade_price": "0.060"}]}
{"_local_timestamp": "2026-01-25T23:33:29.941739+00:00", "data": {"market": "0xffb0723660bcaa860192fe58e950e3a54157093c84083180e77893499f405d18", "price_changes": [{"asset_id": "4472886865032838397810424393210272060370009201422264476823029103002744099016", "price": "0.02", "size": "43203", "side": "BUY", "hash": "e86041ef3c38cd08bce2c789f2099822e4d7ae17", "best_bid": "0.05", "best_ask": "0.06"}, {"asset_id": "1938593961598490009811329809692210958658799670627103623544929317930910109620", "price": "0.98", "size": "43203", "side": "SELL", "hash": "9370a37ecc7c6eaf7d466e756afdc28068708189", "best_bid": "0.94", "best_ask": "0.95"}], "timestamp": "1769384009871", "event_type": "price_change"}}
{"_local_timestamp": "2026-01-25T23:33:29.943237+00:00", "data": {"market": "0xffb0723660bcaa860192fe58e950e3a54157093c84083180e77893499f405d18", "price_changes": [{"asset_id": "4472886865032838397810424393210272060370009201422264476823029103002744099016", "price": "0.03", "size": "9461.96", "side": "BUY", "hash": "e86041ef3c38cd08bce2c789f2099822e4d7ae17", "best_bid": "0.05", "best_ask": "0.06"}, {"asset_id": "1938593961598490009811329809692210958658799670627103623544929317930910109620", "price": "0.97", "size": "9461.96", "side": "SELL", "hash": "9370a37ecc7c6eaf7d466e756afdc28068708189", "best_bid": "0.94", "best_ask": "0.95"}], "timestamp": "1769384009871", "event_type": "price_change"}}
{"_local_timestamp": "2026-01-25T23:33:30.324165+00:00", "data": {"market": "0xffb0723660bcaa860192fe58e950e3a54157093c84083180e77893499f405d18", "price_changes": [{"asset_id": "4472886865032838397810424393210272060370009201422264476823029103002744099016", "price": "0.03", "size": "9478.2", "side": "BUY", "hash": "a20bca388c6b31361475333e1b1f973d368c25d6", "best_bid": "0.05", "best_ask": "0.06"}, {"asset_id": "1938593961598490009811329809692210958658799670627103623544929317930910109620", "price": "0.97", "size": "9478.2", "side": "SELL", "hash": "c0f222242776076858060c434426f2620985e9ef", "best_bid": "0.94", "best_ask": "0.95"}], "timestamp": "1769384010260", "event_type": "price_change"}}
{"_local_timestamp": "2026-01-25T23:33:30.331608+00:00", "data": {"market": "0xffb0723660bcaa860192fe58e950e3a54157093c84083180e77893499f405d18", "price_changes": [{"asset_id": "4472886865032838397810424393210272060370009201422264476823029103002744099016", "price": "0.02", "size": "43228.62", "side": "BUY", "hash": "2249557fe68c3ed71f24d72710ed7202d64d06b2", "best_bid": "0.05", "best_ask": "0.06"}, {"asset_id": "1938593961598490009811329809692210958658799670627103623544929317930910109620", "price": "0.98", "size": "43228.62", "side": "SELL", "hash": "a9e710d9d3d38195ba0932d24d71a819673d2672", "best_bid": "0.94", "best_ask": "0.95"}], "timestamp": "1769384010260", "event_type": "price_change"}}
{"_local_timestamp": "2026-01-25T23:33:40.356080+00:00", "data": {"market": "0xffb0723660bcaa860192fe58e950e3a54157093c84083180e77893499f405d18", "price_changes": [{"asset_id": "1938593961598490009811329809692210958658799670627103623544929317930910109620", "price": "0.21", "size": "200", "side": "BUY", "hash": "0d1e2b9081e472457d7f56d7784fc956eb0f6e34", "best_bid": "0.94", "best_ask": "0.95"}, {"asset_id": "4472886865032838397810424393210272060370009201422264476823029103002744099016", "price": "0.79", "size": "200", "side": "SELL", "hash": "14305ee15efb8b99ad31c371213058b296792373", "best_bid": "0.05", "best_ask": "0.06"}], "timestamp": "1769384020106", "event_type": "price_change"}}
{"_local_timestamp": "2026-01-25T23:33:40.710892+00:00", "data": {"market": "0xffb0723660bcaa860192fe58e950e3a54157093c84083180e77893499f405d18", "price_changes": [{"asset_id": "1938593961598490009811329809692210958658799670627103623544929317930910109620", "price": "0.26", "size": "50", "side": "BUY", "hash": "b88ec09b4bb56514d04d33ad37f31526937557e3", "best_bid": "0.94", "best_ask": "0.95"}, {"asset_id": "4472886865032838397810424393210272060370009201422264476823029103002744099016", "price": "0.74", "size": "50", "side": "SELL", "hash": "c043497e609f34eeffc726754367511b790b2330", "best_bid": "0.05", "best_ask": "0.06"}], "timestamp": "1769384020542", "event_type": "price_change"}}
{"_local_timestamp": "2026-01-25T23:34:04.640505+00:00", "data": {"market": "0xffb0723660bcaa860192fe58e950e3a54157093c84083180e77893499f405d18", "price_changes": [{"asset_id": "1938593961598490009811329809692210958658799670627103623544929317930910109620", "price": "0.29", "size": "139.65", "side": "BUY", "hash": "60e13dd942097761f4aa26b8cbbabecec3c97f8f", "best_bid": "0.94", "best_ask": "0.95"}, {"asset_id": "4472886865032838397810424393210272060370009201422264476823029103002744099016", "price": "0.71", "size": "139.65", "side": "SELL", "hash": "38067328fe88d8410d8db867176f41f220738f01", "best_bid": "0.05", "best_ask": "0.06"}], "timestamp": "1769384044564", "event_type": "price_change"}}
{"_local_timestamp": "2026-01-25T23:34:05.025046+00:00", "data": {"market": "0xffb0723660bcaa860192fe58e950e3a54157093c84083180e77893499f405d18", "price_changes": [{"asset_id": "1938593961598490009811329809692210958658799670627103623544929317930910109620", "price": "0.3", "size": "1450", "side": "BUY", "hash": "7e2126b7a0f991eed7d1a4fc4bdb43f2b175b397", "best_bid": "0.94", "best_ask": "0.95"}, {"asset_id": "4472886865032838397810424393210272060370009201422264476823029103002744099016", "price": "0.7", "size": "1450", "side": "SELL", "hash": "63b00d53b33c93bdb15919c3949a8aaf6613c34b", "best_bid": "0.05", "best_ask": "0.06"}], "timestamp": "1769384044863", "event_type": "price_change"}}
{"_local_timestamp": "2026-01-25T23:34:27.778973+00:00", "data": {"market": "0xffb0723660bcaa860192fe58e950e3a54157093c84083180e77893499f405d18", "price_changes": [{"asset_id": "1938593961598490009811329809692210958658799670627103623544929317930910109620", "price": "0.21", "size": "100", "side": "BUY", "hash": "6db441c8db77f5903d8b0ff5b824bed529229271", "best_bid": "0.94", "best_ask": "0.95"}, {"asset_id": "4472886865032838397810424393210272060370009201422264476823029103002744099016", "price": "0.79", "size": "100", "side": "SELL", "hash": "004b949a3ac0b042814f4b0a759550f20b73c0d4", "best_bid": "0.05", "best_ask": "0.06"}], "timestamp": "1769384067584", "event_type": "price_change"}}
{"_local_timestamp": "2026-01-25T23:34:28.405054+00:00", "data": {"market": "0xffb0723660bcaa860192fe58e950e3a54157093c84083180e77893499f405d18", "price_changes": [{"asset_id": "1938593961598490009811329809692210958658799670627103623544929317930910109620", "price": "0.26", "size": "150", "side": "BUY", "hash": "e7d0ed46afe77e1ef551c623239f2a7b44e5085c", "best_bid": "0.94", "best_ask": "0.95"}, {"asset_id": "4472886865032838397810424393210272060370009201422264476823029103002744099016", "price": "0.74", "size": "150", "side": "SELL", "hash": "f5e7fb863152304614c628d4c11077f5f29d7a5d", "best_bid": "0.05", "best_ask": "0.06"}], "timestamp": "1769384068124", "event_type": "price_change"}}
{"_local_timestamp": "2026-01-25T23:34:43.628783+00:00", "data": {"market": "0xffb0723660bcaa860192fe58e950e3a54157093c84083180e77893499f405d18", "price_changes": [{"asset_id": "1938593961598490009811329809692210958658799670627103623544929317930910109620", "price": "0.21", "size": "0", "side": "BUY", "hash": "b413bc690657938416c420b8f4805d34348fb1ff", "best_bid": "0.94", "best_ask": "0.95"}, {"asset_id": "4472886865032838397810424393210272060370009201422264476823029103002744099016", "price": "0.79", "size": "0", "side": "SELL", "hash": "6069562e7da40b39255d4a8f0b4752558a2f2742", "best_bid": "0.05", "best_ask": "0.06"}], "timestamp": "1769384083544", "event_type": "price_change"}}
{"_local_timestamp": "2026-01-25T23:34:43.887929+00:00", "data": {"market": "0xffb0723660bcaa860192fe58e950e3a54157093c84083180e77893499f405d18", "price_changes": [{"asset_id": "4472886865032838397810424393210272060370009201422264476823029103002744099016", "price": "0.02", "size": "43203", "side": "BUY", "hash": "128372ef045fe22f0fd43f1b67479b7d2c0d584f", "best_bid": "0.05", "best_ask": "0.06"}, {"asset_id": "1938593961598490009811329809692210958658799670627103623544929317930910109620", "price": "0.98", "size": "43203", "side": "SELL", "hash": "930a2fb6c9c4f44387581d8991c6ee725b2b0a55", "best_bid": "0.94", "best_ask": "0.95"}], "timestamp": "1769384083802", "event_type": "price_change"}}
{"_local_timestamp": "2026-01-25T23:34:43.888422+00:00", "data": {"market": "0xffb0723660bcaa860192fe58e950e3a54157093c84083180e77893499f405d18", "price_changes": [{"asset_id": "4472886865032838397810424393210272060370009201422264476823029103002744099016", "price": "0.03", "size": "9461.96", "side": "BUY", "hash": "128372ef045fe22f0fd43f1b67479b7d2c0d584f", "best_bid": "0.05", "best_ask": "0.06"}, {"asset_id": "1938593961598490009811329809692210958658799670627103623544929317930910109620", "price": "0.97", "size": "9461.96", "side": "SELL", "hash": "930a2fb6c9c4f44387581d8991c6ee725b2b0a55", "best_bid": "0.94", "best_ask": "0.95"}], "timestamp": "1769384083802", "event_type": "price_change"}}
{"_local_timestamp": "2026-01-25T23:34:43.907159+00:00", "data": {"market": "0xffb0723660bcaa860192fe58e950e3a54157093c84083180e77893499f405d18", "price_changes": [{"asset_id": "1938593961598490009811329809692210958658799670627103623544929317930910109620", "price": "0.24", "size": "216.66", "side": "BUY", "hash": "007334fe1722db8865a511c60f0cc4f2c1baef54", "best_bid": "0.94", "best_ask": "0.95"}, {"asset_id": "4472886865032838397810424393210272060370009201422264476823029103002744099016", "price": "0.76", "size": "216.66", "side": "SELL", "hash": "7e3b32bf89d1d123b763cd681af1130ebaa9b2b8", "best_bid": "0.05", "best_ask": "0.06"}], "timestamp": "1769384083809", "event_type": "price_change"}}
{"_local_timestamp": "2026-01-25T23:34:46.121320+00:00", "data": {"market": "0xffb0723660bcaa860192fe58e950e3a54157093c84083180e77893499f405d18", "price_changes": [{"asset_id": "4472886865032838397810424393210272060370009201422264476823029103002744099016", "price": "0.02", "size": "43228.62", "side": "BUY", "hash": "05aeae7bb44f22b1604239225aa63838f24d5a48", "best_bid": "0.05", "best_ask": "0.06"}, {"asset_id": "1938593961598490009811329809692210958658799670627103623544929317930910109620", "price": "0.98", "size": "43228.62", "side": "SELL", "hash": "917a8341568f724bebc7fa89b8da019b986b9b70", "best_bid": "0.94", "best_ask": "0.95"}], "timestamp": "1769384086058", "event_type": "price_change"}}
{"_local_timestamp": "2026-01-25T23:34:46.129873+00:00", "data": {"market": "0xffb0723660bcaa860192fe58e950e3a54157093c84083180e77893499f405d18", "price_changes": [{"asset_id": "4472886865032838397810424393210272060370009201422264476823029103002744099016", "price": "0.03", "size": "9478.2", "side": "BUY", "hash": "d8908c521237e71f4a379c4280ecfb229b2f34c0", "best_bid": "0.05", "best_ask": "0.06"}, {"asset_id": "1938593961598490009811329809692210958658799670627103623544929317930910109620", "price": "0.97", "size": "9478.2", "side": "SELL", "hash": "af8c6fcd4a71ec506d7d58ee8a71afb30620e384", "best_bid": "0.94", "best_ask": "0.95"}], "timestamp": "1769384086059", "event_type": "price_change"}}
{"_local_timestamp": "2026-01-25T23:35:26.841379+00:00", "data": {"market": "0xffb0723660bcaa860192fe58e950e3a54157093c84083180e77893499f405d18", "price_changes": [{"asset_id": "1938593961598490009811329809692210958658799670627103623544929317930910109620", "price": "0.26", "size": "100", "side": "BUY", "hash": "660043f6eb8ebe1bfbaba220f5a7b3a0b1b84c67", "best_bid": "0.94", "best_ask": "0.95"}, {"asset_id": "4472886865032838397810424393210272060370009201422264476823029103002744099016", "price": "0.74", "size": "100", "side": "SELL", "hash": "f1216ddb158ce034218314ae56b50181b492217b", "best_bid": "0.05", "best_ask": "0.06"}], "timestamp": "1769384126564", "event_type": "price_change"}}
{"_local_timestamp": "2026-01-25T23:35:27.247928+00:00", "data": {"market": "0xffb0723660bcaa860192fe58e950e3a54157093c84083180e77893499f405d18", "price_changes": [{"asset_id": "1938593961598490009811329809692210958658799670627103623544929317930910109620", "price": "0.3", "size": "1500", "side": "BUY", "hash": "4014ba0ce03476e8c87bd0ae2e2159a822e9a29c", "best_bid": "0.94", "best_ask": "0.95"}, {"asset_id": "4472886865032838397810424393210272060370009201422264476823029103002744099016", "price": "0.7", "size": "1500", "side": "SELL", "hash": "aa217ebfb908816c3db3f980ca4c84af9c45ae9d", "best_bid": "0.05", "best_ask": "0.06"}], "timestamp": "1769384126900", "event_type": "price_change"}}
{"_local_timestamp": "2026-01-25T23:35:56.507698+00:00", "data": {"market": "0xffb0723660bcaa860192fe58e950e3a54157093c84083180e77893499f405d18", "price_changes": [{"asset_id": "1938593961598490009811329809692210958658799670627103623544929317930910109620", "price": "0.29", "size": "89.65", "side": "BUY", "hash": "26e005f828b81c320ae7efaaeec238e8104652f7", "best_bid": "0.94", "best_ask": "0.95"}, {"asset_id": "4472886865032838397810424393210272060370009201422264476823029103002744099016", "price": "0.71", "size": "89.65", "side": "SELL", "hash": "fdbdd9bcd21173593e630ab7e348947cd716aeba", "best_bid": "0.05", "best_ask": "0.06"}], "timestamp": "1769384156322", "event_type": "price_change"}}
{"_local_timestamp": "2026-01-25T23:35:56.892853+00:00", "data": {"market": "0xffb0723660bcaa860192fe58e950e3a54157093c84083180e77893499f405d18", "price_changes": [{"asset_id": "1938593961598490009811329809692210958658799670627103623544929317930910109620", "price": "0.3", "size": "1550", "side": "BUY", "hash": "324402eed8cc5b2581584c8bbb41ab5aa490f678", "best_bid": "0.94", "best_ask": "0.95"}, {"asset_id": "4472886865032838397810424393210272060370009201422264476823029103002744099016", "price": "0.7", "size": "1550", "side": "SELL", "hash": "05438041bc4cc03131e533133d92bd4e7f1d09d9", "best_bid": "0.05", "best_ask": "0.06"}], "timestamp": "1769384156749", "event_type": "price_change"}}
{"_local_timestamp": "2026-01-25T23:35:58.204165+00:00", "data": {"market": "0xffb0723660bcaa860192fe58e950e3a54157093c84083180e77893499f405d18", "price_changes": [{"asset_id": "1938593961598490009811329809692210958658799670627103623544929317930910109620", "price": "0.3", "size": "150", "side": "BUY", "hash": "804e5f8906df8c529ef4a911e24b5284d5b0c5f0", "best_bid": "0.94", "best_ask": "0.95"}, {"asset_id": "4472886865032838397810424393210272060370009201422264476823029103002744099016", "price": "0.7", "size": "150", "side": "SELL", "hash": "54ce305b0055dd42f2369b5e8074fdadfe82aa66", "best_bid": "0.05", "best_ask": "0.06"}], "timestamp": "1769384158070", "event_type": "price_change"}}
{"_local_timestamp": "2026-01-25T23:36:00.510778+00:00", "data": {"market": "0xffb0723660bcaa860192fe58e950e3a54157093c84083180e77893499f405d18", "price_changes": [{"asset_id": "4472886865032838397810424393210272060370009201422264476823029103002744099016", "price": "0.01", "size": "26421.56", "side": "BUY", "hash": "61d44f815a06c1738a41f74aac679d77151aaa72", "best_bid": "0.05", "best_ask": "0.06"}, {"asset_id": "1938593961598490009811329809692210958658799670627103623544929317930910109620", "price": "0.99", "size": "26421.56", "side": "SELL", "hash": "2799a2d3a42e38bdf9f8b6a105896d6a913316f6", "best_bid": "0.94", "best_ask": "0.95"}], "timestamp": "1769384160440", "event_type": "price_change"}}
{"_local_timestamp": "2026-01-25T23:36:04.783058+00:00", "data": {"market": "0xffb0723660bcaa860192fe58e950e3a54157093c84083180e77893499f405d18", "price_changes": [{"asset_id": "1938593961598490009811329809692210958658799670627103623544929317930910109620", "price": "0.22", "size": "1908", "side": "BUY", "hash": "33c393ca1b231e5246f8adbea056ec0fc8483471", "best_bid": "0.94", "best_ask": "0.95"}, {"asset_id": "4472886865032838397810424393210272060370009201422264476823029103002744099016", "price": "0.78", "size": "1908", "side": "SELL", "hash": "811f138b8d7fba26f12f4ec7a709617c86ff66a8", "best_bid": "0.05", "best_ask": "0.06"}], "timestamp": "1769384164710", "event_type": "price_change"}}
