{"_local_timestamp": "2026-01-25T23:33:19.383630+00:00", "data": [{"market": "0xb4c6f7991dc5d1e110abb1404c629deb7bbc4b07ff19bb4672ff41801824490e", "asset_id": "12726823989557107952268342942906206381973799399453895205022550590946554841098", "timestamp": "1769383963559", "hash": "f65dd3f2f2aa926d693830890140d88dbd577e06", "bids": [{"price": "0.01", "size": "6309.71"}, {"price": "0.02", "size": "2450"}, {"price": "0.03", "size": "250"}, {"price": "0.04", "size": "7.61"}, {"price": "0.05", "size": "30"}, {"price": "0.06", "size": "983"}, {"price": "0.1", "size": "360"}, {"price": "0.11", "size": "5.44"}, {"price": "0.14", "size": "242.85"}, {"price": "0.15", "size": "550"}, {"price": "0.16", "size": "1450"}, {"price": "0.19", "size": "168.42"}, {"price": "0.23", "size": "844"}, {"price": "0.24", "size": "116.66"}, {"price": "0.25", "size": "100"}, {"price": "0.29", "size": "139.65"}, {"price": "0.3", "size": "50"}, {"price": "0.34", "size": "70.58"}, {"price": "0.35", "size": "1814"}, {"price": "0.38", "size": "127.63"}, {"price": "0.48", "size": "3449"}, {"price": "0.49", "size": "5"}, {"price": "0.61", "size": "232.92"}, {"price": "0.73", "size": "200"}, {"price": "0.79", "size": "50"}, {"price": "0.8", "size": "50"}, {"price": "0.81", "size": "50"}, {"price": "0.82", "size": "50"}, {"price": "0.83", "size": "50"}, {"price": "0.84", "size": "50"}, {"price": "0.85", "size": "50"}, {"price": "0.86", "size": "50"}, {"price": "0.87", "size": "250"}, {"price": "0.88", "size": "10"}, {"price": "0.92", "size": "1307.13"}, {"price": "0.93", "size": "1706.99"}, {"price": "0.94", "size": "1550.29"}], "asks": [{"price": "0.99", "size": "2510"}, {"price": "0.98", "size": "25843.62"}, {"price": "0.97", "size": "24028.39"}, {"price": "0.96", "size": "724.14"}], "event_type": "book", "last_trade_price": "0.040"}, {"market": "0xb4c6f7991dc5d1e110abb1404c629deb7bbc4b07ff19bb4672ff41801824490e", "asset_id": "48577451271083670981595797636824300354923632195069165655560061059665286147100", "timestamp": "1769383963559", "hash": "35ed98184a902715398fc79ab3d66fa94f5f54eb", "bids": [{"price": "0.01", "size": "2510"}, {"price": "0.02", "size": "25843.62"}, {"price": "0.03", "size": "24028.39"}, {"price": "0.04", "size": "724.14"}], "asks": [{"price": "0.99", "size": "6309.71"}, {"price": "0.98", "size": "2450"}, {"price": "0.97", "size": "250"}, {"price": "0.96", "size": "7.61"}, {"price": "0.95", "size": "30"}, {"price": "0.94", "size": "983"}, {"price": "0.9", "size": "360"}, {"price": "0.89", "size": "5.44"}, {"price": "0.86", "size": "242.85"}, {"price": "0.85", "size": "550"}, {"price": "0.84", "size": "1450"}, {"price": "0.81", "size": "168.42"}, {"price": "0.77", "size": "844"}, {"price": "0.76", "size": "116.66"}, {"price": "0.75", "size": "100"}, {"price": "0.71", "size": "139.65"}, {"price": "0.7", "size": "50"}, {"price": "0.66", "size": "70.58"}, {"price": "0.65", "size": "1814"}, {"price": "0.62", "size": "127.63"}, {"price": "0.52", "size": "3449"}, {"price": "0.51", "size": "5"}, {"price": "0.39", "size": "232.92"}, {"price": "0.27", "size": "200"}, {"price": "0.21", "size": "50"}, {"price": "0.2", "size": "50"}, {"price": "0.19", "size": "50"}, {"price": "0.18", "size": "50"}, {"price": "0.17", "size": "50"}, {"price": "0.16", "size": "50"}, {"price": "0.15", "size": "50"}, {"price": "0.14", "size": "50"}, {"price": "0.13", "size": "250"}, {"price": "0.12", "size": "10"}, {"price": "0.08", "size": "1307.13"}, {"price": "0.07", "size": "1706.99"}, {"price": "0.06", "size": "1550.29"}], "event_type": "book", "last_trade_price": "0.040"}]}
{"_local_timestamp": "2026-01-25T23:33:23.908846+00:00", "data": {"market": "0xb4c6f7991dc5d1e110abb1404c629deb7bbc4b07ff19bb4672ff41801824490e", "price_changes": [{"asset_id": "12726823989557107952268342942906206381973799399453895205022550590946554841098", "price": "0.25", "size": "0", "side": "BUY", "hash": "7ea8677b1956c3a07b90a837c39053fb7d6016fd", "best_bid": "0.94", "best_ask": "0.96"}, {"asset_id": "48577451271083670981595797636824300354923632195069165655560061059665286147100", "price": "0.75", "size": "0", "side": "SELL", "hash": "11f6d92e19e1b4be58cda431eabcd9a857e5b72a", "best_bid": "0.04", "best_ask": "0.06"}], "timestamp": "1769384003785", "event_type": "price_change"}}
{"_local_timestamp": "2026-01-25T23:33:24.391846+00:00", "data": {"market": "0xb4c6f7991dc5d1e110abb1404c629deb7bbc4b07ff19bb4672ff41801824490e", "price_changes": [{"asset_id": "12726823989557107952268342942906206381973799399453895205022550590946554841098", "price": "0.23", "size": "944", "side": "BUY", "hash": "bc3f3551b36479e4085fe4e7c30a49a4401f5f10", "best_bid": "0.94", "best_ask": "0.96"}, {"asset_id": "48577451271083670981595797636824300354923632195069165655560061059665286147100", "price": "0.77", "size": "944", "side": "SELL", "hash": "df6956db656ef5a96e6057b9555c3a3a94e70569", "best_bid": "0.04", "best_ask": "0.06"}], "timestamp": "1769384004275", "event_type": "price_change"}}
{"_local_timestamp": "2026-01-25T23:33:34.583524+00:00", "data": {"market": "0xb4c6f7991dc5d1e110abb1404c629deb7bbc4b07ff19bb4672ff41801824490e", "price_changes": [{"asset_id": "12726823989557107952268342942906206381973799399453895205022550590946554841098", "price": "0.24", "size": "1864.66", "side": "BUY", "hash": "c8db75c7e639cb9c19334821ef0060714603cfb9", "best_bid": "0.94", "best_ask": "0.96"}, {"asset_id": "48577451271083670981595797636824300354923632195069165655560061059665286147100", "price": "0.76", "size": "1864.66", "side": "SELL", "hash": "4e53266f973bd3c401620af71c73ab584492047e", "best_bid": "0.04", "best_ask": "0.06"}], "timestamp": "1769384014516", "event_type": "price_change"}}
{"_local_timestamp": "2026-01-25T23:34:20.052731+00:00", "data": {"market": "0xb4c6f7991dc5d1e110abb1404c629deb7bbc4b07ff19bb4672ff41801824490e", "price_changes": [{"asset_id": "12726823989557107952268342942906206381973799399453895205022550590946554841098", "price": "0.24", "size": "116.66", "side": "BUY", "hash": "a4a48c602b0c3d9f072913908791a72159644fbb", "best_bid": "0.94", "best_ask": "0.96"}, {"asset_id": "48577451271083670981595797636824300354923632195069165655560061059665286147100", "price": "0.76", "size": "116.66", "side": "SELL", "hash": "e4a42ddc3913f95ad50a74f290793f3a040b4677", "best_bid": "0.04", "best_ask": "0.06"}], "timestamp": "1769384059761", "event_type": "price_change"}}
{"_local_timestamp": "2026-01-25T23:34:28.036158+00:00", "data": {"market": "0xb4c6f7991dc5d1e110abb1404c629deb7bbc4b07ff19bb4672ff41801824490e", "price_changes": [{"asset_id": "12726823989557107952268342942906206381973799399453895205022550590946554841098", "price": "0.23", "size": "844", "side": "BUY", "hash": "e97409b404188c926e376b4df99fa1c8ae4978ee", "best_bid": "0.94", "best_ask": "0.96"}, {"asset_id": "48577451271083670981595797636824300354923632195069165655560061059665286147100", "price": "0.77", "size": "844", "side": "SELL", "hash": "6a01f290456279d368d0fb2fe7483c72827b4df6", "best_bid": "0.04", "best_ask": "0.06"}], "timestamp": "1769384067618", "event_type": "price_change"}}
{"_local_timestamp": "2026-01-25T23:34:28.709229+00:00", "data": {"market": "0xb4c6f7991dc5d1e110abb1404c629deb7bbc4b07ff19bb4672ff41801824490e", "price_changes": [{"asset_id": "12726823989557107952268342942906206381973799399453895205022550590946554841098", "price": "0.25", "size": "100", "side": "BUY", "hash": "2bcf8ea10e52933e8ac9b238484e5086a3c5764c", "best_bid": "0.94", "best_ask": "0.96"}, {"asset_id": "48577451271083670981595797636824300354923632195069165655560061059665286147100", "price": "0.75", "size": "100", "side": "SELL", "hash": "c5bcb74a5b9c91452b6919bd75a5bc248ed079e9", "best_bid": "0.04", "best_ask": "0.06"}], "timestamp": "1769384068150", "event_type": "price_change"}}
{"_local_timestamp": "2026-01-25T23:34:43.614193+00:00", "data": {"market": "0xb4c6f7991dc5d1e110abb1404c629deb7bbc4b07ff19bb4672ff41801824490e", "price_changes": [{"asset_id": "12726823989557107952268342942906206381973799399453895205022550590946554841098", "price": "0.25", "size": "1780", "side": "BUY", "hash": "0a814512d9f22d2c49fca7c1bba2caab4d7677bf", "best_bid": "0.94", "best_ask": "0.96"}, {"asset_id": "48577451271083670981595797636824300354923632195069165655560061059665286147100", "price": "0.75", "size": "1780", "side": "SELL", "hash": "a5a3db63cf21b47304bf728e3e8f1a5fd7f23410", "best_bid": "0.04", "best_ask": "0.06"}], "timestamp": "1769384083540", "event_type": "price_change"}}
{"_local_timestamp": "2026-01-25T23:34:43.614977+00:00", "data": {"market": "0xb4c6f7991dc5d1e110abb1404c629deb7bbc4b07ff19bb4672ff41801824490e", "price_changes": [{"asset_id": "12726823989557107952268342942906206381973799399453895205022550590946554841098", "price": "0.23", "size": "744", "side": "BUY", "hash": "07e49c4e6bf1a48d05db2d37394684cb2d9b5068", "best_bid": "0.94", "best_ask": "0.96"}, {"asset_id": "48577451271083670981595797636824300354923632195069165655560061059665286147100", "price": "0.77", "size": "744", "side": "SELL", "hash": "b9f3f3b87d068e77166f6c212e816aa7b994df9d", "best_bid": "0.04", "best_ask": "0.06"}], "timestamp": "1769384083543", "event_type": "price_change"}}
{"_local_timestamp": "2026-01-25T23:34:43.881284+00:00", "data": {"market": "0xb4c6f7991dc5d1e110abb1404c629deb7bbc4b07ff19bb4672ff41801824490e", "price_changes": [{"asset_id": "12726823989557107952268342942906206381973799399453895205022550590946554841098", "price": "0.24", "size": "216.66", "side": "BUY", "hash": "adf517ba33fc7a934ec8c63441889d51abba201e", "best_bid": "0.94", "best_ask": "0.96"}, {"asset_id": "48577451271083670981595797636824300354923632195069165655560061059665286147100", "price": "0.76", "size": "216.66", "side": "SELL", "hash": "0a2ba9599ca8d61b2a3ab124e7a06223eaea4e17", "best_bid": "0.04", "best_ask": "0.06"}], "timestamp": "1769384083800", "event_type": "price_change"}}
{"_local_timestamp": "2026-01-25T23:34:46.549303+00:00", "data": {"market": "0xb4c6f7991dc5d1e110abb1404c629deb7bbc4b07ff19bb4672ff41801824490e", "price_changes": [{"asset_id": "48577451271083670981595797636824300354923632195069165655560061059665286147100", "price": "0.02", "size": "25818", "side": "BUY", "hash": "512aacbf1b7cbfa870f795bfc81cc852fc3f671c", "best_bid": "0.04", "best_ask": "0.06"}, {"asset_id": "12726823989557107952268342942906206381973799399453895205022550590946554841098", "price": "0.98", "size": "25818", "side": "SELL", "hash": "0b586f9f7c85cae17f0f03ee39e632e5417068f4", "best_bid": "0.94", "best_ask": "0.96"}], "timestamp": "1769384086471", "event_type": "price_change"}}
{"_local_timestamp": "2026-01-25T23:34:46.549797+00:00", "data": {"market": "0xb4c6f7991dc5d1e110abb1404c629deb7bbc4b07ff19bb4672ff41801824490e", "price_changes": [{"asset_id": "48577451271083670981595797636824300354923632195069165655560061059665286147100", "price": "0.03", "size": "24012.14", "side": "BUY", "hash": "512aacbf1b7cbfa870f795bfc81cc852fc3f671c", "best_bid": "0.04", "best_ask": "0.06"}, {"asset_id": "12726823989557107952268342942906206381973799399453895205022550590946554841098", "price": "0.97", "size": "24012.14", "side": "SELL", "hash": "0b586f9f7c85cae17f0f03ee39e632e5417068f4", "best_bid": "0.94", "best_ask": "0.96"}], "timestamp": "1769384086471", "event_type": "price_change"}}
{"_local_timestamp": "2026-01-25T23:34:49.416366+00:00", "data": {"market": "0xb4c6f7991dc5d1e110abb1404c629deb7bbc4b07ff19bb4672ff41801824490e", "price_changes": [{"asset_id": "48577451271083670981595797636824300354923632195069165655560061059665286147100", "price": "0.03", "size": "24028.39", "side": "BUY", "hash": "51e1e83677dc40b90222d195f040f498cafdd889", "best_bid": "0.04", "best_ask": "0.06"}, {"asset_id": "12726823989557107952268342942906206381973799399453895205022550590946554841098", "price": "0.97", "size": "24028.39", "side": "SELL", "hash": "aff2ad1bfe9f185b1bf880e75b8fff3ff2e71971", "best_bid": "0.94", "best_ask": "0.96"}], "timestamp": "1769384089316", "event_type": "price_change"}}
{"_local_timestamp": "2026-01-25T23:34:49.421201+00:00", "data": {"market": "0xb4c6f7991dc5d1e110abb1404c629deb7bbc4b07ff19bb4672ff41801824490e", "price_changes": [{"asset_id": "48577451271083670981595797636824300354923632195069165655560061059665286147100", "price": "0.02", "size": "25843.62", "side": "BUY", "hash": "731253ef498740525a2e78d23ff54f5c01f900f7", "best_bid": "0.04", "best_ask": "0.06"}, {"asset_id": "12726823989557107952268342942906206381973799399453895205022550590946554841098", "price": "0.98", "size": "25843.62", "side": "SELL", "hash": "1767f02845daf2b1ba50421ca93a816842c77bca", "best_bid": "0.94", "best_ask": "0.96"}], "timestamp": "1769384089318", "event_type": "price_change"}}
{"_local_timestamp": "2026-01-25T23:35:23.744551+00:00", "data": {"market": "0xb4c6f7991dc5d1e110abb1404c629deb7bbc4b07ff19bb4672ff41801824490e", "price_changes": [{"asset_id": "12726823989557107952268342942906206381973799399453895205022550590946554841098", "price": "0.24", "size": "116.66", "side": "BUY", "hash": "225b7c6aace0670b843e83e31648acba24cfa656", "best_bid": "0.94", "best_ask": "0.96"}, {"asset_id": "48577451271083670981595797636824300354923632195069165655560061059665286147100", "price": "0.76", "size": "116.66", "side": "SELL", "hash": "9551a6de832bff4934c0c3908665094debbd2c6f", "best_bid": "0.04", "best_ask": "0.06"}], "timestamp": "1769384123668", "event_type": "price_change"}}
{"_local_timestamp": "2026-01-25T23:35:24.258022+00:00", "data": {"market": "0xb4c6f7991dc5d1e110abb1404c629deb7bbc4b07ff19bb4672ff41801824490e", "price_changes": [{"asset_id": "12726823989557107952268342942906206381973799399453895205022550590946554841098", "price": "0.25", "size": "1880", "side": "BUY", "hash": "878599a01476431a8088b498480bff606771d917", "best_bid": "0.94", "best_ask": "0.96"}, {"asset_id": "48577451271083670981595797636824300354923632195069165655560061059665286147100", "price": "0.75", "size": "1880", "side": "SELL", "hash": "ca9da5d36804d6bb1ceea9fd5ada2a06c4a5410f", "best_bid": "0.04", "best_ask": "0.06"}], "timestamp": "1769384123989", "event_type": "price_change"}}
{"_local_timestamp": "2026-01-25T23:35:56.261489+00:00", "data": {"market": "0xb4c6f7991dc5d1e110abb1404c629deb7bbc4b07ff19bb4672ff41801824490e", "price_changes": [{"asset_id": "12726823989557107952268342942906206381973799399453895205022550590946554841098", "price": "0.23", "size": "694", "side": "BUY", "hash": "67e47a5633767f84ed38b6f8c85c657e39624d13", "best_bid": "0.94", "best_ask": "0.96"}, {"asset_id": "48577451271083670981595797636824300354923632195069165655560061059665286147100", "price": "0.77", "size": "694", "side": "SELL", "hash": "b89ba4429e434f0ab2d9549bfa8d48811d7297dc", "best_bid": "0.04", "best_ask": "0.06"}], "timestamp": "1769384156190", "event_type": "price_change"}}
{"_local_timestamp": "2026-01-25T23:35:56.262578+00:00", "data": {"market": "0xb4c6f7991dc5d1e110abb1404c629deb7bbc4b07ff19bb4672ff41801824490e", "price_changes": [{"asset_id": "12726823989557107952268342942906206381973799399453895205022550590946554841098", "price": "0.3", "size": "0", "side": "BUY", "hash": "67e47a5633767f84ed38b6f8c85c657e39624d13", "best_bid": "0.94", "best_ask": "0.96"}, {"asset_id": "48577451271083670981595797636824300354923632195069165655560061059665286147100", "price": "0.7", "size": "0", "side": "SELL", "hash": "b89ba4429e434f0ab2d9549bfa8d48811d7297dc", "best_bid": "0.04", "best_ask": "0.06"}], "timestamp": "1769384156190", "event_type": "price_change"}}
{"_local_timestamp": "2026-01-25T23:35:56.768880+00:00", "data": {"market": "0xb4c6f7991dc5d1e110abb1404c629deb7bbc4b07ff19bb4672ff41801824490e", "price_changes": [{"asset_id": "12726823989557107952268342942906206381973799399453895205022550590946554841098", "price": "0.29", "size": "189.65", "side": "BUY", "hash": "49c6d856fb2a6a3cf3e20ce7b8199124b854606a", "best_bid": "0.94", "best_ask": "0.96"}, {"asset_id": "48577451271083670981595797636824300354923632195069165655560061059665286147100", "price": "0.71", "size": "189.65", "side": "SELL", "hash": "ab4f04c411d4f12e6e4c2ff5ee473b20a6f82ba9", "best_bid": "0.04", "best_ask": "0.06"}], "timestamp": "1769384156700", "event_type": "price_change"}}
{"_local_timestamp": "2026-01-25T23:35:56.769446+00:00", "data": {"market": "0xb4c6f7991dc5d1e110abb1404c629deb7bbc4b07ff19bb4672ff41801824490e", "price_changes": [{"asset_id": "12726823989557107952268342942906206381973799399453895205022550590946554841098", "price": "0.24", "size": "166.66", "side": "BUY", "hash": "506828d2f1cf08648ef59f8856e4954cd201ddec", "best_bid": "0.94", "best_ask": "0.96"}, {"asset_id": "48577451271083670981595797636824300354923632195069165655560061059665286147100", "price": "0.76", "size": "166.66", "side": "SELL", "hash": "8d35b9043036730b2cbcd3728e3cb739fed993da", "best_bid": "0.04", "best_ask": "0.06"}], "timestamp": "1769384156702", "event_type": "price_change"}}
{"_local_timestamp": "2026-01-25T23:36:55.153234+00:00", "data": {"market": "0xb4c6f7991dc5d1e110abb1404c629deb7bbc4b07ff19bb4672ff41801824490e", "price_changes": [{"asset_id": "12726823989557107952268342942906206381973799399453895205022550590946554841098", "price": "0.25", "size": "1780", "side": "BUY", "hash": "4a5fe2d49635020923aaef328ee07cae3cffa825", "best_bid": "0.94", "best_ask": "0.96"}, {"asset_id": "48577451271083670981595797636824300354923632195069165655560061059665286147100", "price": "0.75", "size": "1780", "side": "SELL", "hash": "bc968ca7dce22f38c08a1c03eaf75a75fb8f9891", "best_bid": "0.04", "best_ask": "0.06"}], "timestamp": "1769384215025", "event_type": "price_change"}}
{"_local_timestamp": "2026-01-25T23:36:56.135622+00:00", "data": {"market": "0xb4c6f7991dc5d1e110abb1404c629deb7bbc4b07ff19bb4672ff41801824490e", "price_changes": [{"asset_id": "12726823989557107952268342942906206381973799399453895205022550590946554841098", "price": "0.23", "size": "794", "side": "BUY", "hash": "86a9d3d5919e140ae7f769088cd7b0d85903b6dc", "best_bid": "0.94", "best_ask": "0.96"}, {"asset_id": "48577451271083670981595797636824300354923632195069165655560061059665286147100", "price": "0.77", "size": "794", "side": "SELL", "hash": "deaa5f62fdb2fe5cb25ddcf1f56530a9e75fa12f", "best_bid": "0.04", "best_ask": "0.06"}], "timestamp": "1769384215709", "event_type": "price_change"}}
{"_local_timestamp": "2026-01-25T23:38:21.148624+00:00", "data": {"market": "0xb4c6f7991dc5d1e110abb1404c629deb7bbc4b07ff19bb4672ff41801824490e", "price_changes": [{"asset_id": "12726823989557107952268342942906206381973799399453895205022550590946554841098", "price": "0.24", "size": "116.66", "side": "BUY", "hash": "21ab25fd3b4ba876bdaad29b3ecd22ed61ebd992", "best_bid": "0.94", "best_ask": "0.96"}, {"asset_id": "48577451271083670981595797636824300354923632195069165655560061059665286147100", "price": "0.76", "size": "116.66", "side": "SELL", "hash": "24a249326d0fc3eac9e254707b4d9d34ad447469", "best_bid": "0.04", "best_ask": "0.06"}], "timestamp": "1769384301076", "event_type": "price_change"}}
{"_local_timestamp": "2026-01-25T23:38:21.528192+00:00", "data": {"market": "0xb4c6f7991dc5d1e110abb1404c629deb7bbc4b07ff19bb4672ff41801824490e", "price_changes": [{"asset_id": "12726823989557107952268342942906206381973799399453895205022550590946554841098", "price": "0.25", "size": "1830", "side": "BUY", "hash": "06c3202fad9750e02f50f718e4aad97f6e48f5d0", "best_bid": "0.94", "best_ask": "0.96"}, {"asset_id": "48577451271083670981595797636824300354923632195069165655560061059665286147100", "price": "0.75", "size": "1830", "side": "SELL", "hash": "31ce38943a121201df445517f40868ac16f018f6", "best_bid": "0.04", "best_ask": "0.06"}], "timestamp": "1769384301441", "event_type": "price_change"}}
