{"_local_timestamp": "2026-01-25T23:40:31.188375+00:00", "data": [{"market": "0xb4c6f7991dc5d1e110abb1404c629deb7bbc4b07ff19bb4672ff41801824490e", "asset_id": "12726823989557107952268342942906206381973799399453895205022550590946554841098", "timestamp": "1769384404948", "hash": "68e1cfdf53340d5b2508e902e9a536b6cfa78989", "bids": [{"price": "0.01", "size": "6309.71"}, {"price": "0.02", "size": "2450"}, {"price": "0.03", "size": "250"}, {"price": "0.04", "size": "7.61"}, {"price": "0.05", "size": "30"}, {"price": "0.06", "size": "983"}, {"price": "0.1", "size": "360"}, {"price": "0.11", "size": "5.44"}, {"price": "0.14", "size": "242.85"}, {"price": "0.15", "size": "550"}, {"price": "0.16", "size": "1450"}, {"price": "0.19", "size": "168.42"}, {"price": "0.23", "size": "794"}, {"price": "0.24", "size": "116.66"}, {"price": "0.25", "size": "150"}, {"price": "0.29", "size": "189.65"}, {"price": "0.3", "size": "1400"}, {"price": "0.34", "size": "70.58"}, {"price": "0.35", "size": "1814"}, {"price": "0.36", "size": "4545"}, {"price": "0.38", "size": "127.63"}, {"price": "0.48", "size": "60"}, {"price": "0.49", "size": "5"}, {"price": "0.61", "size": "232.92"}, {"price": "0.73", "size": "200"}, {"price": "0.79", "size": "50"}, {"price": "0.8", "size": "50"}, {"price": "0.81", "size": "50"}, {"price": "0.82", "size": "50"}, {"price": "0.83", "size": "50"}, {"price": "0.84", "size": "50"}, {"price": "0.85", "size": "50"}, {"price": "0.86", "size": "50"}, {"price": "0.87", "size": "250"}, {"price": "0.88", "size": "10"}, {"price": "0.92", "size": "1307.13"}, {"price": "0.93", "size": "1706.99"}, {"price": "0.94", "size": "1550.29"}], "asks": [{"price": "0.99", "size": "2510"}, {"price": "0.98", "size": "25843.62"}, {"price": "0.97", "size": "24028.39"}, {"price": "0.96", "size": "724.14"}], "event_type": "book", "last_trade_price": "0.040"}, {"market": "0xb4c6f7991dc5d1e110abb1404c629deb7bbc4b07ff19bb4672ff41801824490e", "asset_id": "48577451271083670981595797636824300354923632195069165655560061059665286147100", "timestamp": "1769384404948", "hash": "b6d46c207847615738965e09d0bc8424fb7e26f0", "bids": [{"price": "0.01", "size": "2510"}, {"price": "0.02", "size": "25843.62"}, {"price": "0.03", "size": "24028.39"}, {"price": "0.04", "size": "724.14"}], "asks": [{"price": "0.99", "size": "6309.71"}, {"price": "0.98", "size": "2450"}, {"price": "0.97", "size": "250"}, {"price": "0.96", "size": "7.61"}, {"price": "0.95", "size": "30"}, {"price": "0.94", "size": "983"}, {"price": "0.9", "size": "360"}, {"price": "0.89", "size": "5.44"}, {"price": "0.86", "size": "242.85"}, {"price": "0.85", "size": "550"}, {"price": "0.84", "size": "1450"}, {"price": "0.81", "size": "168.42"}, {"price": "0.77", "size": "794"}, {"price": "0.76", "size": "116.66"}, {"price": "0.75", "size": "150"}, {"price": "0.71", "size": "189.65"}, {"price": "0.7", "size": "1400"}, {"price": "0.66", "size": "70.58"}, {"price": "0.65", "size": "1814"}, {"price": "0.64", "size": "4545"}, {"price": "0.62", "size": "127.63"}, {"price": "0.52", "size": "60"}, {"price": "0.51", "size": "5"}, {"price": "0.39", "size": "232.92"}, {"price": "0.27", "size": "200"}, {"price": "0.21", "size": "50"}, {"price": "0.2", "size": "50"}, {"price": "0.19", "size": "50"}, {"price": "0.18", "size": "50"}, {"price": "0.17", "size": "50"}, {"price": "0.16", "size": "50"}, {"price": "0.15", "size": "50"}, {"price": "0.14", "size": "50"}, {"price": "0.13", "size": "250"}, {"price": "0.12", "size": "10"}, {"price": "0.08", "size": "1307.13"}, {"price": "0.07", "size": "1706.99"}, {"price": "0.06", "size": "1550.29"}], "event_type": "book", "last_trade_price": "0.040"}]}
{"_local_timestamp": "2026-01-25T23:40:31.720901+00:00", "data": {"market": "0xb4c6f7991dc5d1e110abb1404c629deb7bbc4b07ff19bb4672ff41801824490e", "price_changes": [{"asset_id": "12726823989557107952268342942906206381973799399453895205022550590946554841098", "price": "0.29", "size": "139.65", "side": "BUY", "hash": "ea716eb11df85a8d02932106dadb038d2cc93926", "best_bid": "0.94", "best_ask": "0.96"}, {"asset_id": "48577451271083670981595797636824300354923632195069165655560061059665286147100", "price": "0.71", "size": "139.65", "side": "SELL", "hash": "6be0b982ad98cfc437c513ee0c1edf3c37580944", "best_bid": "0.04", "best_ask": "0.06"}], "timestamp": "1769384431631", "event_type": "price_change"}}
{"_local_timestamp": "2026-01-25T23:40:31.962119+00:00", "data": {"market": "0xb4c6f7991dc5d1e110abb1404c629deb7bbc4b07ff19bb4672ff41801824490e", "price_changes": [{"asset_id": "12726823989557107952268342942906206381973799399453895205022550590946554841098", "price": "0.3", "size": "1450", "side": "BUY", "hash": "39644450280704f24198f5924d1d68411dabfd01", "best_bid": "0.94", "best_ask": "0.96"}, {"asset_id": "48577451271083670981595797636824300354923632195069165655560061059665286147100", "price": "0.7", "size": "1450", "side": "SELL", "hash": "fe393eda8857e2d6bdd7940106110494b501a1a1", "best_bid": "0.04", "best_ask": "0.06"}], "timestamp": "1769384431890", "event_type": "price_change"}}
{"_local_timestamp": "2026-01-25T23:40:42.079154+00:00", "data": {"market": "0xb4c6f7991dc5d1e110abb1404c629deb7bbc4b07ff19bb4672ff41801824490e", "price_changes": [{"asset_id": "48577451271083670981595797636824300354923632195069165655560061059665286147100", "price": "0.02", "size": "25593.62", "side": "BUY", "hash": "c225b7873524ae2341b4d697872eaf887d9b0aaf", "best_bid": "0.04", "best_ask": "0.06"}, {"asset_id": "12726823989557107952268342942906206381973799399453895205022550590946554841098", "price": "0.98", "size": "25593.62", "side": "SELL", "hash": "b7850acc7b85f06dc48d9bae6384cc34a409a47f", "best_bid": "0.94", "best_ask": "0.96"}], "timestamp": "1769384442001", "event_type": "price_change"}}
{"_local_timestamp": "2026-01-25T23:40:42.081519+00:00", "data": {"market": "0xb4c6f7991dc5d1e110abb1404c629deb7bbc4b07ff19bb4672ff41801824490e", "price_changes": [{"asset_id": "48577451271083670981595797636824300354923632195069165655560061059665286147100", "price": "0.01", "size": "510", "side": "BUY", "hash": "4f0cde22056ad3483abca1a83a0777c24c4b9427", "best_bid": "0.04", "best_ask": "0.06"}, {"asset_id": "12726823989557107952268342942906206381973799399453895205022550590946554841098", "price": "0.99", "size": "510", "side": "SELL", "hash": "0c16631b90084e7bbdb55bacc73418eec268582c", "best_bid": "0.94", "best_ask": "0.96"}], "timestamp": "1769384442002", "event_type": "price_change"}}
