{"_local_timestamp": "2026-01-25T23:40:30.495189+00:00", "data": [{"market": "0xde0111150c332eb6f53e9476ffbd86b5527a5a6bdcdeefbac1fbd47248fca7ee", "asset_id": "33635112192990993453872315423104620094526257401282945780015813173807650110239", "timestamp": "1769384362731", "hash": "799e1195855ec71d4b12c93af318ce23f6de5314", "bids": [{"price": "0.01", "size": "7010.42"}, {"price": "0.02", "size": "2600"}, {"price": "0.03", "size": "10.9"}, {"price": "0.05", "size": "4759"}, {"price": "0.06", "size": "250"}, {"price": "0.08", "size": "725"}, {"price": "0.1", "size": "27.25"}, {"price": "0.11", "size": "621.07"}, {"price": "0.12", "size": "250"}, {"price": "0.14", "size": "200"}, {"price": "0.17", "size": "402.94"}, {"price": "0.19", "size": "126.31"}, {"price": "0.21", "size": "11.36"}, {"price": "0.22", "size": "190.9"}, {"price": "0.25", "size": "39"}, {"price": "0.26", "size": "29.34"}, {"price": "0.45", "size": "314.72"}, {"price": "0.48", "size": "229.33"}, {"price": "0.49", "size": "100"}, {"price": "0.5", "size": "6.15"}], "asks": [{"price": "0.99", "size": "7311.57"}, {"price": "0.98", "size": "116.98"}, {"price": "0.97", "size": "8.71"}, {"price": "0.92", "size": "450"}, {"price": "0.91", "size": "7.03"}, {"price": "0.88", "size": "61"}, {"price": "0.87", "size": "15"}, {"price": "0.85", "size": "6"}, {"price": "0.73", "size": "120"}, {"price": "0.62", "size": "41.05"}, {"price": "0.6", "size": "33"}, {"price": "0.54", "size": "51.02"}, {"price": "0.53", "size": "27.66"}], "event_type": "book", "last_trade_price": "0.500"}, {"market": "0xde0111150c332eb6f53e9476ffbd86b5527a5a6bdcdeefbac1fbd47248fca7ee", "asset_id": "6271082518707877768637837475632663520983578902767187242523183340673240902132", "timestamp": "1769384362731", "hash": "caa3da85404d36e730fd0fbcd6d44a8232ed5534", "bids": [{"price": "0.01", "size": "7311.57"}, {"price": "0.02", "size": "116.98"}, {"price": "0.03", "size": "8.71"}, {"price": "0.08", "size": "450"}, {"price": "0.09", "size": "7.03"}, {"price": "0.12", "size": "61"}, {"price": "0.13", "size": "15"}, {"price": "0.15", "size": "6"}, {"price": "0.27", "size": "120"}, {"price": "0.38", "size": "41.05"}, {"price": "0.4", "size": "33"}, {"price": "0.46", "size": "51.02"}, {"price": "0.47", "size": "27.66"}], "asks": [{"price": "0.99", "size": "7010.42"}, {"price": "0.98", "size": "2600"}, {"price": "0.97", "size": "10.9"}, {"price": "0.95", "size": "4759"}, {"price": "0.94", "size": "250"}, {"price": "0.92", "size": "725"}, {"price": "0.9", "size": "27.25"}, {"price": "0.89", "size": "621.07"}, {"price": "0.88", "size": "250"}, {"price": "0.86", "size": "200"}, {"price": "0.83", "size": "402.94"}, {"price": "0.81", "size": "126.31"}, {"price": "0.79", "size": "11.36"}, {"price": "0.78", "size": "190.9"}, {"price": "0.75", "size": "39"}, {"price": "0.74", "size": "29.34"}, {"price": "0.55", "size": "314.72"}, {"price": "0.52", "size": "229.33"}, {"price": "0.51", "size": "100"}, {"price": "0.5", "size": "6.15"}], "event_type": "book", "last_trade_price": "0.500"}]}
{"_local_timestamp": "2026-01-25T23:40:59.491952+00:00", "data": {"market": "0xde0111150c332eb6f53e9476ffbd86b5527a5a6bdcdeefbac1fbd47248fca7ee", "price_changes": [{"asset_id": "6271082518707877768637837475632663520983578902767187242523183340673240902132", "price": "0.02", "size": "516.98", "side": "BUY", "hash": "db60b89ad394abb92dcfc0485e40e117cd8d580d", "best_bid": "0.47", "best_ask": "0.5"}, {"asset_id": "33635112192990993453872315423104620094526257401282945780015813173807650110239", "price": "0.98", "size": "516.98", "side": "SELL", "hash": "719f74eeb0747404230d47d4ad41131edbb5dd30", "best_bid": "0.5", "best_ask": "0.53"}], "timestamp": "1769384459418", "event_type": "price_change"}}
{"_local_timestamp": "2026-01-25T23:41:03.581332+00:00", "data": {"market": "0xde0111150c332eb6f53e9476ffbd86b5527a5a6bdcdeefbac1fbd47248fca7ee", "price_changes": [{"asset_id": "33635112192990993453872315423104620094526257401282945780015813173807650110239", "price": "0.98", "size": "500", "side": "SELL", "hash": "613f6ee211b4e07d28ee754f2f6e54560f4065aa", "best_bid": "0.5", "best_ask": "0.53"}, {"asset_id": "6271082518707877768637837475632663520983578902767187242523183340673240902132", "price": "0.02", "size": "500", "side": "BUY", "hash": "67da57c02d08097e93c002f88f2cacdceb77d524", "best_bid": "0.47", "best_ask": "0.5"}], "timestamp": "1769384463483", "event_type": "price_change"}}
{"_local_timestamp": "2026-01-25T23:41:03.943499+00:00", "data": {"market": "0xde0111150c332eb6f53e9476ffbd86b5527a5a6bdcdeefbac1fbd47248fca7ee", "price_changes": [{"asset_id": "33635112192990993453872315423104620094526257401282945780015813173807650110239", "price": "0.97", "size": "25.69", "side": "SELL", "hash": "dce410f71ba53ee0785498b6577fa80ce90dc914", "best_bid": "0.5", "best_ask": "0.53"}, {"asset_id": "6271082518707877768637837475632663520983578902767187242523183340673240902132", "price": "0.03", "size": "25.69", "side": "BUY", "hash": "3aa4152746a4cb62a6c3ff9bf0e7994bd7e66dd8", "best_bid": "0.47", "best_ask": "0.5"}], "timestamp": "1769384463867", "event_type": "price_change"}}
{"_local_timestamp": "2026-01-25T23:41:03.956552+00:00", "data": {"market": "0xde0111150c332eb6f53e9476ffbd86b5527a5a6bdcdeefbac1fbd47248fca7ee", "price_changes": [{"asset_id": "6271082518707877768637837475632663520983578902767187242523183340673240902132", "price": "0.02", "size": "400", "side": "BUY", "hash": "45c3e4a0ce3e9962c4ebac9163742d7d4def25eb", "best_bid": "0.47", "best_ask": "0.5"}, {"asset_id": "33635112192990993453872315423104620094526257401282945780015813173807650110239", "price": "0.98", "size": "400", "side": "SELL", "hash": "7515e01b1122918b19b2cf3d3ef7298dcdb1a8f4", "best_bid": "0.5", "best_ask": "0.53"}], "timestamp": "1769384463885", "event_type": "price_change"}}
{"_local_timestamp": "2026-01-25T23:41:04.504004+00:00", "data": {"market": "0xde0111150c332eb6f53e9476ffbd86b5527a5a6bdcdeefbac1fbd47248fca7ee", "price_changes": [{"asset_id": "6271082518707877768637837475632663520983578902767187242523183340673240902132", "price": "0.03", "size": "125.69", "side": "BUY", "hash": "28aa3ee6c99c00a54ddae56f900dd6e394a357f0", "best_bid": "0.47", "best_ask": "0.5"}, {"asset_id": "33635112192990993453872315423104620094526257401282945780015813173807650110239", "price": "0.97", "size": "125.69", "side": "SELL", "hash": "212e8b4efbb461efd5e1e19a815af9406da9ecc4", "best_bid": "0.5", "best_ask": "0.53"}], "timestamp": "1769384464437", "event_type": "price_change"}}
{"_local_timestamp": "2026-01-25T23:42:39.739018+00:00", "data": {"market": "0xde0111150c332eb6f53e9476ffbd86b5527a5a6bdcdeefbac1fbd47248fca7ee", "price_changes": [{"asset_id": "6271082518707877768637837475632663520983578902767187242523183340673240902132", "price": "0.02", "size": "0", "side": "BUY", "hash": "0d28cadce51ec30f5b1a91fbc8002397dfaeb218", "best_bid": "0.47", "best_ask": "0.5"}, {"asset_id": "33635112192990993453872315423104620094526257401282945780015813173807650110239", "price": "0.98", "size": "0", "side": "SELL", "hash": "aa7c6647a01d7d9ec27342587d747460e43be755", "best_bid": "0.5", "best_ask": "0.53"}], "timestamp": "1769384559589", "event_type": "price_change"}}
{"_local_timestamp": "2026-01-25T23:42:40.058567+00:00", "data": {"market": "0xde0111150c332eb6f53e9476ffbd86b5527a5a6bdcdeefbac1fbd47248fca7ee", "price_changes": [{"asset_id": "33635112192990993453872315423104620094526257401282945780015813173807650110239", "price": "0.97", "size": "108.71", "side": "SELL", "hash": "7992c45cbe18b5b860ddf8ad1fc31f68d2e6cbc8", "best_bid": "0.5", "best_ask": "0.53"}, {"asset_id": "6271082518707877768637837475632663520983578902767187242523183340673240902132", "price": "0.03", "size": "108.71", "side": "BUY", "hash": "96b1bade26f3b2fd3cb3ff1c3bf1a21e883921f9", "best_bid": "0.47", "best_ask": "0.5"}], "timestamp": "1769384559944", "event_type": "price_change"}}
{"_local_timestamp": "2026-01-25T23:42:40.282170+00:00", "data": {"market": "0xde0111150c332eb6f53e9476ffbd86b5527a5a6bdcdeefbac1fbd47248fca7ee", "price_changes": [{"asset_id": "6271082518707877768637837475632663520983578902767187242523183340673240902132", "price": "0.03", "size": "8.71", "side": "BUY", "hash": "618d487bd2eaeeb7368f2740bb466ac79736502e", "best_bid": "0.47", "best_ask": "0.5"}, {"asset_id": "33635112192990993453872315423104620094526257401282945780015813173807650110239", "price": "0.97", "size": "8.71", "side": "SELL", "hash": "7890f2987223adcb8394eafb3c098a59fed9120a", "best_bid": "0.5", "best_ask": "0.53"}], "timestamp": "1769384560143", "event_type": "price_change"}}
{"_local_timestamp": "2026-01-25T23:42:40.402618+00:00", "data": {"market": "0xde0111150c332eb6f53e9476ffbd86b5527a5a6bdcdeefbac1fbd47248fca7ee", "price_changes": [{"asset_id": "33635112192990993453872315423104620094526257401282945780015813173807650110239", "price": "0.98", "size": "16.98", "side": "SELL", "hash": "4da47c329ada5c927a896d3b177b00f08e44fb29", "best_bid": "0.5", "best_ask": "0.53"}, {"asset_id": "6271082518707877768637837475632663520983578902767187242523183340673240902132", "price": "0.02", "size": "16.98", "side": "BUY", "hash": "c20ba0f3176a032a1a9cd2af746155baebb5233a", "best_bid": "0.47", "best_ask": "0.5"}], "timestamp": "1769384560290", "event_type": "price_change"}}
{"_local_timestamp": "2026-01-25T23:42:40.915690+00:00", "data": {"market": "0xde0111150c332eb6f53e9476ffbd86b5527a5a6bdcdeefbac1fbd47248fca7ee", "price_changes": [{"asset_id": "6271082518707877768637837475632663520983578902767187242523183340673240902132", "price": "0.02", "size": "116.98", "side": "BUY", "hash": "73297df606ae1b5f9afa74c0c7e2e2eaf8d8e474", "best_bid": "0.47", "best_ask": "0.5"}, {"asset_id": "33635112192990993453872315423104620094526257401282945780015813173807650110239", "price": "0.98", "size": "116.98", "side": "SELL", "hash": "c58435569ebc2a4d4cb189752f6eb103e23718d8", "best_bid": "0.5", "best_ask": "0.53"}], "timestamp": "1769384560785", "event_type": "price_change"}}
{"_local_timestamp": "2026-01-25T23:44:36.143749+00:00", "data": {"market": "0xde0111150c332eb6f53e9476ffbd86b5527a5a6bdcdeefbac1fbd47248fca7ee", "price_changes": [{"asset_id": "6271082518707877768637837475632663520983578902767187242523183340673240902132", "price": "0.02", "size": "516.98", "side": "BUY", "hash": "fa5519251634c955341b2d8ade8e1d9361e88302", "best_bid": "0.47", "best_ask": "0.5"}, {"asset_id": "33635112192990993453872315423104620094526257401282945780015813173807650110239", "price": "0.98", "size": "516.98", "side": "SELL", "hash": "291993222f02042f232d7c5a1adc8299be102618", "best_bid": "0.5", "best_ask": "0.53"}], "timestamp": "1769384675808", "event_type": "price_change"}}
{"_local_timestamp": "2026-01-25T23:44:39.011805+00:00", "data": {"market": "0xde0111150c332eb6f53e9476ffbd86b5527a5a6bdcdeefbac1fbd47248fca7ee", "price_changes": [{"asset_id": "33635112192990993453872315423104620094526257401282945780015813173807650110239", "price": "0.98", "size": "500", "side": "SELL", "hash": "ca970c5dec9a2e56c4b3635866107372206c6af4", "best_bid": "0.5", "best_ask": "0.53"}, {"asset_id": "6271082518707877768637837475632663520983578902767187242523183340673240902132", "price": "0.02", "size": "500", "side": "BUY", "hash": "352a3d15840257b220fde28600444ee22b73ce07", "best_bid": "0.47", "best_ask": "0.5"}], "timestamp": "1769384678722", "event_type": "price_change"}}
{"_local_timestamp": "2026-01-25T23:44:39.429238+00:00", "data": {"market": "0xde0111150c332eb6f53e9476ffbd86b5527a5a6bdcdeefbac1fbd47248fca7ee", "price_changes": [{"asset_id": "33635112192990993453872315423104620094526257401282945780015813173807650110239", "price": "0.97", "size": "25.69", "side": "SELL", "hash": "d6a9c2b648173b5fa6a86180fb30e319fc5883f1", "best_bid": "0.5", "best_ask": "0.53"}, {"asset_id": "6271082518707877768637837475632663520983578902767187242523183340673240902132", "price": "0.03", "size": "25.69", "side": "BUY", "hash": "70b941382d55b1f169eddd02492f731f92dc6bb6", "best_bid": "0.47", "best_ask": "0.5"}], "timestamp": "1769384679149", "event_type": "price_change"}}
{"_local_timestamp": "2026-01-25T23:44:39.446898+00:00", "data": {"market": "0xde0111150c332eb6f53e9476ffbd86b5527a5a6bdcdeefbac1fbd47248fca7ee", "price_changes": [{"asset_id": "6271082518707877768637837475632663520983578902767187242523183340673240902132", "price": "0.02", "size": "400", "side": "BUY", "hash": "66d50df2a7255aa480248eff247f28b124096fee", "best_bid": "0.47", "best_ask": "0.5"}, {"asset_id": "33635112192990993453872315423104620094526257401282945780015813173807650110239", "price": "0.98", "size": "400", "side": "SELL", "hash": "3b1e261cd66648b2d40a8626de9065b0fad7c9d0", "best_bid": "0.5", "best_ask": "0.53"}], "timestamp": "1769384679156", "event_type": "price_change"}}
{"_local_timestamp": "2026-01-25T23:44:40.084041+00:00", "data": {"market": "0xde0111150c332eb6f53e9476ffbd86b5527a5a6bdcdeefbac1fbd47248fca7ee", "price_changes": [{"asset_id": "6271082518707877768637837475632663520983578902767187242523183340673240902132", "price": "0.03", "size": "125.69", "side": "BUY", "hash": "be27a47e2ee4e61aba33f1c2f66935f4976e4016", "best_bid": "0.47", "best_ask": "0.5"}, {"asset_id": "33635112192990993453872315423104620094526257401282945780015813173807650110239", "price": "0.97", "size": "125.69", "side": "SELL", "hash": "94baf330ca95eab3339d882b6bcdf5d11c192ac2", "best_bid": "0.5", "best_ask": "0.53"}], "timestamp": "1769384679799", "event_type": "price_change"}}
{"_local_timestamp": "2026-01-25T23:46:17.120695+00:00", "data": {"market": "0xde0111150c332eb6f53e9476ffbd86b5527a5a6bdcdeefbac1fbd47248fca7ee", "price_changes": [{"asset_id": "6271082518707877768637837475632663520983578902767187242523183340673240902132", "price": "0.02", "size": "0", "side": "BUY", "hash": "bc3e4d0d221b732ffc3e4eea815ef472a5e9d7a5", "best_bid": "0.47", "best_ask": "0.5"}, {"asset_id": "33635112192990993453872315423104620094526257401282945780015813173807650110239", "price": "0.98", "size": "0", "side": "SELL", "hash": "460653169884fe84f7a563afbdb30495bb513ac0", "best_bid": "0.5", "best_ask": "0.53"}], "timestamp": "1769384776992", "event_type": "price_change"}}
{"_local_timestamp": "2026-01-25T23:46:18.305702+00:00", "data": {"market": "0xde0111150c332eb6f53e9476ffbd86b5527a5a6bdcdeefbac1fbd47248fca7ee", "price_changes": [{"asset_id": "33635112192990993453872315423104620094526257401282945780015813173807650110239", "price": "0.97", "size": "108.71", "side": "SELL", "hash": "61326b5d00da6cdfce28a7303593b714c17cc24d", "best_bid": "0.5", "best_ask": "0.53"}, {"asset_id": "6271082518707877768637837475632663520983578902767187242523183340673240902132", "price": "0.03", "size": "108.71", "side": "BUY", "hash": "9d02fabfda7b215947c2f1594fbde16bb9f946f5", "best_bid": "0.47", "best_ask": "0.5"}], "timestamp": "1769384778238", "event_type": "price_change"}}
{"_local_timestamp": "2026-01-25T23:46:18.779829+00:00", "data": {"market": "0xde0111150c332eb6f53e9476ffbd86b5527a5a6bdcdeefbac1fbd47248fca7ee", "price_changes": [{"asset_id": "33635112192990993453872315423104620094526257401282945780015813173807650110239", "price": "0.98", "size": "16.98", "side": "SELL", "hash": "7cecc9cf5ce7cf9765f92be2470a7af578d57555", "best_bid": "0.5", "best_ask": "0.53"}, {"asset_id": "6271082518707877768637837475632663520983578902767187242523183340673240902132", "price": "0.02", "size": "16.98", "side": "BUY", "hash": "7c523ed0118d2ab3662996d0177f6042d0146f03", "best_bid": "0.47", "best_ask": "0.5"}], "timestamp": "1769384778691", "event_type": "price_change"}}
{"_local_timestamp": "2026-01-25T23:46:18.805412+00:00", "data": {"market": "0xde0111150c332eb6f53e9476ffbd86b5527a5a6bdcdeefbac1fbd47248fca7ee", "price_changes": [{"asset_id": "6271082518707877768637837475632663520983578902767187242523183340673240902132", "price": "0.03", "size": "8.71", "side": "BUY", "hash": "04ab95251347fceb851fce25adf011e93d8fd68e", "best_bid": "0.47", "best_ask": "0.5"}, {"asset_id": "33635112192990993453872315423104620094526257401282945780015813173807650110239", "price": "0.97", "size": "8.71", "side": "SELL", "hash": "c91fe2c04c5e034fc05b6f00fcfee9664d165086", "best_bid": "0.5", "best_ask": "0.53"}], "timestamp": "1769384778729", "event_type": "price_change"}}
{"_local_timestamp": "2026-01-25T23:46:19.489789+00:00", "data": {"market": "0xde0111150c332eb6f53e9476ffbd86b5527a5a6bdcdeefbac1fbd47248fca7ee", "price_changes": [{"asset_id": "6271082518707877768637837475632663520983578902767187242523183340673240902132", "price": "0.02", "size": "116.98", "side": "BUY", "hash": "7b7bb05eac4d95d674bfa5d367b58a78b719253f", "best_bid": "0.47", "best_ask": "0.5"}, {"asset_id": "33635112192990993453872315423104620094526257401282945780015813173807650110239", "price": "0.98", "size": "116.98", "side": "SELL", "hash": "4b84336be1f33ddae225736c7ef75921433848cd", "best_bid": "0.5", "best_ask": "0.53"}], "timestamp": "1769384779423", "event_type": "price_change"}}
{"_local_timestamp": "2026-01-25T23:48:02.951393+00:00", "data": {"market": "0xde0111150c332eb6f53e9476ffbd86b5527a5a6bdcdeefbac1fbd47248fca7ee", "price_changes": [{"asset_id": "6271082518707877768637837475632663520983578902767187242523183340673240902132", "price": "0.02", "size": "516.98", "side": "BUY", "hash": "98804beaf2da03c7428647b8b46b77418fdefdc7", "best_bid": "0.47", "best_ask": "0.5"}, {"asset_id": "33635112192990993453872315423104620094526257401282945780015813173807650110239", "price": "0.98", "size": "516.98", "side": "SELL", "hash": "1783b7af2dca46ab73878650b4ab2cbdeec87bd9", "best_bid": "0.5", "best_ask": "0.53"}], "timestamp": "1769384882847", "event_type": "price_change"}}
{"_local_timestamp": "2026-01-25T23:48:05.121360+00:00", "data": {"market": "0xde0111150c332eb6f53e9476ffbd86b5527a5a6bdcdeefbac1fbd47248fca7ee", "price_changes": [{"asset_id": "33635112192990993453872315423104620094526257401282945780015813173807650110239", "price": "0.98", "size": "500", "side": "SELL", "hash": "1136fe2c2477aa3fa4c6237972a59e3973b3de90", "best_bid": "0.5", "best_ask": "0.53"}, {"asset_id": "6271082518707877768637837475632663520983578902767187242523183340673240902132", "price": "0.02", "size": "500", "side": "BUY", "hash": "d355ba5e7f6ba5f6c7cc4e17c2098e3b60f88da1", "best_bid": "0.47", "best_ask": "0.5"}], "timestamp": "1769384885032", "event_type": "price_change"}}
{"_local_timestamp": "2026-01-25T23:48:05.318384+00:00", "data": {"market": "0xde0111150c332eb6f53e9476ffbd86b5527a5a6bdcdeefbac1fbd47248fca7ee", "price_changes": [{"asset_id": "6271082518707877768637837475632663520983578902767187242523183340673240902132", "price": "0.02", "size": "400", "side": "BUY", "hash": "65b2e45c0d26c57fea1034220baeacac80b09bca", "best_bid": "0.47", "best_ask": "0.5"}, {"asset_id": "33635112192990993453872315423104620094526257401282945780015813173807650110239", "price": "0.98", "size": "400", "side": "SELL", "hash": "4c93bb218c8224816eed6542ee0fd561ab2775eb", "best_bid": "0.5", "best_ask": "0.53"}], "timestamp": "1769384885232", "event_type": "price_change"}}
{"_local_timestamp": "2026-01-25T23:48:05.459939+00:00", "data": {"market": "0xde0111150c332eb6f53e9476ffbd86b5527a5a6bdcdeefbac1fbd47248fca7ee", "price_changes": [{"asset_id": "33635112192990993453872315423104620094526257401282945780015813173807650110239", "price": "0.97", "size": "25.69", "side": "SELL", "hash": "9deddf14e3161752baa628295f6422bf057d614f", "best_bid": "0.5", "best_ask": "0.53"}, {"asset_id": "6271082518707877768637837475632663520983578902767187242523183340673240902132", "price": "0.03", "size": "25.69", "side": "BUY", "hash": "2e3771eb5333f02728e0a1008e4bbe3d8ec4679e", "best_bid": "0.47", "best_ask": "0.5"}], "timestamp": "1769384885385", "event_type": "price_change"}}
{"_local_timestamp": "2026-01-25T23:48:05.736657+00:00", "data": {"market": "0xde0111150c332eb6f53e9476ffbd86b5527a5a6bdcdeefbac1fbd47248fca7ee", "price_changes": [{"asset_id": "6271082518707877768637837475632663520983578902767187242523183340673240902132", "price": "0.03", "size": "125.69", "side": "BUY", "hash": "39680c7836dd18ce523c10beaf0b1553473e4cb1", "best_bid": "0.47", "best_ask": "0.5"}, {"asset_id": "33635112192990993453872315423104620094526257401282945780015813173807650110239", "price": "0.97", "size": "125.69", "side": "SELL", "hash": "b26e25ee5e660adde019af7c2dcc6b7f38e62b8d", "best_bid": "0.5", "best_ask": "0.53"}], "timestamp": "1769384885668", "event_type": "price_change"}}
{"_local_timestamp": "2026-01-25T23:48:53.913709+00:00", "data": {"market": "0xde0111150c332eb6f53e9476ffbd86b5527a5a6bdcdeefbac1fbd47248fca7ee", "price_changes": [{"asset_id": "33635112192990993453872315423104620094526257401282945780015813173807650110239", "price": "0.53", "size": "14.7", "side": "SELL", "hash": "a7d1e5ab13a0fef40051f0d8e3dfa1b9ceb5f522", "best_bid": "0.5", "best_ask": "0.53"}, {"asset_id": "6271082518707877768637837475632663520983578902767187242523183340673240902132", "price": "0.47", "size": "14.7", "side": "BUY", "hash": "7c93fd9bd84b791046d7b18486743bac9f4c0800", "best_bid": "0.47", "best_ask": "0.5"}], "timestamp": "1769384933828", "event_type": "price_change"}}
{"_local_timestamp": "2026-01-25T23:49:05.994634+00:00", "data": {"market": "0xde0111150c332eb6f53e9476ffbd86b5527a5a6bdcdeefbac1fbd47248fca7ee", "price_changes": [{"asset_id": "33635112192990993453872315423104620094526257401282945780015813173807650110239", "price": "0.53", "size": "27.66", "side": "SELL", "hash": "595cd25c34f1762ccb56fe8d34d6929316da1e39", "best_bid": "0.5", "best_ask": "0.53"}, {"asset_id": "6271082518707877768637837475632663520983578902767187242523183340673240902132", "price": "0.47", "size": "27.66", "side": "BUY", "hash": "7c99b2cf80f14043d1d538e43a75dbd68dff8c1c", "best_bid": "0.47", "best_ask": "0.5"}], "timestamp": "1769384945922", "event_type": "price_change"}}
