{"_local_timestamp": "2026-01-25T23:33:18.166060+00:00", "data": [{"market": "0xde0111150c332eb6f53e9476ffbd86b5527a5a6bdcdeefbac1fbd47248fca7ee", "asset_id": "33635112192990993453872315423104620094526257401282945780015813173807650110239", "timestamp": "1769383939245", "hash": "c1eee8a699b6319341d01a90959617cfad1d30c5", "bids": [{"price": "0.01", "size": "7010.42"}, {"price": "0.02", "size": "2000"}, {"price": "0.03", "size": "10.9"}, {"price": "0.04", "size": "5093"}, {"price": "0.05", "size": "1040"}, {"price": "0.06", "size": "250"}, {"price": "0.08", "size": "725"}, {"price": "0.1", "size": "27.25"}, {"price": "0.11", "size": "621.07"}, {"price": "0.12", "size": "250"}, {"price": "0.14", "size": "200"}, {"price": "0.17", "size": "402.94"}, {"price": "0.19", "size": "126.31"}, {"price": "0.21", "size": "11.36"}, {"price": "0.22", "size": "190.9"}, {"price": "0.25", "size": "39"}, {"price": "0.26", "size": "29.34"}, {"price": "0.45", "size": "314.72"}, {"price": "0.48", "size": "229.33"}, {"price": "0.49", "size": "100"}, {"price": "0.5", "size": "6.15"}], "asks": [{"price": "0.99", "size": "7339.16"}, {"price": "0.98", "size": "122.06"}, {"price": "0.96", "size": "5.34"}, {"price": "0.92", "size": "450"}, {"price": "0.91", "size": "7.03"}, {"price": "0.88", "size": "61"}, {"price": "0.87", "size": "15"}, {"price": "0.85", "size": "6"}, {"price": "0.73", "size": "120"}, {"price": "0.62", "size": "41.05"}, {"price": "0.6", "size": "33"}, {"price": "0.54", "size": "51.02"}, {"price": "0.53", "size": "27.66"}], "event_type": "book", "last_trade_price": "0.500"}, {"market": "0xde0111150c332eb6f53e9476ffbd86b5527a5a6bdcdeefbac1fbd47248fca7ee", "asset_id": "6271082518707877768637837475632663520983578902767187242523183340673240902132", "timestamp": "1769383939245", "hash": "c57dcc0fbced7aac3cd128600339cf3062a0d197", "bids": [{"price": "0.01", "size": "7339.16"}, {"price": "0.02", "size": "122.06"}, {"price": "0.04", "size": "5.34"}, {"price": "0.08", "size": "450"}, {"price": "0.09", "size": "7.03"}, {"price": "0.12", "size": "61"}, {"price": "0.13", "size": "15"}, {"price": "0.15", "size": "6"}, {"price": "0.27", "size": "120"}, {"price": "0.38", "size": "41.05"}, {"price": "0.4", "size": "33"}, {"price": "0.46", "size": "51.02"}, {"price": "0.47", "size": "27.66"}], "asks": [{"price": "0.99", "size": "7010.42"}, {"price": "0.98", "size": "2000"}, {"price": "0.97", "size": "10.9"}, {"price": "0.96", "size": "5093"}, {"price": "0.95", "size": "1040"}, {"price": "0.94", "size": "250"}, {"price": "0.92", "size": "725"}, {"price": "0.9", "size": "27.25"}, {"price": "0.89", "size": "621.07"}, {"price": "0.88", "size": "250"}, {"price": "0.86", "size": "200"}, {"price": "0.83", "size": "402.94"}, {"price": "0.81", "size": "126.31"}, {"price": "0.79", "size": "11.36"}, {"price": "0.78", "size": "190.9"}, {"price": "0.75", "size": "39"}, {"price": "0.74", "size": "29.34"}, {"price": "0.55", "size": "314.72"}, {"price": "0.52", "size": "229.33"}, {"price": "0.51", "size": "100"}, {"price": "0.5", "size": "6.15"}], "event_type": "book", "last_trade_price": "0.500"}]}
{"_local_timestamp": "2026-01-25T23:33:38.182800+00:00", "data": {"market": "0xde0111150c332eb6f53e9476ffbd86b5527a5a6bdcdeefbac1fbd47248fca7ee", "price_changes": [{"asset_id": "33635112192990993453872315423104620094526257401282945780015813173807650110239", "price": "0.53", "size": "14.7", "side": "SELL", "hash": "aa18f5729ec8c0ef0d4c84c31ea7ca1b51259ee5", "best_bid": "0.5", "best_ask": "0.53"}, {"asset_id": "6271082518707877768637837475632663520983578902767187242523183340673240902132", "price": "0.47", "size": "14.7", "side": "BUY", "hash": "6ade8533fbfa07e3168be2996488b96e39756f31", "best_bid": "0.47", "best_ask": "0.5"}], "timestamp": "1769384018105", "event_type": "price_change"}}
{"_local_timestamp": "2026-01-25T23:33:50.077399+00:00", "data": {"market": "0xde0111150c332eb6f53e9476ffbd86b5527a5a6bdcdeefbac1fbd47248fca7ee", "price_changes": [{"asset_id": "33635112192990993453872315423104620094526257401282945780015813173807650110239", "price": "0.53", "size": "27.66", "side": "SELL", "hash": "f175512e2000cb53b48bc11acabf6da141e9382a", "best_bid": "0.5", "best_ask": "0.53"}, {"asset_id": "6271082518707877768637837475632663520983578902767187242523183340673240902132", "price": "0.47", "size": "27.66", "side": "BUY", "hash": "6652d9069d2972dd2a9320c5573027567aef418b", "best_bid": "0.47", "best_ask": "0.5"}], "timestamp": "1769384029932", "event_type": "price_change"}}
{"_local_timestamp": "2026-01-25T23:34:01.109865+00:00", "data": {"market": "0xde0111150c332eb6f53e9476ffbd86b5527a5a6bdcdeefbac1fbd47248fca7ee", "price_changes": [{"asset_id": "6271082518707877768637837475632663520983578902767187242523183340673240902132", "price": "0.02", "size": "116.98", "side": "BUY", "hash": "81100daae4922e9b482ee7d7156e3b01c161a924", "best_bid": "0.47", "best_ask": "0.5"}, {"asset_id": "33635112192990993453872315423104620094526257401282945780015813173807650110239", "price": "0.98", "size": "116.98", "side": "SELL", "hash": "a5f8d6e80f4dc86835d47775ab2e000bd16efd39", "best_bid": "0.5", "best_ask": "0.53"}], "timestamp": "1769384041027", "event_type": "price_change"}}
{"_local_timestamp": "2026-01-25T23:34:01.110878+00:00", "data": {"market": "0xde0111150c332eb6f53e9476ffbd86b5527a5a6bdcdeefbac1fbd47248fca7ee", "price_changes": [{"asset_id": "6271082518707877768637837475632663520983578902767187242523183340673240902132", "price": "0.04", "size": "0", "side": "BUY", "hash": "81100daae4922e9b482ee7d7156e3b01c161a924", "best_bid": "0.47", "best_ask": "0.5"}, {"asset_id": "33635112192990993453872315423104620094526257401282945780015813173807650110239", "price": "0.96", "size": "0", "side": "SELL", "hash": "a5f8d6e80f4dc86835d47775ab2e000bd16efd39", "best_bid": "0.5", "best_ask": "0.53"}], "timestamp": "1769384041027", "event_type": "price_change"}}
{"_local_timestamp": "2026-01-25T23:34:01.364019+00:00", "data": {"market": "0xde0111150c332eb6f53e9476ffbd86b5527a5a6bdcdeefbac1fbd47248fca7ee", "price_changes": [{"asset_id": "6271082518707877768637837475632663520983578902767187242523183340673240902132", "price": "0.01", "size": "7344.57", "side": "BUY", "hash": "cdbf217b1d17f131cc9e761686fd200799b7979c", "best_bid": "0.47", "best_ask": "0.5"}, {"asset_id": "33635112192990993453872315423104620094526257401282945780015813173807650110239", "price": "0.99", "size": "7344.57", "side": "SELL", "hash": "0c524af67d0afb6e8b61166d5093492357216fce", "best_bid": "0.5", "best_ask": "0.53"}], "timestamp": "1769384041269", "event_type": "price_change"}}
{"_local_timestamp": "2026-01-25T23:34:01.364786+00:00", "data": {"market": "0xde0111150c332eb6f53e9476ffbd86b5527a5a6bdcdeefbac1fbd47248fca7ee", "price_changes": [{"asset_id": "6271082518707877768637837475632663520983578902767187242523183340673240902132", "price": "0.03", "size": "8.71", "side": "BUY", "hash": "de682cb1b605115c71042f6d6ab2401c48a545b7", "best_bid": "0.47", "best_ask": "0.5"}, {"asset_id": "33635112192990993453872315423104620094526257401282945780015813173807650110239", "price": "0.97", "size": "8.71", "side": "SELL", "hash": "db4a56bdb9c17f4df901d00ced208287080d50d5", "best_bid": "0.5", "best_ask": "0.53"}], "timestamp": "1769384041270", "event_type": "price_change"}}
{"_local_timestamp": "2026-01-25T23:34:01.626821+00:00", "data": {"market": "0xde0111150c332eb6f53e9476ffbd86b5527a5a6bdcdeefbac1fbd47248fca7ee", "price_changes": [{"asset_id": "6271082518707877768637837475632663520983578902767187242523183340673240902132", "price": "0.02", "size": "516.98", "side": "BUY", "hash": "3667c93b840f6a14ef45458a4d87bbadad43d9ea", "best_bid": "0.47", "best_ask": "0.5"}, {"asset_id": "33635112192990993453872315423104620094526257401282945780015813173807650110239", "price": "0.98", "size": "516.98", "side": "SELL", "hash": "ab2694e975d8a4bba327554ad37a8081105f27b1", "best_bid": "0.5", "best_ask": "0.53"}], "timestamp": "1769384041555", "event_type": "price_change"}}
{"_local_timestamp": "2026-01-25T23:34:02.024494+00:00", "data": {"market": "0xde0111150c332eb6f53e9476ffbd86b5527a5a6bdcdeefbac1fbd47248fca7ee", "price_changes": [{"asset_id": "33635112192990993453872315423104620094526257401282945780015813173807650110239", "price": "0.98", "size": "500", "side": "SELL", "hash": "c3e04978d9296bc4ce93f325672a356ff460a3c5", "best_bid": "0.5", "best_ask": "0.53"}, {"asset_id": "6271082518707877768637837475632663520983578902767187242523183340673240902132", "price": "0.02", "size": "500", "side": "BUY", "hash": "13ab8aefdc295eb98ef82a86fe282e7c1df0a9e3", "best_bid": "0.47", "best_ask": "0.5"}], "timestamp": "1769384041956", "event_type": "price_change"}}
{"_local_timestamp": "2026-01-25T23:34:02.464080+00:00", "data": {"market": "0xde0111150c332eb6f53e9476ffbd86b5527a5a6bdcdeefbac1fbd47248fca7ee", "price_changes": [{"asset_id": "33635112192990993453872315423104620094526257401282945780015813173807650110239", "price": "0.97", "size": "25.69", "side": "SELL", "hash": "2bc1c58f8b70454091d4a42fc2fd543b6e6884ad", "best_bid": "0.5", "best_ask": "0.53"}, {"asset_id": "6271082518707877768637837475632663520983578902767187242523183340673240902132", "price": "0.03", "size": "25.69", "side": "BUY", "hash": "4640a815de128b7b3de50c67b2326bf167592db4", "best_bid": "0.47", "best_ask": "0.5"}], "timestamp": "1769384042387", "event_type": "price_change"}}
{"_local_timestamp": "2026-01-25T23:34:02.485895+00:00", "data": {"market": "0xde0111150c332eb6f53e9476ffbd86b5527a5a6bdcdeefbac1fbd47248fca7ee", "price_changes": [{"asset_id": "6271082518707877768637837475632663520983578902767187242523183340673240902132", "price": "0.02", "size": "400", "side": "BUY", "hash": "d0ac06af79916ddd0b8062d238441a1d7ba4fe91", "best_bid": "0.47", "best_ask": "0.5"}, {"asset_id": "33635112192990993453872315423104620094526257401282945780015813173807650110239", "price": "0.98", "size": "400", "side": "SELL", "hash": "f12bf4b22b4d1b53e12e9a10d975fa39ac3bf516", "best_bid": "0.5", "best_ask": "0.53"}], "timestamp": "1769384042406", "event_type": "price_change"}}
{"_local_timestamp": "2026-01-25T23:34:03.246935+00:00", "data": {"market": "0xde0111150c332eb6f53e9476ffbd86b5527a5a6bdcdeefbac1fbd47248fca7ee", "price_changes": [{"asset_id": "6271082518707877768637837475632663520983578902767187242523183340673240902132", "price": "0.03", "size": "125.69", "side": "BUY", "hash": "51c167bdbe9f1f43e51e6a45b39d98173a0cb797", "best_bid": "0.47", "best_ask": "0.5"}, {"asset_id": "33635112192990993453872315423104620094526257401282945780015813173807650110239", "price": "0.97", "size": "125.69", "side": "SELL", "hash": "f3b4a2894f1f39e9e1f28d6d169a527961f5f416", "best_bid": "0.5", "best_ask": "0.53"}], "timestamp": "1769384043172", "event_type": "price_change"}}
{"_local_timestamp": "2026-01-25T23:35:39.023557+00:00", "data": {"market": "0xde0111150c332eb6f53e9476ffbd86b5527a5a6bdcdeefbac1fbd47248fca7ee", "price_changes": [{"asset_id": "6271082518707877768637837475632663520983578902767187242523183340673240902132", "price": "0.02", "size": "0", "side": "BUY", "hash": "96d0332c85b1dd211909db1bd4061fd6d53f7e63", "best_bid": "0.47", "best_ask": "0.5"}, {"asset_id": "33635112192990993453872315423104620094526257401282945780015813173807650110239", "price": "0.98", "size": "0", "side": "SELL", "hash": "1f870937e2a1f733fe0efc5aedb0a00de3d45038", "best_bid": "0.5", "best_ask": "0.53"}], "timestamp": "1769384138947", "event_type": "price_change"}}
{"_local_timestamp": "2026-01-25T23:35:42.847001+00:00", "data": {"market": "0xde0111150c332eb6f53e9476ffbd86b5527a5a6bdcdeefbac1fbd47248fca7ee", "price_changes": [{"asset_id": "33635112192990993453872315423104620094526257401282945780015813173807650110239", "price": "0.97", "size": "108.71", "side": "SELL", "hash": "13b8411565580de8418366bebcd7c8c961925f11", "best_bid": "0.5", "best_ask": "0.53"}, {"asset_id": "6271082518707877768637837475632663520983578902767187242523183340673240902132", "price": "0.03", "size": "108.71", "side": "BUY", "hash": "f6d0a9b26a3cbb30f0aea1f70fabd041b7464466", "best_bid": "0.47", "best_ask": "0.5"}], "timestamp": "1769384142777", "event_type": "price_change"}}
{"_local_timestamp": "2026-01-25T23:35:43.131478+00:00", "data": {"market": "0xde0111150c332eb6f53e9476ffbd86b5527a5a6bdcdeefbac1fbd47248fca7ee", "price_changes": [{"asset_id": "33635112192990993453872315423104620094526257401282945780015813173807650110239", "price": "0.98", "size": "16.98", "side": "SELL", "hash": "ba2fc5e3b7376b832bc3c81e4bdaeb3ebb31d46e", "best_bid": "0.5", "best_ask": "0.53"}, {"asset_id": "6271082518707877768637837475632663520983578902767187242523183340673240902132", "price": "0.02", "size": "16.98", "side": "BUY", "hash": "fa469b1aaea9655c8105086c7301f48ae084051d", "best_bid": "0.47", "best_ask": "0.5"}], "timestamp": "1769384143064", "event_type": "price_change"}}
{"_local_timestamp": "2026-01-25T23:35:43.154097+00:00", "data": {"market": "0xde0111150c332eb6f53e9476ffbd86b5527a5a6bdcdeefbac1fbd47248fca7ee", "price_changes": [{"asset_id": "6271082518707877768637837475632663520983578902767187242523183340673240902132", "price": "0.03", "size": "8.71", "side": "BUY", "hash": "42bd7f3201ce68f5cf4a473f6a7602d60c1a1fa5", "best_bid": "0.47", "best_ask": "0.5"}, {"asset_id": "33635112192990993453872315423104620094526257401282945780015813173807650110239", "price": "0.97", "size": "8.71", "side": "SELL", "hash": "d3515e0e0cb9b62dbcc11fad000b9be2bd08dd87", "best_bid": "0.5", "best_ask": "0.53"}], "timestamp": "1769384143074", "event_type": "price_change"}}
{"_local_timestamp": "2026-01-25T23:35:43.547869+00:00", "data": {"market": "0xde0111150c332eb6f53e9476ffbd86b5527a5a6bdcdeefbac1fbd47248fca7ee", "price_changes": [{"asset_id": "6271082518707877768637837475632663520983578902767187242523183340673240902132", "price": "0.02", "size": "116.98", "side": "BUY", "hash": "57138941c8b43e5a1479c2e16ef6522ec93ae6c2", "best_bid": "0.47", "best_ask": "0.5"}, {"asset_id": "33635112192990993453872315423104620094526257401282945780015813173807650110239", "price": "0.98", "size": "116.98", "side": "SELL", "hash": "c461d7afd562bc2dae3d77e1575941e2913c96a2", "best_bid": "0.5", "best_ask": "0.53"}], "timestamp": "1769384143479", "event_type": "price_change"}}
{"_local_timestamp": "2026-01-25T23:36:58.392376+00:00", "data": {"market": "0xde0111150c332eb6f53e9476ffbd86b5527a5a6bdcdeefbac1fbd47248fca7ee", "price_changes": [{"asset_id": "33635112192990993453872315423104620094526257401282945780015813173807650110239", "price": "0.04", "size": "1300", "side": "BUY", "hash": "b4b3928ee4948cfc9b4cd9e86a8cf6d88454c874", "best_bid": "0.5", "best_ask": "0.53"}, {"asset_id": "6271082518707877768637837475632663520983578902767187242523183340673240902132", "price": "0.96", "size": "1300", "side": "SELL", "hash": "fc70a87ac018fd1781a4169517b836b27510e97c", "best_bid": "0.47", "best_ask": "0.5"}], "timestamp": "1769384218256", "event_type": "price_change"}}
{"_local_timestamp": "2026-01-25T23:36:58.505419+00:00", "data": {"market": "0xde0111150c332eb6f53e9476ffbd86b5527a5a6bdcdeefbac1fbd47248fca7ee", "price_changes": [{"asset_id": "33635112192990993453872315423104620094526257401282945780015813173807650110239", "price": "0.05", "size": "4059", "side": "BUY", "hash": "4bff8a7b006c398ed97091acf5d6c009d0181dcf", "best_bid": "0.5", "best_ask": "0.53"}, {"asset_id": "6271082518707877768637837475632663520983578902767187242523183340673240902132", "price": "0.95", "size": "4059", "side": "SELL", "hash": "1ff1ed01fe657656175126f989ecac722cc5587d", "best_bid": "0.47", "best_ask": "0.5"}], "timestamp": "1769384218439", "event_type": "price_change"}}
{"_local_timestamp": "2026-01-25T23:36:58.901059+00:00", "data": {"market": "0xde0111150c332eb6f53e9476ffbd86b5527a5a6bdcdeefbac1fbd47248fca7ee", "price_changes": [{"asset_id": "6271082518707877768637837475632663520983578902767187242523183340673240902132", "price": "0.01", "size": "4310.57", "side": "BUY", "hash": "a77d296bec9e349d9ce06a697a305b4ad4787178", "best_bid": "0.47", "best_ask": "0.5"}, {"asset_id": "33635112192990993453872315423104620094526257401282945780015813173807650110239", "price": "0.99", "size": "4310.57", "side": "SELL", "hash": "e345af2ae8cc10c3d3a4c2983f0ede0f3a921954", "best_bid": "0.5", "best_ask": "0.53"}], "timestamp": "1769384218636", "event_type": "price_change"}}
{"_local_timestamp": "2026-01-25T23:36:59.048611+00:00", "data": {"market": "0xde0111150c332eb6f53e9476ffbd86b5527a5a6bdcdeefbac1fbd47248fca7ee", "price_changes": [{"asset_id": "6271082518707877768637837475632663520983578902767187242523183340673240902132", "price": "0.01", "size": "7311.57", "side": "BUY", "hash": "8410a0b502ac769e4b6f3e506525a731d2910389", "best_bid": "0.47", "best_ask": "0.5"}, {"asset_id": "33635112192990993453872315423104620094526257401282945780015813173807650110239", "price": "0.99", "size": "7311.57", "side": "SELL", "hash": "a493cc1889ee6737d5d2709780e2d4e3837bdfe0", "best_bid": "0.5", "best_ask": "0.53"}], "timestamp": "1769384218827", "event_type": "price_change"}}
