{"_local_timestamp": "2026-01-25T23:40:30.495189+00:00", "data": [{"market": "0xde0111150c332eb6f53e9476ffbd86b5527a5a6bdcdeefbac1fbd47248fca7ee", "asset_id": "33635112192990993453872315423104620094526257401282945780015813173807650110239", "timestamp": "1769384362731", "hash": "799e1195855ec71d4b12c93af318ce23f6de5314", "bids": [{"price": "0.01", "size": "7010.42"}, {"price": "0.02", "size": "2600"}, {"price": "0.03", "size": "10.9"}, {"price": "0.05", "size": "4759"}, {"price": "0.06", "size": "250"}, {"price": "0.08", "size": "725"}, {"price": "0.1", "size": "27.25"}, {"price": "0.11", "size": "621.07"}, {"price": "0.12", "size": "250"}, {"price": "0.14", "size": "200"}, {"price": "0.17", "size": "402.94"}, {"price": "0.19", "size": "126.31"}, {"price": "0.21", "size": "11.36"}, {"price": "0.22", "size": "190.9"}, {"price": "0.25", "size": "39"}, {"price": "0.26", "size": "29.34"}, {"price": "0.45", "size": "314.72"}, {"price": "0.48", "size": "229.33"}, {"price": "0.49", "size": "100"}, {"price": "0.5", "size": "6.15"}], "asks": [{"price": "0.99", "size": "7311.57"}, {"price": "0.98", "size": "116.98"}, {"price": "0.97", "size": "8.71"}, {"price": "0.92", "size": "450"}, {"price": "0.91", "size": "7.03"}, {"price": "0.88", "size": "61"}, {"price": "0.87", "size": "15"}, {"price": "0.85", "size": "6"}, {"price": "0.73", "size": "120"}, {"price": "0.62", "size": "41.05"}, {"price": "0.6", "size": "33"}, {"price": "0.54", "size": "51.02"}, {"price": "0.53", "size": "27.66"}], "event_type": "book", "last_trade_price": "0.500"}, {"market": "0xde0111150c332eb6f53e9476ffbd86b5527a5a6bdcdeefbac1fbd47248fca7ee", "asset_id": "6271082518707877768637837475632663520983578902767187242523183340673240902132", "timestamp": "1769384362731", "hash": "caa3da85404d36e730fd0fbcd6d44a8232ed5534", "bids": [{"price": "0.01", "size": "7311.57"}, {"price": "0.02", "size": "116.98"}, {"price": "0.03", "size": "8.71"}, {"price": "0.08", "size": "450"}, {"price": "0.09", "size": "7.03"}, {"price": "0.12", "size": "61"}, {"price": "0.13", "size": "15"}, {"price": "0.15", "size": "6"}, {"price": "0.27", "size": "120"}, {"price": "0.38", "size": "41.05"}, {"price": "0.4", "size": "33"}, {"price": "0.46", "size": "51.02"}, {"price": "0.47", "size": "27.66"}], "asks": [{"price": "0.99", "size": "7010.42"}, {"price": "0.98", "size": "2600"}, {"price": "0.97", "size": "10.9"}, {"price": "0.95", "size": "4759"}, {"price": "0.94", "size": "250"}, {"price": "0.92", "size": "725"}, {"price": "0.9", "size": "27.25"}, {"price": "0.89", "size": "621.07"}, {"price": "0.88", "size": "250"}, {"price": "0.86", "size": "200"}, {"price": "0.83", "size": "402.94"}, {"price": "0.81", "size": "126.31"}, {"price": "0.79", "size": "11.36"}, {"price": "0.78", "size": "190.9"}, {"price": "0.75", "size": "39"}, {"price": "0.74", "size": "29.34"}, {"price": "0.55", "size": "314.72"}, {"price": "0.52", "size": "229.33"}, {"price": "0.51", "size": "100"}, {"price": "0.5", "size": "6.15"}], "event_type": "book", "last_trade_price": "0.500"}]}
{"_local_timestamp": "2026-01-25T23:40:59.491952+00:00", "data": {"market": "0xde0111150c332eb6f53e9476ffbd86b5527a5a6bdcdeefbac1fbd47248fca7ee", "price_changes": [{"asset_id": "6271082518707877768637837475632663520983578902767187242523183340673240902132", "price": "0.02", "size": "516.98", "side": "BUY", "hash": "db60b89ad394abb92dcfc0485e40e117cd8d580d", "best_bid": "0.47", "best_ask": "0.5"}, {"asset_id": "33635112192990993453872315423104620094526257401282945780015813173807650110239", "price": "0.98", "size": "516.98", "side": "SELL", "hash": "719f74eeb0747404230d47d4ad41131edbb5dd30", "best_bid": "0.5", "best_ask": "0.53"}], "timestamp": "1769384459418", "event_type": "price_change"}}
{"_local_timestamp": "2026-01-25T23:41:03.581332+00:00", "data": {"market": "0xde0111150c332eb6f53e9476ffbd86b5527a5a6bdcdeefbac1fbd47248fca7ee", "price_changes": [{"asset_id": "33635112192990993453872315423104620094526257401282945780015813173807650110239", "price": "0.98", "size": "500", "side": "SELL", "hash": "613f6ee211b4e07d28ee754f2f6e54560f4065aa", "best_bid": "0.5", "best_ask": "0.53"}, {"asset_id": "6271082518707877768637837475632663520983578902767187242523183340673240902132", "price": "0.02", "size": "500", "side": "BUY", "hash": "67da57c02d08097e93c002f88f2cacdceb77d524", "best_bid": "0.47", "best_ask": "0.5"}], "timestamp": "1769384463483", "event_type": "price_change"}}
{"_local_timestamp": "2026-01-25T23:41:03.943499+00:00", "data": {"market": "0xde0111150c332eb6f53e9476ffbd86b5527a5a6bdcdeefbac1fbd47248fca7ee", "price_changes": [{"asset_id": "33635112192990993453872315423104620094526257401282945780015813173807650110239", "price": "0.97", "size": "25.69", "side": "SELL", "hash": "dce410f71ba53ee0785498b6577fa80ce90dc914", "best_bid": "0.5", "best_ask": "0.53"}, {"asset_id": "6271082518707877768637837475632663520983578902767187242523183340673240902132", "price": "0.03", "size": "25.69", "side": "BUY", "hash": "3aa4152746a4cb62a6c3ff9bf0e7994bd7e66dd8", "best_bid": "0.47", "best_ask": "0.5"}], "timestamp": "1769384463867", "event_type": "price_change"}}
{"_local_timestamp": "2026-01-25T23:41:03.956552+00:00", "data": {"market": "0xde0111150c332eb6f53e9476ffbd86b5527a5a6bdcdeefbac1fbd47248fca7ee", "price_changes": [{"asset_id": "6271082518707877768637837475632663520983578902767187242523183340673240902132", "price": "0.02", "size": "400", "side": "BUY", "hash": "45c3e4a0ce3e9962c4ebac9163742d7d4def25eb", "best_bid": "0.47", "best_ask": "0.5"}, {"asset_id": "33635112192990993453872315423104620094526257401282945780015813173807650110239", "price": "0.98", "size": "400", "side": "SELL", "hash": "7515e01b1122918b19b2cf3d3ef7298dcdb1a8f4", "best_bid": "0.5", "best_ask": "0.53"}], "timestamp": "1769384463885", "event_type": "price_change"}}
{"_local_timestamp": "2026-01-25T23:41:04.504004+00:00", "data": {"market": "0xde0111150c332eb6f53e9476ffbd86b5527a5a6bdcdeefbac1fbd47248fca7ee", "price_changes": [{"asset_id": "6271082518707877768637837475632663520983578902767187242523183340673240902132", "price": "0.03", "size": "125.69", "side": "BUY", "hash": "28aa3ee6c99c00a54ddae56f900dd6e394a357f0", "best_bid": "0.47", "best_ask": "0.5"}, {"asset_id": "33635112192990993453872315423104620094526257401282945780015813173807650110239", "price": "0.97", "size": "125.69", "side": "SELL", "hash": "212e8b4efbb461efd5e1e19a815af9406da9ecc4", "best_bid": "0.5", "best_ask": "0.53"}], "timestamp": "1769384464437", "event_type": "price_change"}}
{"_local_timestamp": "2026-01-25T23:42:39.739018+00:00", "data": {"market": "0xde0111150c332eb6f53e9476ffbd86b5527a5a6bdcdeefbac1fbd47248fca7ee", "price_changes": [{"asset_id": "6271082518707877768637837475632663520983578902767187242523183340673240902132", "price": "0.02", "size": "0", "side": "BUY", "hash": "0d28cadce51ec30f5b1a91fbc8002397dfaeb218", "best_bid": "0.47", "best_ask": "0.5"}, {"asset_id": "33635112192990993453872315423104620094526257401282945780015813173807650110239", "price": "0.98", "size": "0", "side": "SELL", "hash": "aa7c6647a01d7d9ec27342587d747460e43be755", "best_bid": "0.5", "best_ask": "0.53"}], "timestamp": "1769384559589", "event_type": "price_change"}}
{"_local_timestamp": "2026-01-25T23:42:40.058567+00:00", "data": {"market": "0xde0111150c332eb6f53e9476ffbd86b5527a5a6bdcdeefbac1fbd47248fca7ee", "price_changes": [{"asset_id": "33635112192990993453872315423104620094526257401282945780015813173807650110239", "price": "0.97", "size": "108.71", "side": "SELL", "hash": "7992c45cbe18b5b860ddf8ad1fc31f68d2e6cbc8", "best_bid": "0.5", "best_ask": "0.53"}, {"asset_id": "6271082518707877768637837475632663520983578902767187242523183340673240902132", "price": "0.03", "size": "108.71", "side": "BUY", "hash": "96b1bade26f3b2fd3cb3ff1c3bf1a21e883921f9", "best_bid": "0.47", "best_ask": "0.5"}], "timestamp": "1769384559944", "event_type": "price_change"}}
{"_local_timestamp": "2026-01-25T23:42:40.282170+00:00", "data": {"market": "0xde0111150c332eb6f53e9476ffbd86b5527a5a6bdcdeefbac1fbd47248fca7ee", "price_changes": [{"asset_id": "6271082518707877768637837475632663520983578902767187242523183340673240902132", "price": "0.03", "size": "8.71", "side": "BUY", "hash": "618d487bd2eaeeb7368f2740bb466ac79736502e", "best_bid": "0.47", "best_ask": "0.5"}, {"asset_id": "33635112192990993453872315423104620094526257401282945780015813173807650110239", "price": "0.97", "size": "8.71", "side": "SELL", "hash": "7890f2987223adcb8394eafb3c098a59fed9120a", "best_bid": "0.5", "best_ask": "0.53"}], "timestamp": "1769384560143", "event_type": "price_change"}}
{"_local_timestamp": "2026-01-25T23:42:40.402618+00:00", "data": {"market": "0xde0111150c332eb6f53e9476ffbd86b5527a5a6bdcdeefbac1fbd47248fca7ee", "price_changes": [{"asset_id": "33635112192990993453872315423104620094526257401282945780015813173807650110239", "price": "0.98", "size": "16.98", "side": "SELL", "hash": "4da47c329ada5c927a896d3b177b00f08e44fb29", "best_bid": "0.5", "best_ask": "0.53"}, {"asset_id": "6271082518707877768637837475632663520983578902767187242523183340673240902132", "price": "0.02", "size": "16.98", "side": "BUY", "hash": "c20ba0f3176a032a1a9cd2af746155baebb5233a", "best_bid": "0.47", "best_ask": "0.5"}], "timestamp": "1769384560290", "event_type": "price_change"}}
{"_local_timestamp": "2026-01-25T23:42:40.915690+00:00", "data": {"market": "0xde0111150c332eb6f53e9476ffbd86b5527a5a6bdcdeefbac1fbd47248fca7ee", "price_changes": [{"asset_id": "6271082518707877768637837475632663520983578902767187242523183340673240902132", "price": "0.02", "size": "116.98", "side": "BUY", "hash": "73297df606ae1b5f9afa74c0c7e2e2eaf8d8e474", "best_bid": "0.47", "best_ask": "0.5"}, {"asset_id": "33635112192990993453872315423104620094526257401282945780015813173807650110239", "price": "0.98", "size": "116.98", "side": "SELL", "hash": "c58435569ebc2a4d4cb189752f6eb103e23718d8", "best_bid": "0.5", "best_ask": "0.53"}], "timestamp": "1769384560785", "event_type": "price_change"}}
{"_local_timestamp": "2026-01-25T23:44:36.143749+00:00", "data": {"market": "0xde0111150c332eb6f53e9476ffbd86b5527a5a6bdcdeefbac1fbd47248fca7ee", "price_changes": [{"asset_id": "6271082518707877768637837475632663520983578902767187242523183340673240902132", "price": "0.02", "size": "516.98", "side": "BUY", "hash": "fa5519251634c955341b2d8ade8e1d9361e88302", "best_bid": "0.47", "best_ask": "0.5"}, {"asset_id": "33635112192990993453872315423104620094526257401282945780015813173807650110239", "price": "0.98", "size": "516.98", "side": "SELL", "hash": "291993222f02042f232d7c5a1adc8299be102618", "best_bid": "0.5", "best_ask": "0.53"}], "timestamp": "1769384675808", "event_type": "price_change"}}
