{"_local_timestamp": "2026-01-25T23:33:32.185762+00:00", "data": [{"market": "0x53930288379bb85e2538f7d19cb53609b328f98f4b725915f23723c479dee735", "asset_id": "17464697025249751411774912947372108838426195522288194649355885780370523669704", "timestamp": "1769383835748", "hash": "f163f4caf36213ce7aed5d61f8312ecedce4783b", "bids": [{"price": "0.01", "size": "7064.28"}, {"price": "0.02", "size": "3000"}, {"price": "0.03", "size": "1000"}, {"price": "0.04", "size": "6.5"}, {"price": "0.05", "size": "330"}, {"price": "0.06", "size": "33"}, {"price": "0.09", "size": "700"}, {"price": "0.1", "size": "200"}, {"price": "0.11", "size": "5.42"}, {"price": "0.13", "size": "400"}, {"price": "0.14", "size": "817.85"}, {"price": "0.18", "size": "427.77"}, {"price": "0.22", "size": "200"}, {"price": "0.23", "size": "509.73"}, {"price": "0.27", "size": "146.29"}, {"price": "0.32", "size": "75"}, {"price": "0.36", "size": "255.55"}, {"price": "0.37", "size": "425"}, {"price": "0.38", "size": "5"}, {"price": "0.6", "size": "266.03"}, {"price": "0.61", "size": "200"}, {"price": "0.74", "size": "200"}, {"price": "0.75", "size": "200"}, {"price": "0.76", "size": "206"}, {"price": "0.77", "size": "100"}, {"price": "0.78", "size": "6"}, {"price": "0.79", "size": "215.23"}, {"price": "0.8", "size": "50"}, {"price": "0.81", "size": "6"}, {"price": "0.82", "size": "100"}, {"price": "0.84", "size": "6"}, {"price": "0.85", "size": "88.78"}, {"price": "0.86", "size": "25"}], "asks": [{"price": "0.99", "size": "1750"}, {"price": "0.98", "size": "1519.14"}, {"price": "0.97", "size": "1500"}, {"price": "0.96", "size": "481.34"}, {"price": "0.95", "size": "319.4"}, {"price": "0.94", "size": "231.14"}, {"price": "0.93", "size": "307.13"}, {"price": "0.92", "size": "233.66"}, {"price": "0.91", "size": "66.66"}, {"price": "0.89", "size": "96.66"}], "event_type": "book", "last_trade_price": "0.110"}, {"market": "0x53930288379bb85e2538f7d19cb53609b328f98f4b725915f23723c479dee735", "asset_id": "34493515394075093012723643490961709091358299572375007958274548664421203674545", "timestamp": "1769383835748", "hash": "cce4ff57fe484554c5e5c66ff1817040c551cf0a", "bids": [{"price": "0.01", "size": "1750"}, {"price": "0.02", "size": "1519.14"}, {"price": "0.03", "size": "1500"}, {"price": "0.04", "size": "481.34"}, {"price": "0.05", "size": "319.4"}, {"price": "0.06", "size": "231.14"}, {"price": "0.07", "size": "307.13"}, {"price": "0.08", "size": "233.66"}, {"price": "0.09", "size": "66.66"}, {"price": "0.11", "size": "96.66"}], "asks": [{"price": "0.99", "size": "7064.28"}, {"price": "0.98", "size": "3000"}, {"price": "0.97", "size": "1000"}, {"price": "0.96", "size": "6.5"}, {"price": "0.95", "size": "330"}, {"price": "0.94", "size": "33"}, {"price": "0.91", "size": "700"}, {"price": "0.9", "size": "200"}, {"price": "0.89", "size": "5.42"}, {"price": "0.87", "size": "400"}, {"price": "0.86", "size": "817.85"}, {"price": "0.82", "size": "427.77"}, {"price": "0.78", "size": "200"}, {"price": "0.77", "size": "509.73"}, {"price": "0.73", "size": "146.29"}, {"price": "0.68", "size": "75"}, {"price": "0.64", "size": "255.55"}, {"price": "0.63", "size": "425"}, {"price": "0.62", "size": "5"}, {"price": "0.4", "size": "266.03"}, {"price": "0.39", "size": "200"}, {"price": "0.26", "size": "200"}, {"price": "0.25", "size": "200"}, {"price": "0.24", "size": "206"}, {"price": "0.23", "size": "100"}, {"price": "0.22", "size": "6"}, {"price": "0.21", "size": "215.23"}, {"price": "0.2", "size": "50"}, {"price": "0.19", "size": "6"}, {"price": "0.18", "size": "100"}, {"price": "0.16", "size": "6"}, {"price": "0.15", "size": "88.78"}, {"price": "0.14", "size": "25"}], "event_type": "book", "last_trade_price": "0.110"}]}
{"_local_timestamp": "2026-01-25T23:33:35.730252+00:00", "data": {"market": "0x53930288379bb85e2538f7d19cb53609b328f98f4b725915f23723c479dee735", "price_changes": [{"asset_id": "34493515394075093012723643490961709091358299572375007958274548664421203674545", "price": "0.07", "size": "300", "side": "BUY", "hash": "e8b99a0e8975d1bae0d923719f39bf136f8a1137", "best_bid": "0.11", "best_ask": "0.14"}, {"asset_id": "17464697025249751411774912947372108838426195522288194649355885780370523669704", "price": "0.93", "size": "300", "side": "SELL", "hash": "59a83c21b0b15c14c759f344984e8344c77cc0d4", "best_bid": "0.86", "best_ask": "0.89"}], "timestamp": "1769384015646", "event_type": "price_change"}}
{"_local_timestamp": "2026-01-25T23:33:35.955856+00:00", "data": {"market": "0x53930288379bb85e2538f7d19cb53609b328f98f4b725915f23723c479dee735", "price_changes": [{"asset_id": "34493515394075093012723643490961709091358299572375007958274548664421203674545", "price": "0.07", "size": "307.13", "side": "BUY", "hash": "9ee02f071a0e9ca1dca78db5616f1abe23512343", "best_bid": "0.11", "best_ask": "0.14"}, {"asset_id": "17464697025249751411774912947372108838426195522288194649355885780370523669704", "price": "0.93", "size": "307.13", "side": "SELL", "hash": "814b5aa2d1b69c274bb3bd28c031468423480c0c", "best_bid": "0.86", "best_ask": "0.89"}], "timestamp": "1769384015886", "event_type": "price_change"}}
{"_local_timestamp": "2026-01-25T23:34:12.993767+00:00", "data": {"market": "0x53930288379bb85e2538f7d19cb53609b328f98f4b725915f23723c479dee735", "price_changes": [{"asset_id": "34493515394075093012723643490961709091358299572375007958274548664421203674545", "price": "0.07", "size": "207.13", "side": "BUY", "hash": "3a7e9ea9d702041dbf92bb1bc393ca71a3acff52", "best_bid": "0.11", "best_ask": "0.14"}, {"asset_id": "17464697025249751411774912947372108838426195522288194649355885780370523669704", "price": "0.93", "size": "207.13", "side": "SELL", "hash": "364f3b0f9f4d4d61ae5634c0352ec8b1cc333e0f", "best_bid": "0.86", "best_ask": "0.89"}], "timestamp": "1769384052808", "event_type": "price_change"}}
{"_local_timestamp": "2026-01-25T23:34:13.466576+00:00", "data": {"market": "0x53930288379bb85e2538f7d19cb53609b328f98f4b725915f23723c479dee735", "price_changes": [{"asset_id": "34493515394075093012723643490961709091358299572375007958274548664421203674545", "price": "0.06", "size": "331.14", "side": "BUY", "hash": "7ad343fa78ca3d2883615dde7c72f9c24ef8527b", "best_bid": "0.11", "best_ask": "0.14"}, {"asset_id": "17464697025249751411774912947372108838426195522288194649355885780370523669704", "price": "0.94", "size": "331.14", "side": "SELL", "hash": "54c6468bc205589f391a79ce15467a8d938c7d35", "best_bid": "0.86", "best_ask": "0.89"}], "timestamp": "1769384053281", "event_type": "price_change"}}
