{"_local_timestamp": "2026-01-25T23:41:38.608250+00:00", "data": [{"market": "0x844c7f006fa164c9f27ec39bca024ce10abc378c833c15660898669dabce5ae6", "asset_id": "4305331393661786545443480321477590882109777372143095796437544656495783743620", "timestamp": "1769383654104", "hash": "bfcc96c67206da106ae3847774264b340793da66", "bids": [{"price": "0.01", "size": "3231.68"}, {"price": "0.02", "size": "15.28"}, {"price": "0.03", "size": "76.38"}, {"price": "0.04", "size": "17.27"}, {"price": "0.05", "size": "60"}, {"price": "0.06", "size": "53"}, {"price": "0.07", "size": "163.36"}], "asks": [{"price": "0.99", "size": "217.93"}, {"price": "0.98", "size": "24.36"}, {"price": "0.97", "size": "66"}, {"price": "0.96", "size": "73"}, {"price": "0.95", "size": "75.47"}], "event_type": "book", "last_trade_price": ""}, {"market": "0x51065ba65bef42a3b6ffb58d697dba0f82acec00f106ba7873495e81018864c1", "asset_id": "68819464188305996918382644235816840016193266663195942641757404777389989396594", "timestamp": "1769383654081", "hash": "3a828d223c7a23d0e2e4ded1721f4ea17adb807c", "bids": [{"price": "0.01", "size": "3227.89"}, {"price": "0.02", "size": "18.13"}, {"price": "0.03", "size": "73"}, {"price": "0.04", "size": "17.49"}, {"price": "0.05", "size": "60"}, {"price": "0.06", "size": "33"}, {"price": "0.07", "size": "118.41"}, {"price": "0.08", "size": "79"}], "asks": [{"price": "0.99", "size": "217.93"}, {"price": "0.98", "size": "24.36"}, {"price": "0.97", "size": "66"}, {"price": "0.96", "size": "74"}, {"price": "0.95", "size": "75.47"}], "event_type": "book", "last_trade_price": ""}, {"market": "0x6343fe9af94549ba21e20e12308fd0adae1dcf5a47b34e09cd8fff8e9aaa48ed", "asset_id": "12740122974933171114337985570880239323817248697011750688319664126599099442597", "timestamp": "1769383652648", "hash": "3a165d88d4f0d898a6583a8b7d188ba39b793521", "bids": [{"price": "0.01", "size": "217.93"}, {"price": "0.02", "size": "24.36"}, {"price": "0.03", "size": "66"}, {"price": "0.04", "size": "74"}, {"price": "0.05", "size": "75.47"}], "asks": [{"price": "0.99", "size": "3230.48"}, {"price": "0.98", "size": "25.38"}, {"price": "0.97", "size": "66"}, {"price": "0.96", "size": "18.47"}, {"price": "0.95", "size": "60"}, {"price": "0.94", "size": "33"}, {"price": "0.93", "size": "118.41"}, {"price": "0.92", "size": "79"}], "event_type": "book", "last_trade_price": ""}, {"market": "0x6343fe9af94549ba21e20e12308fd0adae1dcf5a47b34e09cd8fff8e9aaa48ed", "asset_id": "2586324832453891324234176449809299906789855326018472028319961984690534285545", "timestamp": "1769383652648", "hash": "4a0bc1d449aac9b4c1f83a0aa9047c583bf18ca0", "bids": [{"price": "0.01", "size": "3230.48"}, {"price": "0.02", "size": "25.38"}, {"price": "0.03", "size": "66"}, {"price": "0.04", "size": "18.47"}, {"price": "0.05", "size": "60"}, {"price": "0.06", "size": "33"}, {"price": "0.07", "size": "118.41"}, {"price": "0.08", "size": "79"}], "asks": [{"price": "0.99", "size": "217.93"}, {"price": "0.98", "size": "24.36"}, {"price": "0.97", "size": "66"}, {"price": "0.96", "size": "74"}, {"price": "0.95", "size": "75.47"}], "event_type": "book", "last_trade_price": ""}, {"market": "0x844c7f006fa164c9f27ec39bca024ce10abc378c833c15660898669dabce5ae6", "asset_id": "87531752469629362487374668297216384710403050386394745147268633329002441713858", "timestamp": "1769383654104", "hash": "b624aef551ff5ba6ec4fe48b307a6c3e60fc4fac", "bids": [{"price": "0.01", "size": "217.93"}, {"price": "0.02", "size": "24.36"}, {"price": "0.03", "size": "66"}, {"price": "0.04", "size": "73"}, {"price": "0.05", "size": "75.47"}], "asks": [{"price": "0.99", "size": "3231.68"}, {"price": "0.98", "size": "15.28"}, {"price": "0.97", "size": "76.38"}, {"price": "0.96", "size": "17.27"}, {"price": "0.95", "size": "60"}, {"price": "0.94", "size": "53"}, {"price": "0.93", "size": "163.36"}], "event_type": "book", "last_trade_price": ""}, {"market": "0x51065ba65bef42a3b6ffb58d697dba0f82acec00f106ba7873495e81018864c1", "asset_id": "43798379636751754830592312417379386510001939692497842042165789144636097279221", "timestamp": "1769383654081", "hash": "cc3aaac31a04feffda0089081a6d7d5d949fb2e6", "bids": [{"price": "0.01", "size": "217.93"}, {"price": "0.02", "size": "24.36"}, {"price": "0.03", "size": "66"}, {"price": "0.04", "size": "74"}, {"price": "0.05", "size": "75.47"}], "asks": [{"price": "0.99", "size": "3227.89"}, {"price": "0.98", "size": "18.13"}, {"price": "0.97", "size": "73"}, {"price": "0.96", "size": "17.49"}, {"price": "0.95", "size": "60"}, {"price": "0.94", "size": "33"}, {"price": "0.93", "size": "118.41"}, {"price": "0.92", "size": "79"}], "event_type": "book", "last_trade_price": ""}]}
{"_local_timestamp": "2026-01-25T23:42:52.437321+00:00", "data": {"market": "0x6343fe9af94549ba21e20e12308fd0adae1dcf5a47b34e09cd8fff8e9aaa48ed", "price_changes": [{"asset_id": "2586324832453891324234176449809299906789855326018472028319961984690534285545", "price": "0.01", "size": "3200", "side": "BUY", "hash": "d01bf03190464593106a77126f58561b6c0c131e", "best_bid": "0.08", "best_ask": "0.95"}, {"asset_id": "12740122974933171114337985570880239323817248697011750688319664126599099442597", "price": "0.99", "size": "3200", "side": "SELL", "hash": "1492fe46ef403c87cfd52d4fb866311e4e14143a", "best_bid": "0.05", "best_ask": "0.92"}], "timestamp": "1769384572251", "event_type": "price_change"}}
{"_local_timestamp": "2026-01-25T23:42:52.438429+00:00", "data": {"market": "0x844c7f006fa164c9f27ec39bca024ce10abc378c833c15660898669dabce5ae6", "price_changes": [{"asset_id": "4305331393661786545443480321477590882109777372143095796437544656495783743620", "price": "0.01", "size": "3209.63", "side": "BUY", "hash": "0ae8650d95310fb36e9d503023eae4ba6b1b87d4", "best_bid": "0.07", "best_ask": "0.95"}, {"asset_id": "87531752469629362487374668297216384710403050386394745147268633329002441713858", "price": "0.99", "size": "3209.63", "side": "SELL", "hash": "0f72a4fdd243c7850d2a04c387f42a3502ed9314", "best_bid": "0.05", "best_ask": "0.93"}], "timestamp": "1769384572251", "event_type": "price_change"}}
{"_local_timestamp": "2026-01-25T23:42:52.438804+00:00", "data": {"market": "0x844c7f006fa164c9f27ec39bca024ce10abc378c833c15660898669dabce5ae6", "price_changes": [{"asset_id": "4305331393661786545443480321477590882109777372143095796437544656495783743620", "price": "0.03", "size": "66", "side": "BUY", "hash": "0ae8650d95310fb36e9d503023eae4ba6b1b87d4", "best_bid": "0.07", "best_ask": "0.95"}, {"asset_id": "87531752469629362487374668297216384710403050386394745147268633329002441713858", "price": "0.97", "size": "66", "side": "SELL", "hash": "0f72a4fdd243c7850d2a04c387f42a3502ed9314", "best_bid": "0.05", "best_ask": "0.93"}], "timestamp": "1769384572251", "event_type": "price_change"}}
{"_local_timestamp": "2026-01-25T23:42:52.439092+00:00", "data": {"market": "0x51065ba65bef42a3b6ffb58d697dba0f82acec00f106ba7873495e81018864c1", "price_changes": [{"asset_id": "68819464188305996918382644235816840016193266663195942641757404777389989396594", "price": "0.03", "size": "66", "side": "BUY", "hash": "e30686486a783e35315cc55f4241f4b7fe143fc2", "best_bid": "0.08", "best_ask": "0.95"}, {"asset_id": "43798379636751754830592312417379386510001939692497842042165789144636097279221", "price": "0.97", "size": "66", "side": "SELL", "hash": "6d6813dad52805b154a8094fcc8ab2c21be1b545", "best_bid": "0.05", "best_ask": "0.92"}], "timestamp": "1769384572251", "event_type": "price_change"}}
{"_local_timestamp": "2026-01-25T23:42:55.038861+00:00", "data": {"market": "0x6343fe9af94549ba21e20e12308fd0adae1dcf5a47b34e09cd8fff8e9aaa48ed", "price_changes": [{"asset_id": "2586324832453891324234176449809299906789855326018472028319961984690534285545", "price": "0.01", "size": "3230.48", "side": "BUY", "hash": "7157347ab4db918b01eee08648aeec7c2d4af043", "best_bid": "0.08", "best_ask": "0.95"}, {"asset_id": "12740122974933171114337985570880239323817248697011750688319664126599099442597", "price": "0.99", "size": "3230.48", "side": "SELL", "hash": "b52c1b2aca13aa063118b216a8c7f56e2b0f8fec", "best_bid": "0.05", "best_ask": "0.92"}], "timestamp": "1769384574855", "event_type": "price_change"}}
{"_local_timestamp": "2026-01-25T23:42:55.039376+00:00", "data": {"market": "0x844c7f006fa164c9f27ec39bca024ce10abc378c833c15660898669dabce5ae6", "price_changes": [{"asset_id": "4305331393661786545443480321477590882109777372143095796437544656495783743620", "price": "0.02", "size": "29.97", "side": "BUY", "hash": "dc8696d9fb6837817856e025c78bed3a7dea84c0", "best_bid": "0.07", "best_ask": "0.95"}, {"asset_id": "87531752469629362487374668297216384710403050386394745147268633329002441713858", "price": "0.98", "size": "29.97", "side": "SELL", "hash": "ddc04d9e0529f401ccea3eb9a507eb72f3c0dc6b", "best_bid": "0.05", "best_ask": "0.93"}], "timestamp": "1769384574855", "event_type": "price_change"}}
{"_local_timestamp": "2026-01-25T23:42:55.039692+00:00", "data": {"market": "0x51065ba65bef42a3b6ffb58d697dba0f82acec00f106ba7873495e81018864c1", "price_changes": [{"asset_id": "68819464188305996918382644235816840016193266663195942641757404777389989396594", "price": "0.02", "size": "28.63", "side": "BUY", "hash": "43467ceea85cd7eb47acd19c098a6caf7b99ef31", "best_bid": "0.08", "best_ask": "0.95"}, {"asset_id": "43798379636751754830592312417379386510001939692497842042165789144636097279221", "price": "0.98", "size": "28.63", "side": "SELL", "hash": "e9c67dfcace5aae30f845de82098475ae817f44b", "best_bid": "0.05", "best_ask": "0.92"}], "timestamp": "1769384574855", "event_type": "price_change"}}
{"_local_timestamp": "2026-01-25T23:42:55.039979+00:00", "data": {"market": "0x844c7f006fa164c9f27ec39bca024ce10abc378c833c15660898669dabce5ae6", "price_changes": [{"asset_id": "4305331393661786545443480321477590882109777372143095796437544656495783743620", "price": "0.01", "size": "3233.44", "side": "BUY", "hash": "05b8b93b0bda249c561dc081c134a9cae7c56ef1", "best_bid": "0.07", "best_ask": "0.95"}, {"asset_id": "87531752469629362487374668297216384710403050386394745147268633329002441713858", "price": "0.99", "size": "3233.44", "side": "SELL", "hash": "a2f86a694a1b98bdd078b1b10d1aaf5a8048137d", "best_bid": "0.05", "best_ask": "0.93"}], "timestamp": "1769384574857", "event_type": "price_change"}}
