{"_local_timestamp": "2026-01-25T23:40:54.124326+00:00", "data": [{"market": "0x62c2cd0d8ab95d020fdc98688b308848c7e448fd9f22f76963b82eed7cb84e9b", "asset_id": "53151935479456002558896079790416439542250294202986150197698195799837055065936", "timestamp": "1769384452337", "hash": "131ec92a967b4bb0542c459e83b6993c43fea599", "bids": [{"price": "0.01", "size": "91887.05"}, {"price": "0.02", "size": "700"}, {"price": "0.05", "size": "500"}, {"price": "0.08", "size": "300"}, {"price": "0.55", "size": "200"}, {"price": "0.56", "size": "3749"}, {"price": "0.57", "size": "4816.6"}, {"price": "0.58", "size": "3006.59"}], "asks": [{"price": "0.99", "size": "85892.94"}, {"price": "0.98", "size": "700"}, {"price": "0.95", "size": "500"}, {"price": "0.92", "size": "300"}, {"price": "0.63", "size": "17"}, {"price": "0.62", "size": "10495.11"}, {"price": "0.61", "size": "9464.11"}, {"price": "0.6", "size": "2712"}, {"price": "0.59", "size": "1"}], "event_type": "book", "last_trade_price": "0.410"}, {"market": "0x963b613e0a180d97fd95ab2888198451ab1bc95ff7d0e6ee73f09d1b09e0de1f", "asset_id": "110980537569511941616704894264795333457319548923980971693721257637833698078854", "timestamp": "1769384433112", "hash": "d961ba31a9ab4267e99d64457101b37d021384c3", "bids": [{"price": "0.01", "size": "85892.94"}, {"price": "0.02", "size": "700"}, {"price": "0.05", "size": "500"}, {"price": "0.08", "size": "300"}, {"price": "0.36", "size": "2537"}, {"price": "0.37", "size": "9089.11"}, {"price": "0.38", "size": "6398.11"}, {"price": "0.39", "size": "3006.18"}, {"price": "0.4", "size": "120"}], "asks": [{"price": "0.99", "size": "85887.94"}, {"price": "0.98", "size": "700"}, {"price": "0.95", "size": "500"}, {"price": "0.92", "size": "300"}, {"price": "0.65", "size": "253.65"}, {"price": "0.44", "size": "2494"}, {"price": "0.43", "size": "7964.11"}, {"price": "0.42", "size": "10104.49"}, {"price": "0.41", "size": "2986.35"}], "event_type": "book", "last_trade_price": "0.590"}, {"market": "0x6016c0e170d09dad59962590047bf593fed162492244f27ceb657f7bce3d97b7", "asset_id": "53052604274027315154661756294320729764933185669968567078751816627165620319918", "timestamp": "1769384339307", "hash": "9f1df8f1d9a61daee14bf006d081c4f2357edf50", "bids": [{"price": "0.01", "size": "12094.72"}, {"price": "0.04", "size": "103"}, {"price": "0.05", "size": "105"}, {"price": "0.06", "size": "119"}, {"price": "0.07", "size": "2811.29"}], "asks": [{"price": "0.99", "size": "91887.05"}, {"price": "0.98", "size": "700"}, {"price": "0.95", "size": "500"}, {"price": "0.92", "size": "300"}, {"price": "0.12", "size": "104"}, {"price": "0.11", "size": "118"}, {"price": "0.1", "size": "3409.67"}, {"price": "0.09", "size": "2832.3"}, {"price": "0.08", "size": "2229.93"}], "event_type": "book", "last_trade_price": "0.920"}, {"market": "0x9ef8e68abf8b99acc0535904d4f6b7440785708eaf30886adf3964b59d10eecd", "asset_id": "24057867081748792773041107807288251827673086125027887602768766868175027290676", "timestamp": "1769384421882", "hash": "8e6f05151717ad55539879fb60e2a99de9161d79", "bids": [{"price": "0.01", "size": "85887.94"}, {"price": "0.02", "size": "700"}, {"price": "0.05", "size": "500"}, {"price": "0.08", "size": "300"}, {"price": "0.76", "size": "2475"}, {"price": "0.77", "size": "8376.11"}, {"price": "0.78", "size": "8036.11"}, {"price": "0.79", "size": "2897.47"}, {"price": "0.8", "size": "2313.02"}], "asks": [{"price": "0.99", "size": "85892.94"}, {"price": "0.84", "size": "3022"}, {"price": "0.83", "size": "9672.11"}, {"price": "0.82", "size": "9205.33"}, {"price": "0.81", "size": "5.26"}], "event_type": "book", "last_trade_price": "0.800"}, {"market": "0xd4d9bcb52f55a0e27c5fadebac144007984dcd407a56615930b8bbe52dd2359d", "asset_id": "76418712614971261469498314114716528018971998780735744371581110753753413087239", "timestamp": "1769384392840", "hash": "4601927d841e5dc14daa8fd244fd1040e2007933", "bids": [{"price": "0.01", "size": "85892.94"}, {"price": "0.02", "size": "700"}, {"price": "0.05", "size": "500"}, {"price": "0.08", "size": "300"}, {"price": "0.62", "size": "85"}, {"price": "0.63", "size": "2655"}, {"price": "0.64", "size": "8070.11"}, {"price": "0.65", "size": "8934.57"}, {"price": "0.66", "size": "3055.24"}], "asks": [{"price": "0.99", "size": "85887.94"}, {"price": "0.98", "size": "700"}, {"price": "0.71", "size": "2204"}, {"price": "0.7", "size": "7870.11"}, {"price": "0.69", "size": "7744.11"}, {"price": "0.68", "size": "3006.29"}, {"price": "0.67", "size": "131"}], "event_type": "book", "last_trade_price": "0.660"}, {"market": "0x62c2cd0d8ab95d020fdc98688b308848c7e448fd9f22f76963b82eed7cb84e9b", "asset_id": "41077927390214569510726515466584037432389705623011759406747159087695148862357", "timestamp": "1769384452337", "hash": "97daf444c6a71b3b60ac5d65c61d2bd3b8b5fcd7", "bids": [{"price": "0.01", "size": "85892.94"}, {"price": "0.02", "size": "700"}, {"price": "0.05", "size": "500"}, {"price": "0.08", "size": "300"}, {"price": "0.37", "size": "17"}, {"price": "0.38", "size": "10495.11"}, {"price": "0.39", "size": "9464.11"}, {"price": "0.4", "size": "2712"}, {"price": "0.41", "size": "1"}], "asks": [{"price": "0.99", "size": "91887.05"}, {"price": "0.98", "size": "700"}, {"price": "0.95", "size": "500"}, {"price": "0.92", "size": "300"}, {"price": "0.45", "size": "200"}, {"price": "0.44", "size": "3749"}, {"price": "0.43", "size": "4816.6"}, {"price": "0.42", "size": "3006.59"}], "event_type": "book", "last_trade_price": "0.410"}, {"market": "0x9ef8e68abf8b99acc0535904d4f6b7440785708eaf30886adf3964b59d10eecd", "asset_id": "52965116811613152921035598159047200647489117514672737861580989886710777523477", "timestamp": "1769384421882", "hash": "3cf1606547dec911620808607fe17f2975807fef", "bids": [{"price": "0.01", "size": "85892.94"}, {"price": "0.16", "size": "3022"}, {"price": "0.17", "size": "9672.11"}, {"price": "0.18", "size": "9205.33"}, {"price": "0.19", "size": "5.26"}], "asks": [{"price": "0.99", "size": "85887.94"}, {"price": "0.98", "size": "700"}, {"price": "0.95", "size": "500"}, {"price": "0.92", "size": "300"}, {"price": "0.24", "size": "2475"}, {"price": "0.23", "size": "8376.11"}, {"price": "0.22", "size": "8036.11"}, {"price": "0.21", "size": "2897.47"}, {"price": "0.2", "size": "2313.02"}], "event_type": "book", "last_trade_price": "0.800"}, {"market": "0x289c846122abca691f40cb8791486e1ba2a33ca92c8ee124677f3ea91cbf0888", "asset_id": "113129058035948699866091850567707644337474123477681436742788604457339451548233", "timestamp": "1769384111589", "hash": "3f069c61fd07d4559417c509d07ae9b791547028", "bids": [{"price": "0.01", "size": "91983.55"}, {"price": "0.02", "size": "700"}, {"price": "0.05", "size": "520"}, {"price": "0.06", "size": "33"}, {"price": "0.08", "size": "300"}, {"price": "0.63", "size": "220"}], "asks": [{"price": "0.99", "size": "91938.55"}, {"price": "0.98", "size": "700"}, {"price": "0.97", "size": "16"}, {"price": "0.95", "size": "20"}, {"price": "0.94", "size": "33"}, {"price": "0.7", "size": "86"}, {"price": "0.69", "size": "103"}], "event_type": "book", "last_trade_price": "0.340"}, {"market": "0xd4d9bcb52f55a0e27c5fadebac144007984dcd407a56615930b8bbe52dd2359d", "asset_id": "9964490285825299588837478514707268004965150181418600205038710337274347942785", "timestamp": "1769384392840", "hash": "b1dd17c3dac06301d56f825f3139e7a130b912ee", "bids": [{"price": "0.01", "size": "85887.94"}, {"price": "0.02", "size": "700"}, {"price": "0.29", "size": "2204"}, {"price": "0.3", "size": "7870.11"}, {"price": "0.31", "size": "7744.11"}, {"price": "0.32", "size": "3006.29"}, {"price": "0.33", "size": "131"}], "asks": [{"price": "0.99", "size": "85892.94"}, {"price": "0.98", "size": "700"}, {"price": "0.95", "size": "500"}, {"price": "0.92", "size": "300"}, {"price": "0.38", "size": "85"}, {"price": "0.37", "size": "2655"}, {"price": "0.36", "size": "8070.11"}, {"price": "0.35", "size": "8934.57"}, {"price": "0.34", "size": "3055.24"}], "event_type": "book", "last_trade_price": "0.660"}, {"market": "0x6016c0e170d09dad59962590047bf593fed162492244f27ceb657f7bce3d97b7", "asset_id": "44748863811247779903073156134977920961930971355387058198705068349148950487301", "timestamp": "1769384339307", "hash": "3a6216da13308fc9927e1937b23bfff460ea61c5", "bids": [{"price": "0.01", "size": "91887.05"}, {"price": "0.02", "size": "700"}, {"price": "0.05", "size": "500"}, {"price": "0.08", "size": "300"}, {"price": "0.88", "size": "104"}, {"price": "0.89", "size": "118"}, {"price": "0.9", "size": "3409.67"}, {"price": "0.91", "size": "2832.3"}, {"price": "0.92", "size": "2229.93"}], "asks": [{"price": "0.99", "size": "12094.72"}, {"price": "0.96", "size": "103"}, {"price": "0.95", "size": "105"}, {"price": "0.94", "size": "119"}, {"price": "0.93", "size": "2811.29"}], "event_type": "book", "last_trade_price": "0.920"}, {"market": "0x963b613e0a180d97fd95ab2888198451ab1bc95ff7d0e6ee73f09d1b09e0de1f", "asset_id": "79949046760455713251066438838657730162489035049297788167127897388444279721277", "timestamp": "1769384433112", "hash": "9495670e4f19a9189644b9c439975c838374e3e2", "bids": [{"price": "0.01", "size": "85887.94"}, {"price": "0.02", "size": "700"}, {"price": "0.05", "size": "500"}, {"price": "0.08", "size": "300"}, {"price": "0.35", "size": "253.65"}, {"price": "0.56", "size": "2494"}, {"price": "0.57", "size": "7964.11"}, {"price": "0.58", "size": "10104.49"}, {"price": "0.59", "size": "2986.35"}], "asks": [{"price": "0.99", "size": "85892.94"}, {"price": "0.98", "size": "700"}, {"price": "0.95", "size": "500"}, {"price": "0.92", "size": "300"}, {"price": "0.64", "size": "2537"}, {"price": "0.63", "size": "9089.11"}, {"price": "0.62", "size": "6398.11"}, {"price": "0.61", "size": "3006.18"}, {"price": "0.6", "size": "120"}], "event_type": "book", "last_trade_price": "0.590"}, {"market": "0x289c846122abca691f40cb8791486e1ba2a33ca92c8ee124677f3ea91cbf0888", "asset_id": "74857485727986914157751055585624894615373158391000091364285942356327212674239", "timestamp": "1769384111589", "hash": "509c73fe0be7d5469a9669b5f183514fb833d7f7", "bids": [{"price": "0.01", "size": "91938.55"}, {"price": "0.02", "size": "700"}, {"price": "0.03", "size": "16"}, {"price": "0.05", "size": "20"}, {"price": "0.06", "size": "33"}, {"price": "0.3", "size": "86"}, {"price": "0.31", "size": "103"}], "asks": [{"price": "0.99", "size": "91983.55"}, {"price": "0.98", "size": "700"}, {"price": "0.95", "size": "520"}, {"price": "0.94", "size": "33"}, {"price": "0.92", "size": "300"}, {"price": "0.37", "size": "220"}], "event_type": "book", "last_trade_price": "0.340"}]}
{"_local_timestamp": "2026-01-25T23:40:57.077138+00:00", "data": {"market": "0x62c2cd0d8ab95d020fdc98688b308848c7e448fd9f22f76963b82eed7cb84e9b", "price_changes": [{"asset_id": "41077927390214569510726515466584037432389705623011759406747159087695148862357", "price": "0.38", "size": "10295.11", "side": "BUY", "hash": "9683bcfa05fa6b79d815e98897a9dcc7cb02fa11", "best_bid": "0.41", "best_ask": "0.42"}, {"asset_id": "53151935479456002558896079790416439542250294202986150197698195799837055065936", "price": "0.62", "size": "10295.11", "side": "SELL", "hash": "bbb7fb2b9b2d70840ffe432429bf826fab028cbb", "best_bid": "0.58", "best_ask": "0.59"}], "timestamp": "1769384457001", "event_type": "price_change"}}
{"_local_timestamp": "2026-01-25T23:40:57.091941+00:00", "data": {"market": "0x62c2cd0d8ab95d020fdc98688b308848c7e448fd9f22f76963b82eed7cb84e9b", "price_changes": [{"asset_id": "53151935479456002558896079790416439542250294202986150197698195799837055065936", "price": "0.55", "size": "0", "side": "BUY", "hash": "387e74b32207365228fbe51153c7fb284606b898", "best_bid": "0.58", "best_ask": "0.59"}, {"asset_id": "41077927390214569510726515466584037432389705623011759406747159087695148862357", "price": "0.45", "size": "0", "side": "SELL", "hash": "aa6f8d524f225bd5c41e0c38bfc6a82a242cfb67", "best_bid": "0.41", "best_ask": "0.42"}], "timestamp": "1769384457001", "event_type": "price_change"}}
{"_local_timestamp": "2026-01-25T23:40:57.176224+00:00", "data": {"market": "0x62c2cd0d8ab95d020fdc98688b308848c7e448fd9f22f76963b82eed7cb84e9b", "price_changes": [{"asset_id": "41077927390214569510726515466584037432389705623011759406747159087695148862357", "price": "0.38", "size": "10495.11", "side": "BUY", "hash": "818651b706f97d9277220363031b69e88501f6e1", "best_bid": "0.41", "best_ask": "0.42"}, {"asset_id": "53151935479456002558896079790416439542250294202986150197698195799837055065936", "price": "0.62", "size": "10495.11", "side": "SELL", "hash": "c4c6b62b6cb5993a3be7e68adb36ebc7f3b7c0e1", "best_bid": "0.58", "best_ask": "0.59"}], "timestamp": "1769384457087", "event_type": "price_change"}}
{"_local_timestamp": "2026-01-25T23:40:57.206161+00:00", "data": {"market": "0x62c2cd0d8ab95d020fdc98688b308848c7e448fd9f22f76963b82eed7cb84e9b", "price_changes": [{"asset_id": "53151935479456002558896079790416439542250294202986150197698195799837055065936", "price": "0.55", "size": "200", "side": "BUY", "hash": "1684c4c37dfc516abbc05f2ecb82a4e913263786", "best_bid": "0.58", "best_ask": "0.59"}, {"asset_id": "41077927390214569510726515466584037432389705623011759406747159087695148862357", "price": "0.45", "size": "200", "side": "SELL", "hash": "890215f8cdfc7218a11328a552b7244ddb23c55e", "best_bid": "0.41", "best_ask": "0.42"}], "timestamp": "1769384457132", "event_type": "price_change"}}
{"_local_timestamp": "2026-01-25T23:41:02.081276+00:00", "data": {"market": "0x62c2cd0d8ab95d020fdc98688b308848c7e448fd9f22f76963b82eed7cb84e9b", "price_changes": [{"asset_id": "41077927390214569510726515466584037432389705623011759406747159087695148862357", "price": "0.41", "size": "0", "side": "BUY", "hash": "fadabc5d9d831f85f92260ec60aae2f12a073f52", "best_bid": "0.4", "best_ask": "0.42"}, {"asset_id": "53151935479456002558896079790416439542250294202986150197698195799837055065936", "price": "0.59", "size": "0", "side": "SELL", "hash": "17a447c3927458a8bd453ed84b113daf0b24ab52", "best_bid": "0.58", "best_ask": "0.6"}], "timestamp": "1769384462000", "event_type": "price_change"}}
{"_local_timestamp": "2026-01-25T23:41:02.081876+00:00", "data": {"market": "0x963b613e0a180d97fd95ab2888198451ab1bc95ff7d0e6ee73f09d1b09e0de1f", "price_changes": [{"asset_id": "110980537569511941616704894264795333457319548923980971693721257637833698078854", "price": "0.4", "size": "0", "side": "BUY", "hash": "cba7a733c6ff82008f6d850767b4451a04bb73aa", "best_bid": "0.39", "best_ask": "0.41"}, {"asset_id": "79949046760455713251066438838657730162489035049297788167127897388444279721277", "price": "0.6", "size": "0", "side": "SELL", "hash": "a8c48b072f139c67b4c4ba046d0627469d523bde", "best_bid": "0.59", "best_ask": "0.61"}], "timestamp": "1769384462001", "event_type": "price_change"}}
{"_local_timestamp": "2026-01-25T23:41:07.737079+00:00", "data": {"market": "0xd4d9bcb52f55a0e27c5fadebac144007984dcd407a56615930b8bbe52dd2359d", "price_changes": [{"asset_id": "9964490285825299588837478514707268004965150181418600205038710337274347942785", "price": "0.33", "size": "1.14", "side": "BUY", "hash": "f78a1d13ad6fb518278660cbf37f74638a339b6c", "best_bid": "0.33", "best_ask": "0.34"}, {"asset_id": "76418712614971261469498314114716528018971998780735744371581110753753413087239", "price": "0.67", "size": "1.14", "side": "SELL", "hash": "bedcde0c8e5b5fe807002792b14604520f0f30c5", "best_bid": "0.66", "best_ask": "0.67"}], "timestamp": "1769384467657", "event_type": "price_change"}}
{"_local_timestamp": "2026-01-25T23:41:07.739308+00:00", "data": {"market": "0xd4d9bcb52f55a0e27c5fadebac144007984dcd407a56615930b8bbe52dd2359d", "asset_id": "76418712614971261469498314114716528018971998780735744371581110753753413087239", "bids": [{"price": "0.01", "size": "85892.94"}, {"price": "0.02", "size": "700"}, {"price": "0.05", "size": "500"}, {"price": "0.08", "size": "300"}, {"price": "0.62", "size": "85"}, {"price": "0.63", "size": "2655"}, {"price": "0.64", "size": "8070.11"}, {"price": "0.65", "size": "8934.57"}, {"price": "0.66", "size": "3055.24"}], "asks": [{"price": "0.99", "size": "85887.94"}, {"price": "0.98", "size": "700"}, {"price": "0.71", "size": "2204"}, {"price": "0.7", "size": "7870.11"}, {"price": "0.69", "size": "7744.11"}, {"price": "0.68", "size": "3006.29"}, {"price": "0.67", "size": "1.14"}], "hash": "bedcde0c8e5b5fe807002792b14604520f0f30c5", "timestamp": "1769384467657", "event_type": "book"}}
{"_local_timestamp": "2026-01-25T23:41:07.739726+00:00", "data": {"market": "0xd4d9bcb52f55a0e27c5fadebac144007984dcd407a56615930b8bbe52dd2359d", "asset_id": "9964490285825299588837478514707268004965150181418600205038710337274347942785", "bids": [{"price": "0.01", "size": "85887.94"}, {"price": "0.02", "size": "700"}, {"price": "0.29", "size": "2204"}, {"price": "0.3", "size": "7870.11"}, {"price": "0.31", "size": "7744.11"}, {"price": "0.32", "size": "3006.29"}, {"price": "0.33", "size": "1.14"}], "asks": [{"price": "0.99", "size": "85892.94"}, {"price": "0.98", "size": "700"}, {"price": "0.95", "size": "500"}, {"price": "0.92", "size": "300"}, {"price": "0.38", "size": "85"}, {"price": "0.37", "size": "2655"}, {"price": "0.36", "size": "8070.11"}, {"price": "0.35", "size": "8934.57"}, {"price": "0.34", "size": "3055.24"}], "hash": "f78a1d13ad6fb518278660cbf37f74638a339b6c", "timestamp": "1769384467657", "event_type": "book"}}
{"_local_timestamp": "2026-01-25T23:41:07.760773+00:00", "data": {"market": "0xd4d9bcb52f55a0e27c5fadebac144007984dcd407a56615930b8bbe52dd2359d", "asset_id": "76418712614971261469498314114716528018971998780735744371581110753753413087239", "price": "0.67", "size": "129.850745", "fee_rate_bps": "0", "side": "BUY", "timestamp": "1769384467687", "event_type": "last_trade_price", "transaction_hash": "0x9e13db9611cb61d5183d9696562f6673d30cf5ddb9421f868a414e50f94469b8"}}
{"_local_timestamp": "2026-01-25T23:41:07.943902+00:00", "data": {"market": "0x62c2cd0d8ab95d020fdc98688b308848c7e448fd9f22f76963b82eed7cb84e9b", "price_changes": [{"asset_id": "41077927390214569510726515466584037432389705623011759406747159087695148862357", "price": "0.4", "size": "2842", "side": "BUY", "hash": "6ac9eb1fd9b13b3a9403d6815d6fd88fc6610b7e", "best_bid": "0.4", "best_ask": "0.42"}, {"asset_id": "53151935479456002558896079790416439542250294202986150197698195799837055065936", "price": "0.6", "size": "2842", "side": "SELL", "hash": "7e2358d07bc92e80cedfdf664af057fef4660d51", "best_bid": "0.58", "best_ask": "0.6"}], "timestamp": "1769384467865", "event_type": "price_change"}}
{"_local_timestamp": "2026-01-25T23:41:08.040653+00:00", "data": {"market": "0xd4d9bcb52f55a0e27c5fadebac144007984dcd407a56615930b8bbe52dd2359d", "price_changes": [{"asset_id": "9964490285825299588837478514707268004965150181418600205038710337274347942785", "price": "0.33", "size": "130.14", "side": "BUY", "hash": "c47590e85d70fd97acfd753cc2992dddcd327f41", "best_bid": "0.33", "best_ask": "0.34"}, {"asset_id": "76418712614971261469498314114716528018971998780735744371581110753753413087239", "price": "0.67", "size": "130.14", "side": "SELL", "hash": "dd33ac28bcf110e8a5e1ce36ec1054dba2ae1f80", "best_bid": "0.66", "best_ask": "0.67"}], "timestamp": "1769384467975", "event_type": "price_change"}}
{"_local_timestamp": "2026-01-25T23:41:08.311585+00:00", "data": {"market": "0x62c2cd0d8ab95d020fdc98688b308848c7e448fd9f22f76963b82eed7cb84e9b", "price_changes": [{"asset_id": "41077927390214569510726515466584037432389705623011759406747159087695148862357", "price": "0.39", "size": "9334.11", "side": "BUY", "hash": "61bf393be3a988a8d018be7f0d5c8a99768d71cb", "best_bid": "0.4", "best_ask": "0.42"}, {"asset_id": "53151935479456002558896079790416439542250294202986150197698195799837055065936", "price": "0.61", "size": "9334.11", "side": "SELL", "hash": "d2e0b12fae62f64356d0d803ef0c573d3608ac40", "best_bid": "0.58", "best_ask": "0.6"}], "timestamp": "1769384468241", "event_type": "price_change"}}
{"_local_timestamp": "2026-01-25T23:41:08.800363+00:00", "data": {"market": "0x963b613e0a180d97fd95ab2888198451ab1bc95ff7d0e6ee73f09d1b09e0de1f", "price_changes": [{"asset_id": "110980537569511941616704894264795333457319548923980971693721257637833698078854", "price": "0.4", "size": "120", "side": "BUY", "hash": "1779c6465a721c6dc2d3067886ec6b85b5f650b6", "best_bid": "0.4", "best_ask": "0.41"}, {"asset_id": "79949046760455713251066438838657730162489035049297788167127897388444279721277", "price": "0.6", "size": "120", "side": "SELL", "hash": "8a61d905e16290944892c502bc024933c7f13d2a", "best_bid": "0.59", "best_ask": "0.6"}], "timestamp": "1769384468728", "event_type": "price_change"}}
{"_local_timestamp": "2026-01-25T23:41:11.523518+00:00", "data": {"market": "0xd4d9bcb52f55a0e27c5fadebac144007984dcd407a56615930b8bbe52dd2359d", "price_changes": [{"asset_id": "9964490285825299588837478514707268004965150181418600205038710337274347942785", "price": "0.33", "size": "135.33", "side": "BUY", "hash": "d13d5985245bb98d04834fccd8f75b58caec48a6", "best_bid": "0.33", "best_ask": "0.34"}, {"asset_id": "76418712614971261469498314114716528018971998780735744371581110753753413087239", "price": "0.67", "size": "135.33", "side": "SELL", "hash": "e50deb4b8ab96165035e611b53a9ca844574dd07", "best_bid": "0.66", "best_ask": "0.67"}], "timestamp": "1769384471452", "event_type": "price_change"}}
{"_local_timestamp": "2026-01-25T23:41:14.167394+00:00", "data": {"market": "0x289c846122abca691f40cb8791486e1ba2a33ca92c8ee124677f3ea91cbf0888", "price_changes": [{"asset_id": "113129058035948699866091850567707644337474123477681436742788604457339451548233", "price": "0.63", "size": "152.43", "side": "BUY", "hash": "4a6d6c0aee4eba8af1b9f013cdd5a321aec5e44a", "best_bid": "0.63", "best_ask": "0.69"}, {"asset_id": "74857485727986914157751055585624894615373158391000091364285942356327212674239", "price": "0.37", "size": "152.43", "side": "SELL", "hash": "d6a7cf084c8c513cb32741aa9ac11f24b61954f6", "best_bid": "0.31", "best_ask": "0.37"}], "timestamp": "1769384474081", "event_type": "price_change"}}
{"_local_timestamp": "2026-01-25T23:41:14.170771+00:00", "data": {"market": "0x289c846122abca691f40cb8791486e1ba2a33ca92c8ee124677f3ea91cbf0888", "asset_id": "74857485727986914157751055585624894615373158391000091364285942356327212674239", "bids": [{"price": "0.01", "size": "91938.55"}, {"price": "0.02", "size": "700"}, {"price": "0.03", "size": "16"}, {"price": "0.05", "size": "20"}, {"price": "0.06", "size": "33"}, {"price": "0.3", "size": "86"}, {"price": "0.31", "size": "103"}], "asks": [{"price": "0.99", "size": "91983.55"}, {"price": "0.98", "size": "700"}, {"price": "0.95", "size": "520"}, {"price": "0.94", "size": "33"}, {"price": "0.92", "size": "300"}, {"price": "0.37", "size": "152.43"}], "hash": "d6a7cf084c8c513cb32741aa9ac11f24b61954f6", "timestamp": "1769384474081", "event_type": "book"}}
{"_local_timestamp": "2026-01-25T23:41:14.171142+00:00", "data": {"market": "0x289c846122abca691f40cb8791486e1ba2a33ca92c8ee124677f3ea91cbf0888", "asset_id": "113129058035948699866091850567707644337474123477681436742788604457339451548233", "bids": [{"price": "0.01", "size": "91983.55"}, {"price": "0.02", "size": "700"}, {"price": "0.05", "size": "520"}, {"price": "0.06", "size": "33"}, {"price": "0.08", "size": "300"}, {"price": "0.63", "size": "152.43"}], "asks": [{"price": "0.99", "size": "91938.55"}, {"price": "0.98", "size": "700"}, {"price": "0.97", "size": "16"}, {"price": "0.95", "size": "20"}, {"price": "0.94", "size": "33"}, {"price": "0.7", "size": "86"}, {"price": "0.69", "size": "103"}], "hash": "4a6d6c0aee4eba8af1b9f013cdd5a321aec5e44a", "timestamp": "1769384474081", "event_type": "book"}}
{"_local_timestamp": "2026-01-25T23:41:14.186369+00:00", "data": {"market": "0x289c846122abca691f40cb8791486e1ba2a33ca92c8ee124677f3ea91cbf0888", "asset_id": "74857485727986914157751055585624894615373158391000091364285942356327212674239", "price": "0.37", "size": "67.567566", "fee_rate_bps": "0", "side": "BUY", "timestamp": "1769384474114", "event_type": "last_trade_price", "transaction_hash": "0xf310ba1b93790aa5f778d50cf712985fc3bb47612d0c72c72f2ca8da663e24bb"}}
{"_local_timestamp": "2026-01-25T23:41:15.084424+00:00", "data": {"market": "0x289c846122abca691f40cb8791486e1ba2a33ca92c8ee124677f3ea91cbf0888", "price_changes": [{"asset_id": "113129058035948699866091850567707644337474123477681436742788604457339451548233", "price": "0.64", "size": "69", "side": "BUY", "hash": "cf15d24b531ba30b0799250ef1a773d5d58d0391", "best_bid": "0.64", "best_ask": "0.69"}, {"asset_id": "74857485727986914157751055585624894615373158391000091364285942356327212674239", "price": "0.36", "size": "69", "side": "SELL", "hash": "230a769a4b27ac6e7c7495338550f4bb2d6f88a9", "best_bid": "0.31", "best_ask": "0.36"}], "timestamp": "1769384475003", "event_type": "price_change"}}
{"_local_timestamp": "2026-01-25T23:41:20.022999+00:00", "data": {"market": "0x289c846122abca691f40cb8791486e1ba2a33ca92c8ee124677f3ea91cbf0888", "price_changes": [{"asset_id": "113129058035948699866091850567707644337474123477681436742788604457339451548233", "price": "0.63", "size": "157.43", "side": "BUY", "hash": "302d41e3231b3b73305607096a394d15b74e8ec8", "best_bid": "0.64", "best_ask": "0.69"}, {"asset_id": "74857485727986914157751055585624894615373158391000091364285942356327212674239", "price": "0.37", "size": "157.43", "side": "SELL", "hash": "c163a65a5300c0f9b1fd4520162eb6288ce54f0a", "best_bid": "0.31", "best_ask": "0.36"}], "timestamp": "1769384479950", "event_type": "price_change"}}
