{"_local_timestamp": "2026-01-25T23:33:45.617860+00:00", "data": [{"market": "0xb3e540bed7f05b65dd8ec650207678de22e2ccb3c65f5e6ae3ccefded4361b3c", "asset_id": "21676301344285277057798674879566896208374169873577374251409485879776909883018", "timestamp": "1769384011558", "hash": "25e0e08064b24c546c361834bc35d4c77584d975", "bids": [{"price": "0.01", "size": "891.5"}, {"price": "0.02", "size": "700"}, {"price": "0.05", "size": "500"}, {"price": "0.08", "size": "300"}, {"price": "0.63", "size": "100"}, {"price": "0.65", "size": "2226"}, {"price": "0.66", "size": "2366"}, {"price": "0.67", "size": "111"}, {"price": "0.68", "size": "516"}, {"price": "0.69", "size": "2415.05"}], "asks": [{"price": "0.99", "size": "896.5"}, {"price": "0.98", "size": "700"}, {"price": "0.74", "size": "2336"}, {"price": "0.73", "size": "2281"}, {"price": "0.72", "size": "1945"}, {"price": "0.71", "size": "2710.34"}, {"price": "0.7", "size": "163"}], "event_type": "book", "last_trade_price": "0.690"}, {"market": "0x5cd62df873dd5f7195c4bdacf30f17b44f0862f0b1914e9cc97dd009b8f47d46", "asset_id": "81620006274912860786542136552485067786112215576828621363441123223528903532039", "timestamp": "1769383993847", "hash": "5feeb9ec93563b1ad30750db8ac5cd49dd22b3ce", "bids": [{"price": "0.01", "size": "896.5"}, {"price": "0.17", "size": "4245"}, {"price": "0.18", "size": "2882"}, {"price": "0.19", "size": "2883"}, {"price": "0.2", "size": "6332"}, {"price": "0.21", "size": "3149.71"}, {"price": "0.22", "size": "2485.16"}], "asks": [{"price": "0.99", "size": "891.5"}, {"price": "0.98", "size": "700"}, {"price": "0.95", "size": "500"}, {"price": "0.92", "size": "300"}, {"price": "0.29", "size": "100"}, {"price": "0.28", "size": "200"}, {"price": "0.26", "size": "3629"}, {"price": "0.25", "size": "4282"}, {"price": "0.23", "size": "3071.79"}], "event_type": "book", "last_trade_price": "0.220"}, {"market": "0x689f2bc7ca74f951f5ef5ee46c0b8f5eb4fcf184907dd9f69c19529844d6d416", "asset_id": "13688883295678001276792158244036912161301864636922709659029780709987533255655", "timestamp": "1769384019559", "hash": "e11ebb2e1182b85ee2a289aa574258fb15be4841", "bids": [{"price": "0.01", "size": "91938.55"}, {"price": "0.02", "size": "725"}, {"price": "0.05", "size": "520"}, {"price": "0.06", "size": "33"}, {"price": "0.37", "size": "241"}], "asks": [{"price": "0.99", "size": "188"}, {"price": "0.95", "size": "20"}, {"price": "0.94", "size": "33"}, {"price": "0.41", "size": "81"}, {"price": "0.4", "size": "131"}], "event_type": "book", "last_trade_price": ""}, {"market": "0x30b64a0a264971acb5a878da76e591d4eba46ec94ccf29a3efb4d2275de9879b", "asset_id": "79873671753091159203838713496689089974558055167116859765689808579056198783311", "timestamp": "1769383985295", "hash": "c0e71f0c8f58c82edd7689e2cf4a053dcd37d8e3", "bids": [{"price": "0.01", "size": "6095.61"}, {"price": "0.02", "size": "346"}, {"price": "0.03", "size": "3121"}, {"price": "0.04", "size": "3244.31"}], "asks": [{"price": "0.99", "size": "91887.05"}, {"price": "0.98", "size": "700"}, {"price": "0.95", "size": "500"}, {"price": "0.92", "size": "300"}, {"price": "0.14", "size": "194"}, {"price": "0.13", "size": "106"}, {"price": "0.12", "size": "103"}, {"price": "0.11", "size": "5.47"}, {"price": "0.06", "size": "2945.28"}, {"price": "0.05", "size": "2884.21"}], "event_type": "book", "last_trade_price": "0.050"}, {"market": "0x689f2bc7ca74f951f5ef5ee46c0b8f5eb4fcf184907dd9f69c19529844d6d416", "asset_id": "38406932137014719642745747955440768125753717099958648412630477673794359665653", "timestamp": "1769384019559", "hash": "945d12b5541e8a2fe105b62277153d655bd3548e", "bids": [{"price": "0.01", "size": "188"}, {"price": "0.05", "size": "20"}, {"price": "0.06", "size": "33"}, {"price": "0.59", "size": "81"}, {"price": "0.6", "size": "131"}], "asks": [{"price": "0.99", "size": "91938.55"}, {"price": "0.98", "size": "725"}, {"price": "0.95", "size": "520"}, {"price": "0.94", "size": "33"}, {"price": "0.63", "size": "241"}], "event_type": "book", "last_trade_price": ""}, {"market": "0x3b51467dceaf8571eb9e4cc006b1be943611133e44d9585c91cbc47debac2627", "asset_id": "8636272079981793301557198309297943148530912074503036159938727698085195103125", "timestamp": "1769384001479", "hash": "e232704095559858e4b748f816e87f1db9b08fb6", "bids": [{"price": "0.01", "size": "85887.94"}, {"price": "0.02", "size": "44697.33"}, {"price": "0.05", "size": "500"}, {"price": "0.08", "size": "300"}, {"price": "0.78", "size": "80"}, {"price": "0.79", "size": "184"}, {"price": "0.8", "size": "111"}, {"price": "0.83", "size": "2619"}, {"price": "0.84", "size": "8166.11"}, {"price": "0.85", "size": "6113.11"}, {"price": "0.86", "size": "2736.76"}], "asks": [{"price": "0.99", "size": "44093.83"}, {"price": "0.98", "size": "43997.33"}, {"price": "0.9", "size": "10562.11"}, {"price": "0.89", "size": "10238.11"}, {"price": "0.88", "size": "5703.67"}, {"price": "0.87", "size": "7.5"}], "event_type": "book", "last_trade_price": "0.860"}, {"market": "0xfcef865b5029310e23098b7052cf0c9f1a74e25c2ffc467b1762dba454d84d44", "asset_id": "73530143346776618068966941239072932088771296017010889161448179656872426721888", "timestamp": "1769383991943", "hash": "828241de0fd41de887acc11bb5e6f42b7f7a8e5c", "bids": [{"price": "0.01", "size": "85892.94"}, {"price": "0.02", "size": "700"}, {"price": "0.05", "size": "500"}, {"price": "0.08", "size": "300"}, {"price": "0.52", "size": "100"}, {"price": "0.53", "size": "405"}, {"price": "0.54", "size": "181"}, {"price": "0.55", "size": "7918.11"}, {"price": "0.56", "size": "10286.82"}, {"price": "0.57", "size": "2969.26"}], "asks": [{"price": "0.99", "size": "85887.94"}, {"price": "0.98", "size": "700"}, {"price": "0.95", "size": "500"}, {"price": "0.92", "size": "300"}, {"price": "0.63", "size": "100"}, {"price": "0.62", "size": "2471"}, {"price": "0.61", "size": "7960.11"}, {"price": "0.6", "size": "6109.11"}, {"price": "0.59", "size": "3578.54"}], "event_type": "book", "last_trade_price": "0.400"}, {"market": "0x3b51467dceaf8571eb9e4cc006b1be943611133e44d9585c91cbc47debac2627", "asset_id": "64665882400122406967045532440319085096613133609156314785403503793450026783030", "timestamp": "1769384001479", "hash": "3158fe20e05b6cc0bcbd7a43a0ddde0b6ffddbbb", "bids": [{"price": "0.01", "size": "44093.83"}, {"price": "0.02", "size": "43997.33"}, {"price": "0.1", "size": "10562.11"}, {"price": "0.11", "size": "10238.11"}, {"price": "0.12", "size": "5703.67"}, {"price": "0.13", "size": "7.5"}], "asks": [{"price": "0.99", "size": "85887.94"}, {"price": "0.98", "size": "44697.33"}, {"price": "0.95", "size": "500"}, {"price": "0.92", "size": "300"}, {"price": "0.22", "size": "80"}, {"price": "0.21", "size": "184"}, {"price": "0.2", "size": "111"}, {"price": "0.17", "size": "2619"}, {"price": "0.16", "size": "8166.11"}, {"price": "0.15", "size": "6113.11"}, {"price": "0.14", "size": "2736.76"}], "event_type": "book", "last_trade_price": "0.860"}, {"market": "0xfcef865b5029310e23098b7052cf0c9f1a74e25c2ffc467b1762dba454d84d44", "asset_id": "42135961816408133329427741739270935785240852940501743547559002335790549112042", "timestamp": "1769383991943", "hash": "790936edd871cda8db36709531f8f4af0ef6e5af", "bids": [{"price": "0.01", "size": "85887.94"}, {"price": "0.02", "size": "700"}, {"price": "0.05", "size": "500"}, {"price": "0.08", "size": "300"}, {"price": "0.37", "size": "100"}, {"price": "0.38", "size": "2471"}, {"price": "0.39", "size": "7960.11"}, {"price": "0.4", "size": "6109.11"}, {"price": "0.41", "size": "3578.54"}], "asks": [{"price": "0.99", "size": "85892.94"}, {"price": "0.98", "size": "700"}, {"price": "0.95", "size": "500"}, {"price": "0.92", "size": "300"}, {"price": "0.48", "size": "100"}, {"price": "0.47", "size": "405"}, {"price": "0.46", "size": "181"}, {"price": "0.45", "size": "7918.11"}, {"price": "0.44", "size": "10286.82"}, {"price": "0.43", "size": "2969.26"}], "event_type": "book", "last_trade_price": "0.400"}, {"market": "0x30b64a0a264971acb5a878da76e591d4eba46ec94ccf29a3efb4d2275de9879b", "asset_id": "94578379189492106683804466806128880108833141790850950184532667808133837881210", "timestamp": "1769383985295", "hash": "a3912ecdacc25247ffd2b71e199bbdb00b6b6bf8", "bids": [{"price": "0.01", "size": "91887.05"}, {"price": "0.02", "size": "700"}, {"price": "0.05", "size": "500"}, {"price": "0.08", "size": "300"}, {"price": "0.86", "size": "194"}, {"price": "0.87", "size": "106"}, {"price": "0.88", "size": "103"}, {"price": "0.89", "size": "5.47"}, {"price": "0.94", "size": "2945.28"}, {"price": "0.95", "size": "2884.21"}], "asks": [{"price": "0.99", "size": "6095.61"}, {"price": "0.98", "size": "346"}, {"price": "0.97", "size": "3121"}, {"price": "0.96", "size": "3244.31"}], "event_type": "book", "last_trade_price": "0.050"}, {"market": "0xb3e540bed7f05b65dd8ec650207678de22e2ccb3c65f5e6ae3ccefded4361b3c", "asset_id": "13809874271869862836605807588683128507943887680683234293697314933242421192771", "timestamp": "1769384011558", "hash": "9f789636b6248719bb1bc36f11eae21f50d8074a", "bids": [{"price": "0.01", "size": "896.5"}, {"price": "0.02", "size": "700"}, {"price": "0.26", "size": "2336"}, {"price": "0.27", "size": "2281"}, {"price": "0.28", "size": "1945"}, {"price": "0.29", "size": "2710.34"}, {"price": "0.3", "size": "163"}], "asks": [{"price": "0.99", "size": "891.5"}, {"price": "0.98", "size": "700"}, {"price": "0.95", "size": "500"}, {"price": "0.92", "size": "300"}, {"price": "0.37", "size": "100"}, {"price": "0.35", "size": "2226"}, {"price": "0.34", "size": "2366"}, {"price": "0.33", "size": "111"}, {"price": "0.32", "size": "516"}, {"price": "0.31", "size": "2415.05"}], "event_type": "book", "last_trade_price": "0.690"}, {"market": "0x5cd62df873dd5f7195c4bdacf30f17b44f0862f0b1914e9cc97dd009b8f47d46", "asset_id": "38277422968297124567044863236010446869930474064669700603324708469098709719609", "timestamp": "1769383993847", "hash": "b4071be34267e2e50a00fd720c21e0760e4edd3d", "bids": [{"price": "0.01", "size": "891.5"}, {"price": "0.02", "size": "700"}, {"price": "0.05", "size": "500"}, {"price": "0.08", "size": "300"}, {"price": "0.71", "size": "100"}, {"price": "0.72", "size": "200"}, {"price": "0.74", "size": "3629"}, {"price": "0.75", "size": "4282"}, {"price": "0.77", "size": "3071.79"}], "asks": [{"price": "0.99", "size": "896.5"}, {"price": "0.83", "size": "4245"}, {"price": "0.82", "size": "2882"}, {"price": "0.81", "size": "2883"}, {"price": "0.8", "size": "6332"}, {"price": "0.79", "size": "3149.71"}, {"price": "0.78", "size": "2485.16"}], "event_type": "book", "last_trade_price": "0.220"}]}
{"_local_timestamp": "2026-01-25T23:33:54.952346+00:00", "data": {"market": "0x5cd62df873dd5f7195c4bdacf30f17b44f0862f0b1914e9cc97dd009b8f47d46", "price_changes": [{"asset_id": "81620006274912860786542136552485067786112215576828621363441123223528903532039", "price": "0.21", "size": "3349.71", "side": "BUY", "hash": "c876431d34e34803a2c56677b4609f622a77c23a", "best_bid": "0.22", "best_ask": "0.23"}, {"asset_id": "38277422968297124567044863236010446869930474064669700603324708469098709719609", "price": "0.79", "size": "3349.71", "side": "SELL", "hash": "fa262f883e450e80493ff1237000b7cecdc238a7", "best_bid": "0.77", "best_ask": "0.78"}], "timestamp": "1769384034873", "event_type": "price_change"}}
{"_local_timestamp": "2026-01-25T23:33:54.954203+00:00", "data": {"market": "0x5cd62df873dd5f7195c4bdacf30f17b44f0862f0b1914e9cc97dd009b8f47d46", "price_changes": [{"asset_id": "38277422968297124567044863236010446869930474064669700603324708469098709719609", "price": "0.72", "size": "400", "side": "BUY", "hash": "10a93022dd6f739a7643825fa736c5b6efb047f2", "best_bid": "0.77", "best_ask": "0.78"}, {"asset_id": "81620006274912860786542136552485067786112215576828621363441123223528903532039", "price": "0.28", "size": "400", "side": "SELL", "hash": "ed8590e7334dff8e9e27722751793d3ce207bde5", "best_bid": "0.22", "best_ask": "0.23"}], "timestamp": "1769384034884", "event_type": "price_change"}}
{"_local_timestamp": "2026-01-25T23:33:55.080133+00:00", "data": {"market": "0x5cd62df873dd5f7195c4bdacf30f17b44f0862f0b1914e9cc97dd009b8f47d46", "price_changes": [{"asset_id": "38277422968297124567044863236010446869930474064669700603324708469098709719609", "price": "0.72", "size": "200", "side": "BUY", "hash": "920bca1cd1d941cba725ddf0ee65488d720c9f84", "best_bid": "0.77", "best_ask": "0.78"}, {"asset_id": "81620006274912860786542136552485067786112215576828621363441123223528903532039", "price": "0.28", "size": "200", "side": "SELL", "hash": "065357dcd6979cc1e17a24ecdec9e7a7790e5ae5", "best_bid": "0.22", "best_ask": "0.23"}], "timestamp": "1769384035000", "event_type": "price_change"}}
{"_local_timestamp": "2026-01-25T23:33:55.091033+00:00", "data": {"market": "0x5cd62df873dd5f7195c4bdacf30f17b44f0862f0b1914e9cc97dd009b8f47d46", "price_changes": [{"asset_id": "81620006274912860786542136552485067786112215576828621363441123223528903532039", "price": "0.21", "size": "3149.71", "side": "BUY", "hash": "11e18ba96fe1507e4aa25112ef690441ad3ec098", "best_bid": "0.22", "best_ask": "0.23"}, {"asset_id": "38277422968297124567044863236010446869930474064669700603324708469098709719609", "price": "0.79", "size": "3149.71", "side": "SELL", "hash": "97a011a46c3fbd3020d042582f7ac50fd8a02719", "best_bid": "0.77", "best_ask": "0.78"}], "timestamp": "1769384035001", "event_type": "price_change"}}
{"_local_timestamp": "2026-01-25T23:34:01.978077+00:00", "data": {"market": "0xb3e540bed7f05b65dd8ec650207678de22e2ccb3c65f5e6ae3ccefded4361b3c", "price_changes": [{"asset_id": "21676301344285277057798674879566896208374169873577374251409485879776909883018", "price": "0.69", "size": "2395.05", "side": "BUY", "hash": "17639613e903acf187063afc9176368cc2a48e29", "best_bid": "0.69", "best_ask": "0.7"}, {"asset_id": "13809874271869862836605807588683128507943887680683234293697314933242421192771", "price": "0.31", "size": "2395.05", "side": "SELL", "hash": "46f8fc3fbf651f6a570a2c0641d0f1b017d4d591", "best_bid": "0.3", "best_ask": "0.31"}], "timestamp": "1769384041909", "event_type": "price_change"}}
{"_local_timestamp": "2026-01-25T23:34:01.978878+00:00", "data": {"market": "0xb3e540bed7f05b65dd8ec650207678de22e2ccb3c65f5e6ae3ccefded4361b3c", "asset_id": "13809874271869862836605807588683128507943887680683234293697314933242421192771", "bids": [{"price": "0.01", "size": "896.5"}, {"price": "0.02", "size": "700"}, {"price": "0.26", "size": "2336"}, {"price": "0.27", "size": "2281"}, {"price": "0.28", "size": "1945"}, {"price": "0.29", "size": "2710.34"}, {"price": "0.3", "size": "163"}], "asks": [{"price": "0.99", "size": "891.5"}, {"price": "0.98", "size": "700"}, {"price": "0.95", "size": "500"}, {"price": "0.92", "size": "300"}, {"price": "0.37", "size": "100"}, {"price": "0.35", "size": "2226"}, {"price": "0.34", "size": "2366"}, {"price": "0.33", "size": "111"}, {"price": "0.32", "size": "516"}, {"price": "0.31", "size": "2395.05"}], "hash": "46f8fc3fbf651f6a570a2c0641d0f1b017d4d591", "timestamp": "1769384041909", "event_type": "book"}}
{"_local_timestamp": "2026-01-25T23:34:01.984603+00:00", "data": {"market": "0xb3e540bed7f05b65dd8ec650207678de22e2ccb3c65f5e6ae3ccefded4361b3c", "asset_id": "21676301344285277057798674879566896208374169873577374251409485879776909883018", "bids": [{"price": "0.01", "size": "891.5"}, {"price": "0.02", "size": "700"}, {"price": "0.05", "size": "500"}, {"price": "0.08", "size": "300"}, {"price": "0.63", "size": "100"}, {"price": "0.65", "size": "2226"}, {"price": "0.66", "size": "2366"}, {"price": "0.67", "size": "111"}, {"price": "0.68", "size": "516"}, {"price": "0.69", "size": "2395.05"}], "asks": [{"price": "0.99", "size": "896.5"}, {"price": "0.98", "size": "700"}, {"price": "0.74", "size": "2336"}, {"price": "0.73", "size": "2281"}, {"price": "0.72", "size": "1945"}, {"price": "0.71", "size": "2710.34"}, {"price": "0.7", "size": "163"}], "hash": "17639613e903acf187063afc9176368cc2a48e29", "timestamp": "1769384041909", "event_type": "book"}}
{"_local_timestamp": "2026-01-25T23:34:02.006679+00:00", "data": {"market": "0xb3e540bed7f05b65dd8ec650207678de22e2ccb3c65f5e6ae3ccefded4361b3c", "asset_id": "13809874271869862836605807588683128507943887680683234293697314933242421192771", "price": "0.31", "size": "20", "fee_rate_bps": "0", "side": "BUY", "timestamp": "1769384041936", "event_type": "last_trade_price", "transaction_hash": "0x2a3f12f9070304cd8a126070489c356ee57707185b812cdc613fd0168d2595b0"}}
{"_local_timestamp": "2026-01-25T23:34:05.286067+00:00", "data": {"market": "0xfcef865b5029310e23098b7052cf0c9f1a74e25c2ffc467b1762dba454d84d44", "price_changes": [{"asset_id": "42135961816408133329427741739270935785240852940501743547559002335790549112042", "price": "0.41", "size": "3458.54", "side": "BUY", "hash": "a54a52138be55117c0c59f0dc45e33b44fc0fbcf", "best_bid": "0.41", "best_ask": "0.43"}, {"asset_id": "73530143346776618068966941239072932088771296017010889161448179656872426721888", "price": "0.59", "size": "3458.54", "side": "SELL", "hash": "48b1dd158e7e1d200d8224ebf45e85f85ad65b21", "best_bid": "0.57", "best_ask": "0.59"}], "timestamp": "1769384045001", "event_type": "price_change"}}
{"_local_timestamp": "2026-01-25T23:34:08.298234+00:00", "data": {"market": "0x5cd62df873dd5f7195c4bdacf30f17b44f0862f0b1914e9cc97dd009b8f47d46", "price_changes": [{"asset_id": "38277422968297124567044863236010446869930474064669700603324708469098709719609", "price": "0.01", "size": "25890.61", "side": "BUY", "hash": "6dfff21a494c150963af93876b909d5c6834f5b8", "best_bid": "0.77", "best_ask": "0.78"}, {"asset_id": "81620006274912860786542136552485067786112215576828621363441123223528903532039", "price": "0.99", "size": "25890.61", "side": "SELL", "hash": "3fab181b74171ebc5b0945d3b1b18287c6ce6f66", "best_bid": "0.22", "best_ask": "0.23"}], "timestamp": "1769384048029", "event_type": "price_change"}}
{"_local_timestamp": "2026-01-25T23:34:08.298838+00:00", "data": {"market": "0x5cd62df873dd5f7195c4bdacf30f17b44f0862f0b1914e9cc97dd009b8f47d46", "price_changes": [{"asset_id": "38277422968297124567044863236010446869930474064669700603324708469098709719609", "price": "0.01", "size": "38889.72", "side": "BUY", "hash": "37c8e9b18b5282727d47bfa5ea1f050832cdfac1", "best_bid": "0.77", "best_ask": "0.78"}, {"asset_id": "81620006274912860786542136552485067786112215576828621363441123223528903532039", "price": "0.99", "size": "38889.72", "side": "SELL", "hash": "4dc4e3c2a20f6cb584131bf9ff24d3707b1eb307", "best_bid": "0.22", "best_ask": "0.23"}], "timestamp": "1769384048030", "event_type": "price_change"}}
{"_local_timestamp": "2026-01-25T23:34:08.299811+00:00", "data": {"market": "0x5cd62df873dd5f7195c4bdacf30f17b44f0862f0b1914e9cc97dd009b8f47d46", "price_changes": [{"asset_id": "38277422968297124567044863236010446869930474064669700603324708469098709719609", "price": "0.01", "size": "79888.83", "side": "BUY", "hash": "18382986c5f659a5538f3120af0c85fe187af2fc", "best_bid": "0.77", "best_ask": "0.78"}, {"asset_id": "81620006274912860786542136552485067786112215576828621363441123223528903532039", "price": "0.99", "size": "79888.83", "side": "SELL", "hash": "4c79badd273444d5555d4646f6ff4fec71b54def", "best_bid": "0.22", "best_ask": "0.23"}], "timestamp": "1769384048030", "event_type": "price_change"}}
{"_local_timestamp": "2026-01-25T23:34:08.301829+00:00", "data": {"market": "0x5cd62df873dd5f7195c4bdacf30f17b44f0862f0b1914e9cc97dd009b8f47d46", "price_changes": [{"asset_id": "81620006274912860786542136552485067786112215576828621363441123223528903532039", "price": "0.19", "size": "8882.11", "side": "BUY", "hash": "fe37f5160a6e9880b4b40e80abd6fd4739fa1f74", "best_bid": "0.22", "best_ask": "0.23"}, {"asset_id": "38277422968297124567044863236010446869930474064669700603324708469098709719609", "price": "0.81", "size": "8882.11", "side": "SELL", "hash": "606460118003ff266ef35ec38566313c88649a2d", "best_bid": "0.77", "best_ask": "0.78"}], "timestamp": "1769384048031", "event_type": "price_change"}}
{"_local_timestamp": "2026-01-25T23:34:08.302823+00:00", "data": {"market": "0x5cd62df873dd5f7195c4bdacf30f17b44f0862f0b1914e9cc97dd009b8f47d46", "price_changes": [{"asset_id": "38277422968297124567044863236010446869930474064669700603324708469098709719609", "price": "0.75", "size": "10281.11", "side": "BUY", "hash": "328011aad81beb6254936f47bda35043bcfc5269", "best_bid": "0.77", "best_ask": "0.78"}, {"asset_id": "81620006274912860786542136552485067786112215576828621363441123223528903532039", "price": "0.25", "size": "10281.11", "side": "SELL", "hash": "47c34d6ee1a47000d4a3af246f88d197e651df52", "best_bid": "0.22", "best_ask": "0.23"}], "timestamp": "1769384048032", "event_type": "price_change"}}
{"_local_timestamp": "2026-01-25T23:34:08.303787+00:00", "data": {"market": "0x5cd62df873dd5f7195c4bdacf30f17b44f0862f0b1914e9cc97dd009b8f47d46", "price_changes": [{"asset_id": "38277422968297124567044863236010446869930474064669700603324708469098709719609", "price": "0.76", "size": "5999.11", "side": "BUY", "hash": "175dd7fe05faf6f16e02811b38269731851d56af", "best_bid": "0.77", "best_ask": "0.78"}, {"asset_id": "81620006274912860786542136552485067786112215576828621363441123223528903532039", "price": "0.24", "size": "5999.11", "side": "SELL", "hash": "1cfd97a882fd6663f8cb8ee37f6915483c6ccce4", "best_bid": "0.22", "best_ask": "0.23"}], "timestamp": "1769384048032", "event_type": "price_change"}}
{"_local_timestamp": "2026-01-25T23:34:08.305371+00:00", "data": {"market": "0x5cd62df873dd5f7195c4bdacf30f17b44f0862f0b1914e9cc97dd009b8f47d46", "price_changes": [{"asset_id": "38277422968297124567044863236010446869930474064669700603324708469098709719609", "price": "0.01", "size": "85887.94", "side": "BUY", "hash": "3a99852a927b6758d8792f51bd70d947b1340bfb", "best_bid": "0.77", "best_ask": "0.78"}, {"asset_id": "81620006274912860786542136552485067786112215576828621363441123223528903532039", "price": "0.99", "size": "85887.94", "side": "SELL", "hash": "f7f0ee52c767817e1378f61b651197743bd3fcdd", "best_bid": "0.22", "best_ask": "0.23"}], "timestamp": "1769384048033", "event_type": "price_change"}}
{"_local_timestamp": "2026-01-25T23:34:08.305788+00:00", "data": {"market": "0x5cd62df873dd5f7195c4bdacf30f17b44f0862f0b1914e9cc97dd009b8f47d46", "price_changes": [{"asset_id": "81620006274912860786542136552485067786112215576828621363441123223528903532039", "price": "0.18", "size": "8881.11", "side": "BUY", "hash": "4a0c46bafb4b74fa110a954fa44bc5aecd6019ff", "best_bid": "0.22", "best_ask": "0.23"}, {"asset_id": "38277422968297124567044863236010446869930474064669700603324708469098709719609", "price": "0.82", "size": "8881.11", "side": "SELL", "hash": "f5d166dbe73f6ca25894a82642925651cd80f6f5", "best_bid": "0.77", "best_ask": "0.78"}], "timestamp": "1769384048034", "event_type": "price_change"}}
{"_local_timestamp": "2026-01-25T23:34:08.306216+00:00", "data": {"market": "0x5cd62df873dd5f7195c4bdacf30f17b44f0862f0b1914e9cc97dd009b8f47d46", "price_changes": [{"asset_id": "81620006274912860786542136552485067786112215576828621363441123223528903532039", "price": "0.01", "size": "13895.61", "side": "BUY", "hash": "e3386b68cf77c619f536c78666d1d5bbfbcaf6d9", "best_bid": "0.22", "best_ask": "0.23"}, {"asset_id": "38277422968297124567044863236010446869930474064669700603324708469098709719609", "price": "0.99", "size": "13895.61", "side": "SELL", "hash": "2be585eee71e1f3111d8db5b7dec90b713d48304", "best_bid": "0.77", "best_ask": "0.78"}], "timestamp": "1769384048035", "event_type": "price_change"}}
{"_local_timestamp": "2026-01-25T23:34:08.306620+00:00", "data": {"market": "0x5cd62df873dd5f7195c4bdacf30f17b44f0862f0b1914e9cc97dd009b8f47d46", "price_changes": [{"asset_id": "81620006274912860786542136552485067786112215576828621363441123223528903532039", "price": "0.01", "size": "54894.72", "side": "BUY", "hash": "bcdb014eb4810acb107c3de31843f7cd2fd15f5f", "best_bid": "0.22", "best_ask": "0.23"}, {"asset_id": "38277422968297124567044863236010446869930474064669700603324708469098709719609", "price": "0.99", "size": "54894.72", "side": "SELL", "hash": "86e101d43d1e1e05e0e7d5ccdada7b94ce99474c", "best_bid": "0.77", "best_ask": "0.78"}], "timestamp": "1769384048035", "event_type": "price_change"}}
{"_local_timestamp": "2026-01-25T23:34:08.601098+00:00", "data": {"market": "0x5cd62df873dd5f7195c4bdacf30f17b44f0862f0b1914e9cc97dd009b8f47d46", "price_changes": [{"asset_id": "81620006274912860786542136552485067786112215576828621363441123223528903532039", "price": "0.01", "size": "79893.83", "side": "BUY", "hash": "0cc7ddb7b94aa3c0d3c83bd504a0a14f21778332", "best_bid": "0.22", "best_ask": "0.23"}, {"asset_id": "38277422968297124567044863236010446869930474064669700603324708469098709719609", "price": "0.99", "size": "79893.83", "side": "SELL", "hash": "af147940505f71625f2c3a8ec57d6930af92bcd7", "best_bid": "0.77", "best_ask": "0.78"}], "timestamp": "1769384048036", "event_type": "price_change"}}
{"_local_timestamp": "2026-01-25T23:34:08.604416+00:00", "data": {"market": "0x5cd62df873dd5f7195c4bdacf30f17b44f0862f0b1914e9cc97dd009b8f47d46", "price_changes": [{"asset_id": "81620006274912860786542136552485067786112215576828621363441123223528903532039", "price": "0.01", "size": "85892.94", "side": "BUY", "hash": "9ffe4764c70457d92a2114293c629b309921119a", "best_bid": "0.22", "best_ask": "0.23"}, {"asset_id": "38277422968297124567044863236010446869930474064669700603324708469098709719609", "price": "0.99", "size": "85892.94", "side": "SELL", "hash": "f6c64ededc246abda7700f414021a632ea4ecbf9", "best_bid": "0.77", "best_ask": "0.78"}], "timestamp": "1769384048037", "event_type": "price_change"}}
{"_local_timestamp": "2026-01-25T23:34:08.605574+00:00", "data": {"market": "0x5cd62df873dd5f7195c4bdacf30f17b44f0862f0b1914e9cc97dd009b8f47d46", "price_changes": [{"asset_id": "81620006274912860786542136552485067786112215576828621363441123223528903532039", "price": "0.22", "size": "0", "side": "BUY", "hash": "180d5f91aa3a936c5cfe50c96cabc3355eeead4b", "best_bid": "0.21", "best_ask": "0.23"}, {"asset_id": "38277422968297124567044863236010446869930474064669700603324708469098709719609", "price": "0.78", "size": "0", "side": "SELL", "hash": "7e88e561287469e4cc8cdeafc9d2d6d5f04eda4b", "best_bid": "0.77", "best_ask": "0.79"}], "timestamp": "1769384048137", "event_type": "price_change"}}
{"_local_timestamp": "2026-01-25T23:34:10.894266+00:00", "data": {"market": "0x3b51467dceaf8571eb9e4cc006b1be943611133e44d9585c91cbc47debac2627", "price_changes": [{"asset_id": "64665882400122406967045532440319085096613133609156314785403503793450026783030", "price": "0.12", "size": "2961.67", "side": "BUY", "hash": "092cc28e1f31ca7ed86c4c737f0f50ed0c3ae54d", "best_bid": "0.13", "best_ask": "0.14"}, {"asset_id": "8636272079981793301557198309297943148530912074503036159938727698085195103125", "price": "0.88", "size": "2961.67", "side": "SELL", "hash": "9c317115b9e0e0ad4fcd51368d13b892d713caff", "best_bid": "0.86", "best_ask": "0.87"}], "timestamp": "1769384050696", "event_type": "price_change"}}
{"_local_timestamp": "2026-01-25T23:34:10.894888+00:00", "data": {"market": "0x5cd62df873dd5f7195c4bdacf30f17b44f0862f0b1914e9cc97dd009b8f47d46", "price_changes": [{"asset_id": "38277422968297124567044863236010446869930474064669700603324708469098709719609", "price": "0.76", "size": "8445.11", "side": "BUY", "hash": "2d00c770a59fdd62e7f3a20ba360362d7a7d4eb0", "best_bid": "0.77", "best_ask": "0.79"}, {"asset_id": "81620006274912860786542136552485067786112215576828621363441123223528903532039", "price": "0.24", "size": "8445.11", "side": "SELL", "hash": "795343e03fa3223a843050666125d508e68c0087", "best_bid": "0.21", "best_ask": "0.23"}], "timestamp": "1769384050696", "event_type": "price_change"}}
{"_local_timestamp": "2026-01-25T23:34:10.896978+00:00", "data": {"market": "0xb3e540bed7f05b65dd8ec650207678de22e2ccb3c65f5e6ae3ccefded4361b3c", "price_changes": [{"asset_id": "21676301344285277057798674879566896208374169873577374251409485879776909883018", "price": "0.67", "size": "1580", "side": "BUY", "hash": "ad3016e5c1413cfdf1ac26cbcc84e53bf0ec1656", "best_bid": "0.69", "best_ask": "0.7"}, {"asset_id": "13809874271869862836605807588683128507943887680683234293697314933242421192771", "price": "0.33", "size": "1580", "side": "SELL", "hash": "e480dbd3821a3e94f31f86928e40e472828708c2", "best_bid": "0.3", "best_ask": "0.31"}], "timestamp": "1769384050699", "event_type": "price_change"}}
{"_local_timestamp": "2026-01-25T23:34:10.978578+00:00", "data": {"market": "0x3b51467dceaf8571eb9e4cc006b1be943611133e44d9585c91cbc47debac2627", "price_changes": [{"asset_id": "8636272079981793301557198309297943148530912074503036159938727698085195103125", "price": "0.02", "size": "700", "side": "BUY", "hash": "8e2c107ed6471830065594b11ef3b22584cd6ec2", "best_bid": "0.86", "best_ask": "0.87"}, {"asset_id": "64665882400122406967045532440319085096613133609156314785403503793450026783030", "price": "0.98", "size": "700", "side": "SELL", "hash": "63c01b8d225718960e507be7ef791226e6e8f481", "best_bid": "0.13", "best_ask": "0.14"}], "timestamp": "1769384050775", "event_type": "price_change"}}
{"_local_timestamp": "2026-01-25T23:34:10.979020+00:00", "data": {"market": "0x3b51467dceaf8571eb9e4cc006b1be943611133e44d9585c91cbc47debac2627", "price_changes": [{"asset_id": "64665882400122406967045532440319085096613133609156314785403503793450026783030", "price": "0.02", "size": "0", "side": "BUY", "hash": "7ed5aea15df4e1b7bfc5695828e4a5abf25247f0", "best_bid": "0.13", "best_ask": "0.14"}, {"asset_id": "8636272079981793301557198309297943148530912074503036159938727698085195103125", "price": "0.98", "size": "0", "side": "SELL", "hash": "ae827a61a306eacb40294fd80c58c826e5727b96", "best_bid": "0.86", "best_ask": "0.87"}], "timestamp": "1769384050776", "event_type": "price_change"}}
{"_local_timestamp": "2026-01-25T23:34:11.241320+00:00", "data": {"market": "0xfcef865b5029310e23098b7052cf0c9f1a74e25c2ffc467b1762dba454d84d44", "price_changes": [{"asset_id": "42135961816408133329427741739270935785240852940501743547559002335790549112042", "price": "0.38", "size": "2126", "side": "BUY", "hash": "0267f084d81f3dc9036745f6391edd18e68eeba3", "best_bid": "0.41", "best_ask": "0.43"}, {"asset_id": "73530143346776618068966941239072932088771296017010889161448179656872426721888", "price": "0.62", "size": "2126", "side": "SELL", "hash": "1f5985c5797d39bf056a4206e7994e98bdb6d41a", "best_bid": "0.57", "best_ask": "0.59"}], "timestamp": "1769384051045", "event_type": "price_change"}}
{"_local_timestamp": "2026-01-25T23:34:11.471713+00:00", "data": {"market": "0xfcef865b5029310e23098b7052cf0c9f1a74e25c2ffc467b1762dba454d84d44", "price_changes": [{"asset_id": "42135961816408133329427741739270935785240852940501743547559002335790549112042", "price": "0.39", "size": "8297.11", "side": "BUY", "hash": "5e82d0d55c10f796c2d407bdc4beda8722578acb", "best_bid": "0.41", "best_ask": "0.43"}, {"asset_id": "73530143346776618068966941239072932088771296017010889161448179656872426721888", "price": "0.61", "size": "8297.11", "side": "SELL", "hash": "bb523aacf6d8f159cc0d34da18c67c5fa530b72c", "best_bid": "0.57", "best_ask": "0.59"}], "timestamp": "1769384051267", "event_type": "price_change"}}
{"_local_timestamp": "2026-01-25T23:34:12.105217+00:00", "data": {"market": "0x5cd62df873dd5f7195c4bdacf30f17b44f0862f0b1914e9cc97dd009b8f47d46", "price_changes": [{"asset_id": "81620006274912860786542136552485067786112215576828621363441123223528903532039", "price": "0.2", "size": "5394", "side": "BUY", "hash": "9847c808663db1e573972d75bfef66b683685b04", "best_bid": "0.21", "best_ask": "0.23"}, {"asset_id": "38277422968297124567044863236010446869930474064669700603324708469098709719609", "price": "0.8", "size": "5394", "side": "SELL", "hash": "aad1aa8fd8390642128f87df3a3254f980008112", "best_bid": "0.77", "best_ask": "0.79"}], "timestamp": "1769384051896", "event_type": "price_change"}}
{"_local_timestamp": "2026-01-25T23:34:12.241114+00:00", "data": {"market": "0x5cd62df873dd5f7195c4bdacf30f17b44f0862f0b1914e9cc97dd009b8f47d46", "price_changes": [{"asset_id": "81620006274912860786542136552485067786112215576828621363441123223528903532039", "price": "0.19", "size": "9671.11", "side": "BUY", "hash": "9fc41e1e98e81aabdc307275bec25ba38645a105", "best_bid": "0.21", "best_ask": "0.23"}, {"asset_id": "38277422968297124567044863236010446869930474064669700603324708469098709719609", "price": "0.81", "size": "9671.11", "side": "SELL", "hash": "f4451eede10d587424316aa583c1fc3b91ea556e", "best_bid": "0.77", "best_ask": "0.79"}], "timestamp": "1769384052028", "event_type": "price_change"}}
{"_local_timestamp": "2026-01-25T23:34:12.273716+00:00", "data": {"market": "0x5cd62df873dd5f7195c4bdacf30f17b44f0862f0b1914e9cc97dd009b8f47d46", "price_changes": [{"asset_id": "81620006274912860786542136552485067786112215576828621363441123223528903532039", "price": "0.21", "size": "2949.71", "side": "BUY", "hash": "8f117d59792f599208c426c4aadae69a0185857a", "best_bid": "0.21", "best_ask": "0.23"}, {"asset_id": "38277422968297124567044863236010446869930474064669700603324708469098709719609", "price": "0.79", "size": "2949.71", "side": "SELL", "hash": "8021b08546baa896a827d7dc02a93aebd9d4c1bf", "best_bid": "0.77", "best_ask": "0.79"}], "timestamp": "1769384052069", "event_type": "price_change"}}
{"_local_timestamp": "2026-01-25T23:34:14.597132+00:00", "data": {"market": "0xfcef865b5029310e23098b7052cf0c9f1a74e25c2ffc467b1762dba454d84d44", "price_changes": [{"asset_id": "42135961816408133329427741739270935785240852940501743547559002335790549112042", "price": "0.41", "size": "3578.54", "side": "BUY", "hash": "6a39bf045ff10a14677a074d4cd43f77859f749c", "best_bid": "0.41", "best_ask": "0.43"}, {"asset_id": "73530143346776618068966941239072932088771296017010889161448179656872426721888", "price": "0.59", "size": "3578.54", "side": "SELL", "hash": "0790d67a7b783c3b00254d8a4dd1f3c43e2984eb", "best_bid": "0.57", "best_ask": "0.59"}], "timestamp": "1769384054358", "event_type": "price_change"}}
{"_local_timestamp": "2026-01-25T23:34:33.345244+00:00", "data": {"market": "0xb3e540bed7f05b65dd8ec650207678de22e2ccb3c65f5e6ae3ccefded4361b3c", "price_changes": [{"asset_id": "21676301344285277057798674879566896208374169873577374251409485879776909883018", "price": "0.69", "size": "2375.05", "side": "BUY", "hash": "84a10487d235bb286a7a403a663419d570bc8bbf", "best_bid": "0.69", "best_ask": "0.7"}, {"asset_id": "13809874271869862836605807588683128507943887680683234293697314933242421192771", "price": "0.31", "size": "2375.05", "side": "SELL", "hash": "926dd9fc4e21f29d85bb4449676b4cfa8f5595df", "best_bid": "0.3", "best_ask": "0.31"}], "timestamp": "1769384073075", "event_type": "price_change"}}
{"_local_timestamp": "2026-01-25T23:34:33.347347+00:00", "data": {"market": "0xb3e540bed7f05b65dd8ec650207678de22e2ccb3c65f5e6ae3ccefded4361b3c", "asset_id": "13809874271869862836605807588683128507943887680683234293697314933242421192771", "bids": [{"price": "0.01", "size": "896.5"}, {"price": "0.02", "size": "700"}, {"price": "0.26", "size": "2336"}, {"price": "0.27", "size": "2281"}, {"price": "0.28", "size": "1945"}, {"price": "0.29", "size": "2710.34"}, {"price": "0.3", "size": "163"}], "asks": [{"price": "0.99", "size": "891.5"}, {"price": "0.98", "size": "700"}, {"price": "0.95", "size": "500"}, {"price": "0.92", "size": "300"}, {"price": "0.37", "size": "100"}, {"price": "0.35", "size": "2226"}, {"price": "0.34", "size": "2366"}, {"price": "0.33", "size": "1580"}, {"price": "0.32", "size": "516"}, {"price": "0.31", "size": "2375.05"}], "hash": "926dd9fc4e21f29d85bb4449676b4cfa8f5595df", "timestamp": "1769384073075", "event_type": "book"}}
{"_local_timestamp": "2026-01-25T23:34:33.347841+00:00", "data": {"market": "0xb3e540bed7f05b65dd8ec650207678de22e2ccb3c65f5e6ae3ccefded4361b3c", "asset_id": "21676301344285277057798674879566896208374169873577374251409485879776909883018", "bids": [{"price": "0.01", "size": "891.5"}, {"price": "0.02", "size": "700"}, {"price": "0.05", "size": "500"}, {"price": "0.08", "size": "300"}, {"price": "0.63", "size": "100"}, {"price": "0.65", "size": "2226"}, {"price": "0.66", "size": "2366"}, {"price": "0.67", "size": "1580"}, {"price": "0.68", "size": "516"}, {"price": "0.69", "size": "2375.05"}], "asks": [{"price": "0.99", "size": "896.5"}, {"price": "0.98", "size": "700"}, {"price": "0.74", "size": "2336"}, {"price": "0.73", "size": "2281"}, {"price": "0.72", "size": "1945"}, {"price": "0.71", "size": "2710.34"}, {"price": "0.7", "size": "163"}], "hash": "84a10487d235bb286a7a403a663419d570bc8bbf", "timestamp": "1769384073075", "event_type": "book"}}
{"_local_timestamp": "2026-01-25T23:34:33.368586+00:00", "data": {"market": "0xb3e540bed7f05b65dd8ec650207678de22e2ccb3c65f5e6ae3ccefded4361b3c", "asset_id": "13809874271869862836605807588683128507943887680683234293697314933242421192771", "price": "0.31", "size": "20", "fee_rate_bps": "0", "side": "BUY", "timestamp": "1769384073102", "event_type": "last_trade_price", "transaction_hash": "0x29e376a9295d6c931c2a8c75afa9764c9053d24a1fe80dcb09482c6c95a32f8a"}}
{"_local_timestamp": "2026-01-25T23:34:39.939664+00:00", "data": {"market": "0xb3e540bed7f05b65dd8ec650207678de22e2ccb3c65f5e6ae3ccefded4361b3c", "price_changes": [{"asset_id": "13809874271869862836605807588683128507943887680683234293697314933242421192771", "price": "0.01", "size": "96.5", "side": "BUY", "hash": "9ce213b0cfc1f4703bf0636c81819a0267b87ccd", "best_bid": "0.3", "best_ask": "0.31"}, {"asset_id": "21676301344285277057798674879566896208374169873577374251409485879776909883018", "price": "0.99", "size": "96.5", "side": "SELL", "hash": "c1376ce492433b5d45b632d984a2b0fca109ef82", "best_bid": "0.69", "best_ask": "0.7"}], "timestamp": "1769384079813", "event_type": "price_change"}}
{"_local_timestamp": "2026-01-25T23:34:39.940309+00:00", "data": {"market": "0x5cd62df873dd5f7195c4bdacf30f17b44f0862f0b1914e9cc97dd009b8f47d46", "price_changes": [{"asset_id": "81620006274912860786542136552485067786112215576828621363441123223528903532039", "price": "0.01", "size": "85092.94", "side": "BUY", "hash": "e2d4ddafd699adabc857cde0141720fe9fe2cca9", "best_bid": "0.21", "best_ask": "0.23"}, {"asset_id": "38277422968297124567044863236010446869930474064669700603324708469098709719609", "price": "0.99", "size": "85092.94", "side": "SELL", "hash": "38300b7f26726fedef050db479753db8ec2c2d68", "best_bid": "0.77", "best_ask": "0.79"}], "timestamp": "1769384079813", "event_type": "price_change"}}
{"_local_timestamp": "2026-01-25T23:34:39.940701+00:00", "data": {"market": "0x5cd62df873dd5f7195c4bdacf30f17b44f0862f0b1914e9cc97dd009b8f47d46", "price_changes": [{"asset_id": "38277422968297124567044863236010446869930474064669700603324708469098709719609", "price": "0.01", "size": "85087.94", "side": "BUY", "hash": "8ca18509cd6afaef4698180d318d033496062528", "best_bid": "0.77", "best_ask": "0.79"}, {"asset_id": "81620006274912860786542136552485067786112215576828621363441123223528903532039", "price": "0.99", "size": "85087.94", "side": "SELL", "hash": "7a011196657e241d3e015c8a2514b5e96d490da1", "best_bid": "0.21", "best_ask": "0.23"}], "timestamp": "1769384079813", "event_type": "price_change"}}
{"_local_timestamp": "2026-01-25T23:34:39.942531+00:00", "data": {"market": "0x3b51467dceaf8571eb9e4cc006b1be943611133e44d9585c91cbc47debac2627", "price_changes": [{"asset_id": "8636272079981793301557198309297943148530912074503036159938727698085195103125", "price": "0.01", "size": "85087.94", "side": "BUY", "hash": "e7a04f996b0d4c6f5698021b62832fc5263af4e8", "best_bid": "0.86", "best_ask": "0.87"}, {"asset_id": "64665882400122406967045532440319085096613133609156314785403503793450026783030", "price": "0.99", "size": "85087.94", "side": "SELL", "hash": "7fa95c994d916eee9f0f98ef7fc72e3acbf732b3", "best_bid": "0.13", "best_ask": "0.14"}], "timestamp": "1769384079813", "event_type": "price_change"}}
{"_local_timestamp": "2026-01-25T23:34:39.943056+00:00", "data": {"market": "0xb3e540bed7f05b65dd8ec650207678de22e2ccb3c65f5e6ae3ccefded4361b3c", "price_changes": [{"asset_id": "21676301344285277057798674879566896208374169873577374251409485879776909883018", "price": "0.01", "size": "91.5", "side": "BUY", "hash": "471877cb3fa1282688f4fa32cfb86839e0162d3b", "best_bid": "0.69", "best_ask": "0.7"}, {"asset_id": "13809874271869862836605807588683128507943887680683234293697314933242421192771", "price": "0.99", "size": "91.5", "side": "SELL", "hash": "187b30fcf3219c7a28957f0818fc5349b02cdacb", "best_bid": "0.3", "best_ask": "0.31"}], "timestamp": "1769384079813", "event_type": "price_change"}}
{"_local_timestamp": "2026-01-25T23:34:40.302720+00:00", "data": {"market": "0x689f2bc7ca74f951f5ef5ee46c0b8f5eb4fcf184907dd9f69c19529844d6d416", "price_changes": [{"asset_id": "38406932137014719642745747955440768125753717099958648412630477673794359665653", "price": "0.01", "size": "91983.55", "side": "BUY", "hash": "7c6b85406385db597b4e26b5eb92bd47e1f404f2", "best_bid": "0.6", "best_ask": "0.63"}, {"asset_id": "13688883295678001276792158244036912161301864636922709659029780709987533255655", "price": "0.99", "size": "91983.55", "side": "SELL", "hash": "01046f9f897606403d30d6ccf190e52690ed5c11", "best_bid": "0.37", "best_ask": "0.4"}], "timestamp": "1769384080135", "event_type": "price_change"}}
{"_local_timestamp": "2026-01-25T23:34:40.318498+00:00", "data": {"market": "0x5cd62df873dd5f7195c4bdacf30f17b44f0862f0b1914e9cc97dd009b8f47d46", "price_changes": [{"asset_id": "81620006274912860786542136552485067786112215576828621363441123223528903532039", "price": "0.02", "size": "700", "side": "BUY", "hash": "8dee36c5cda491d7e2cb04176b1ee0e89db8e9f5", "best_bid": "0.21", "best_ask": "0.23"}, {"asset_id": "38277422968297124567044863236010446869930474064669700603324708469098709719609", "price": "0.98", "size": "700", "side": "SELL", "hash": "ae1702f01a8fce1f93ac05b0681a02f7f5a8fcd0", "best_bid": "0.77", "best_ask": "0.79"}], "timestamp": "1769384080133", "event_type": "price_change"}}
{"_local_timestamp": "2026-01-25T23:34:40.382908+00:00", "data": {"market": "0x689f2bc7ca74f951f5ef5ee46c0b8f5eb4fcf184907dd9f69c19529844d6d416", "price_changes": [{"asset_id": "38406932137014719642745747955440768125753717099958648412630477673794359665653", "price": "0.05", "size": "520", "side": "BUY", "hash": "5675d42714c2bd6c8f8b48cd7eba82834695c931", "best_bid": "0.6", "best_ask": "0.63"}, {"asset_id": "13688883295678001276792158244036912161301864636922709659029780709987533255655", "price": "0.95", "size": "520", "side": "SELL", "hash": "e3061c8b117ccad3f52a0a773321dc1f6eca43b9", "best_bid": "0.37", "best_ask": "0.4"}], "timestamp": "1769384080168", "event_type": "price_change"}}
{"_local_timestamp": "2026-01-25T23:34:40.446372+00:00", "data": {"market": "0x689f2bc7ca74f951f5ef5ee46c0b8f5eb4fcf184907dd9f69c19529844d6d416", "price_changes": [{"asset_id": "38406932137014719642745747955440768125753717099958648412630477673794359665653", "price": "0.08", "size": "300", "side": "BUY", "hash": "3a261de4a2290c24fa51463c41497c502cbe1ebc", "best_bid": "0.6", "best_ask": "0.63"}, {"asset_id": "13688883295678001276792158244036912161301864636922709659029780709987533255655", "price": "0.92", "size": "300", "side": "SELL", "hash": "fa05b61b33f5b9d02c7bf7f6aa98ff8f6c8bdfc6", "best_bid": "0.37", "best_ask": "0.4"}], "timestamp": "1769384080192", "event_type": "price_change"}}
{"_local_timestamp": "2026-01-25T23:34:40.461166+00:00", "data": {"market": "0x689f2bc7ca74f951f5ef5ee46c0b8f5eb4fcf184907dd9f69c19529844d6d416", "price_changes": [{"asset_id": "38406932137014719642745747955440768125753717099958648412630477673794359665653", "price": "0.02", "size": "700", "side": "BUY", "hash": "69dc9602bc4d563a587d8baf559b160df4c19692", "best_bid": "0.6", "best_ask": "0.63"}, {"asset_id": "13688883295678001276792158244036912161301864636922709659029780709987533255655", "price": "0.98", "size": "700", "side": "SELL", "hash": "e546b2e0f15f29c01197878330dd91d08783d293", "best_bid": "0.37", "best_ask": "0.4"}], "timestamp": "1769384080226", "event_type": "price_change"}}
{"_local_timestamp": "2026-01-25T23:34:55.101120+00:00", "data": {"market": "0x5cd62df873dd5f7195c4bdacf30f17b44f0862f0b1914e9cc97dd009b8f47d46", "price_changes": [{"asset_id": "38277422968297124567044863236010446869930474064669700603324708469098709719609", "price": "0.72", "size": "0", "side": "BUY", "hash": "25ed9a22d3d7722083833c4c636d8468c93c0606", "best_bid": "0.77", "best_ask": "0.79"}, {"asset_id": "81620006274912860786542136552485067786112215576828621363441123223528903532039", "price": "0.28", "size": "0", "side": "SELL", "hash": "20f85e7eb82bf1bb5b0f99ddd7a37f6706597895", "best_bid": "0.21", "best_ask": "0.23"}], "timestamp": "1769384095001", "event_type": "price_change"}}
{"_local_timestamp": "2026-01-25T23:34:55.210072+00:00", "data": {"market": "0x5cd62df873dd5f7195c4bdacf30f17b44f0862f0b1914e9cc97dd009b8f47d46", "price_changes": [{"asset_id": "38277422968297124567044863236010446869930474064669700603324708469098709719609", "price": "0.72", "size": "200", "side": "BUY", "hash": "f94e5d89418f1bbf2886e32306134a765fff3b00", "best_bid": "0.77", "best_ask": "0.79"}, {"asset_id": "81620006274912860786542136552485067786112215576828621363441123223528903532039", "price": "0.28", "size": "200", "side": "SELL", "hash": "5a04df86ee61e19ccc9e44f3aab32dcccacc2be6", "best_bid": "0.21", "best_ask": "0.23"}], "timestamp": "1769384095139", "event_type": "price_change"}}
{"_local_timestamp": "2026-01-25T23:34:55.317960+00:00", "data": {"market": "0x5cd62df873dd5f7195c4bdacf30f17b44f0862f0b1914e9cc97dd009b8f47d46", "price_changes": [{"asset_id": "81620006274912860786542136552485067786112215576828621363441123223528903532039", "price": "0.2", "size": "5594", "side": "BUY", "hash": "c42f1efc216578bb3c7b1c6f06b95816850d5fab", "best_bid": "0.21", "best_ask": "0.23"}, {"asset_id": "38277422968297124567044863236010446869930474064669700603324708469098709719609", "price": "0.8", "size": "5594", "side": "SELL", "hash": "9018e1d9c8758eba035d9ecbc48d853cbac7c711", "best_bid": "0.77", "best_ask": "0.79"}], "timestamp": "1769384095221", "event_type": "price_change"}}
{"_local_timestamp": "2026-01-25T23:35:04.587437+00:00", "data": {"market": "0xb3e540bed7f05b65dd8ec650207678de22e2ccb3c65f5e6ae3ccefded4361b3c", "price_changes": [{"asset_id": "21676301344285277057798674879566896208374169873577374251409485879776909883018", "price": "0.69", "size": "2355.05", "side": "BUY", "hash": "2787132a41b032b5f1bc85da95e1eb58250b1ff2", "best_bid": "0.69", "best_ask": "0.7"}, {"asset_id": "13809874271869862836605807588683128507943887680683234293697314933242421192771", "price": "0.31", "size": "2355.05", "side": "SELL", "hash": "b23529bef64e6b7ac641ab3ddfffb60536e5fab6", "best_bid": "0.3", "best_ask": "0.31"}], "timestamp": "1769384104505", "event_type": "price_change"}}
{"_local_timestamp": "2026-01-25T23:35:04.588358+00:00", "data": {"market": "0xb3e540bed7f05b65dd8ec650207678de22e2ccb3c65f5e6ae3ccefded4361b3c", "asset_id": "13809874271869862836605807588683128507943887680683234293697314933242421192771", "bids": [{"price": "0.01", "size": "96.5"}, {"price": "0.02", "size": "700"}, {"price": "0.26", "size": "2336"}, {"price": "0.27", "size": "2281"}, {"price": "0.28", "size": "1945"}, {"price": "0.29", "size": "2710.34"}, {"price": "0.3", "size": "163"}], "asks": [{"price": "0.99", "size": "91.5"}, {"price": "0.98", "size": "700"}, {"price": "0.95", "size": "500"}, {"price": "0.92", "size": "300"}, {"price": "0.37", "size": "100"}, {"price": "0.35", "size": "2226"}, {"price": "0.34", "size": "2366"}, {"price": "0.33", "size": "1580"}, {"price": "0.32", "size": "516"}, {"price": "0.31", "size": "2355.05"}], "hash": "b23529bef64e6b7ac641ab3ddfffb60536e5fab6", "timestamp": "1769384104505", "event_type": "book"}}
{"_local_timestamp": "2026-01-25T23:35:04.588851+00:00", "data": {"market": "0xb3e540bed7f05b65dd8ec650207678de22e2ccb3c65f5e6ae3ccefded4361b3c", "asset_id": "21676301344285277057798674879566896208374169873577374251409485879776909883018", "bids": [{"price": "0.01", "size": "91.5"}, {"price": "0.02", "size": "700"}, {"price": "0.05", "size": "500"}, {"price": "0.08", "size": "300"}, {"price": "0.63", "size": "100"}, {"price": "0.65", "size": "2226"}, {"price": "0.66", "size": "2366"}, {"price": "0.67", "size": "1580"}, {"price": "0.68", "size": "516"}, {"price": "0.69", "size": "2355.05"}], "asks": [{"price": "0.99", "size": "96.5"}, {"price": "0.98", "size": "700"}, {"price": "0.74", "size": "2336"}, {"price": "0.73", "size": "2281"}, {"price": "0.72", "size": "1945"}, {"price": "0.71", "size": "2710.34"}, {"price": "0.7", "size": "163"}], "hash": "2787132a41b032b5f1bc85da95e1eb58250b1ff2", "timestamp": "1769384104505", "event_type": "book"}}
{"_local_timestamp": "2026-01-25T23:35:04.621754+00:00", "data": {"market": "0xb3e540bed7f05b65dd8ec650207678de22e2ccb3c65f5e6ae3ccefded4361b3c", "asset_id": "13809874271869862836605807588683128507943887680683234293697314933242421192771", "price": "0.31", "size": "20", "fee_rate_bps": "0", "side": "BUY", "timestamp": "1769384104538", "event_type": "last_trade_price", "transaction_hash": "0xcfa47f5bbd55983bdf318dba9780b68f72ac61688758d1dc62a336c7aab113aa"}}
{"_local_timestamp": "2026-01-25T23:35:55.092690+00:00", "data": {"market": "0x5cd62df873dd5f7195c4bdacf30f17b44f0862f0b1914e9cc97dd009b8f47d46", "price_changes": [{"asset_id": "81620006274912860786542136552485067786112215576828621363441123223528903532039", "price": "0.2", "size": "5394", "side": "BUY", "hash": "d1e6d35bd78af56e431a7ff924881b050df5d9e8", "best_bid": "0.21", "best_ask": "0.23"}, {"asset_id": "38277422968297124567044863236010446869930474064669700603324708469098709719609", "price": "0.8", "size": "5394", "side": "SELL", "hash": "26ea91781544508522ba142db1dac7bef12ddca9", "best_bid": "0.77", "best_ask": "0.79"}], "timestamp": "1769384155001", "event_type": "price_change"}}
{"_local_timestamp": "2026-01-25T23:35:55.108859+00:00", "data": {"market": "0x5cd62df873dd5f7195c4bdacf30f17b44f0862f0b1914e9cc97dd009b8f47d46", "price_changes": [{"asset_id": "38277422968297124567044863236010446869930474064669700603324708469098709719609", "price": "0.72", "size": "0", "side": "BUY", "hash": "1a9149929e9fee3517eb82e882956d0c3480f68b", "best_bid": "0.77", "best_ask": "0.79"}, {"asset_id": "81620006274912860786542136552485067786112215576828621363441123223528903532039", "price": "0.28", "size": "0", "side": "SELL", "hash": "9f5314943a8e149cbc77fca2ebbba934d668d047", "best_bid": "0.21", "best_ask": "0.23"}], "timestamp": "1769384155003", "event_type": "price_change"}}
{"_local_timestamp": "2026-01-25T23:35:55.522483+00:00", "data": {"market": "0x5cd62df873dd5f7195c4bdacf30f17b44f0862f0b1914e9cc97dd009b8f47d46", "price_changes": [{"asset_id": "38277422968297124567044863236010446869930474064669700603324708469098709719609", "price": "0.72", "size": "200", "side": "BUY", "hash": "71f241aa1f980a40c89af93ad5cbc89e69e9c766", "best_bid": "0.77", "best_ask": "0.79"}, {"asset_id": "81620006274912860786542136552485067786112215576828621363441123223528903532039", "price": "0.28", "size": "200", "side": "SELL", "hash": "b495ee3b4af6ba80943ccf76c713539e83f0b628", "best_bid": "0.21", "best_ask": "0.23"}], "timestamp": "1769384155459", "event_type": "price_change"}}
{"_local_timestamp": "2026-01-25T23:35:55.582280+00:00", "data": {"market": "0x5cd62df873dd5f7195c4bdacf30f17b44f0862f0b1914e9cc97dd009b8f47d46", "price_changes": [{"asset_id": "81620006274912860786542136552485067786112215576828621363441123223528903532039", "price": "0.2", "size": "5594", "side": "BUY", "hash": "ac37e5333a9a4a49153822d159662c85b3a40fec", "best_bid": "0.21", "best_ask": "0.23"}, {"asset_id": "38277422968297124567044863236010446869930474064669700603324708469098709719609", "price": "0.8", "size": "5594", "side": "SELL", "hash": "4274b9c34cdeba1329ba65e205f51c0a61676ed5", "best_bid": "0.77", "best_ask": "0.79"}], "timestamp": "1769384155514", "event_type": "price_change"}}
{"_local_timestamp": "2026-01-25T23:36:10.367237+00:00", "data": {"market": "0x5cd62df873dd5f7195c4bdacf30f17b44f0862f0b1914e9cc97dd009b8f47d46", "price_changes": [{"asset_id": "81620006274912860786542136552485067786112215576828621363441123223528903532039", "price": "0.02", "size": "0", "side": "BUY", "hash": "c4829590dd7da89780148a22395b65d54486c80d", "best_bid": "0.21", "best_ask": "0.23"}, {"asset_id": "38277422968297124567044863236010446869930474064669700603324708469098709719609", "price": "0.98", "size": "0", "side": "SELL", "hash": "78832b26327d8656a3b818d79c0ebac3c5d74453", "best_bid": "0.77", "best_ask": "0.79"}], "timestamp": "1769384170282", "event_type": "price_change"}}
{"_local_timestamp": "2026-01-25T23:36:10.634394+00:00", "data": {"market": "0x5cd62df873dd5f7195c4bdacf30f17b44f0862f0b1914e9cc97dd009b8f47d46", "price_changes": [{"asset_id": "38277422968297124567044863236010446869930474064669700603324708469098709719609", "price": "0.01", "size": "85887.94", "side": "BUY", "hash": "ea558be5068380c6440eef5e4f9a7525d1247f72", "best_bid": "0.77", "best_ask": "0.79"}, {"asset_id": "81620006274912860786542136552485067786112215576828621363441123223528903532039", "price": "0.99", "size": "85887.94", "side": "SELL", "hash": "0ef83336b04467a04e45853762676355ea4ef821", "best_bid": "0.21", "best_ask": "0.23"}], "timestamp": "1769384170564", "event_type": "price_change"}}
{"_local_timestamp": "2026-01-25T23:36:10.635062+00:00", "data": {"market": "0x3b51467dceaf8571eb9e4cc006b1be943611133e44d9585c91cbc47debac2627", "price_changes": [{"asset_id": "8636272079981793301557198309297943148530912074503036159938727698085195103125", "price": "0.01", "size": "85887.94", "side": "BUY", "hash": "7e0b595d9d0a3566b6e2ba713c9f5b5f9e20429e", "best_bid": "0.86", "best_ask": "0.87"}, {"asset_id": "64665882400122406967045532440319085096613133609156314785403503793450026783030", "price": "0.99", "size": "85887.94", "side": "SELL", "hash": "2da2c54308a2c8329686a46b4e2419adbcd9df0d", "best_bid": "0.13", "best_ask": "0.14"}], "timestamp": "1769384170566", "event_type": "price_change"}}
{"_local_timestamp": "2026-01-25T23:36:10.650935+00:00", "data": {"market": "0x5cd62df873dd5f7195c4bdacf30f17b44f0862f0b1914e9cc97dd009b8f47d46", "price_changes": [{"asset_id": "81620006274912860786542136552485067786112215576828621363441123223528903532039", "price": "0.01", "size": "85892.94", "side": "BUY", "hash": "c2fe4f6a02587be705a66b8c61ee610f23250815", "best_bid": "0.21", "best_ask": "0.23"}, {"asset_id": "38277422968297124567044863236010446869930474064669700603324708469098709719609", "price": "0.99", "size": "85892.94", "side": "SELL", "hash": "0c0c07329ce93b6e69b7643f7f4aac9482aabf9e", "best_bid": "0.77", "best_ask": "0.79"}], "timestamp": "1769384170568", "event_type": "price_change"}}
{"_local_timestamp": "2026-01-25T23:36:16.205219+00:00", "data": {"market": "0x30b64a0a264971acb5a878da76e591d4eba46ec94ccf29a3efb4d2275de9879b", "price_changes": [{"asset_id": "79873671753091159203838713496689089974558055167116859765689808579056198783311", "price": "0.04", "size": "3238.91", "side": "BUY", "hash": "c29d1e6119b6fb3f4852d6f5f51656d8716d73ca", "best_bid": "0.04", "best_ask": "0.05"}, {"asset_id": "94578379189492106683804466806128880108833141790850950184532667808133837881210", "price": "0.96", "size": "3238.91", "side": "SELL", "hash": "fc027b2b05f8e87d2a894a0b70ca45e8b1d0f8ed", "best_bid": "0.95", "best_ask": "0.96"}], "timestamp": "1769384176130", "event_type": "price_change"}}
{"_local_timestamp": "2026-01-25T23:36:16.205888+00:00", "data": {"market": "0x30b64a0a264971acb5a878da76e591d4eba46ec94ccf29a3efb4d2275de9879b", "asset_id": "79873671753091159203838713496689089974558055167116859765689808579056198783311", "bids": [{"price": "0.01", "size": "6095.61"}, {"price": "0.02", "size": "346"}, {"price": "0.03", "size": "3121"}, {"price": "0.04", "size": "3238.91"}], "asks": [{"price": "0.99", "size": "91887.05"}, {"price": "0.98", "size": "700"}, {"price": "0.95", "size": "500"}, {"price": "0.92", "size": "300"}, {"price": "0.14", "size": "194"}, {"price": "0.13", "size": "106"}, {"price": "0.12", "size": "103"}, {"price": "0.11", "size": "5.47"}, {"price": "0.06", "size": "2945.28"}, {"price": "0.05", "size": "2884.21"}], "hash": "c29d1e6119b6fb3f4852d6f5f51656d8716d73ca", "timestamp": "1769384176130", "event_type": "book"}}
{"_local_timestamp": "2026-01-25T23:36:16.206515+00:00", "data": {"market": "0x30b64a0a264971acb5a878da76e591d4eba46ec94ccf29a3efb4d2275de9879b", "asset_id": "94578379189492106683804466806128880108833141790850950184532667808133837881210", "bids": [{"price": "0.01", "size": "91887.05"}, {"price": "0.02", "size": "700"}, {"price": "0.05", "size": "500"}, {"price": "0.08", "size": "300"}, {"price": "0.86", "size": "194"}, {"price": "0.87", "size": "106"}, {"price": "0.88", "size": "103"}, {"price": "0.89", "size": "5.47"}, {"price": "0.94", "size": "2945.28"}, {"price": "0.95", "size": "2884.21"}], "asks": [{"price": "0.99", "size": "6095.61"}, {"price": "0.98", "size": "346"}, {"price": "0.97", "size": "3121"}, {"price": "0.96", "size": "3238.91"}], "hash": "fc027b2b05f8e87d2a894a0b70ca45e8b1d0f8ed", "timestamp": "1769384176130", "event_type": "book"}}
{"_local_timestamp": "2026-01-25T23:36:16.240713+00:00", "data": {"market": "0x30b64a0a264971acb5a878da76e591d4eba46ec94ccf29a3efb4d2275de9879b", "asset_id": "94578379189492106683804466806128880108833141790850950184532667808133837881210", "price": "0.96", "size": "5.4", "fee_rate_bps": "0", "side": "BUY", "timestamp": "1769384176164", "event_type": "last_trade_price", "transaction_hash": "0x29f2bb105be68d2405d753358f5d42dfa4d89bc0040aa58c4b62c68afcf4b3ba"}}
{"_local_timestamp": "2026-01-25T23:36:56.222603+00:00", "data": {"market": "0x5cd62df873dd5f7195c4bdacf30f17b44f0862f0b1914e9cc97dd009b8f47d46", "price_changes": [{"asset_id": "38277422968297124567044863236010446869930474064669700603324708469098709719609", "price": "0.72", "size": "400", "side": "BUY", "hash": "aedc0176dc3785456a01b8f097d67b75d21a8d53", "best_bid": "0.77", "best_ask": "0.79"}, {"asset_id": "81620006274912860786542136552485067786112215576828621363441123223528903532039", "price": "0.28", "size": "400", "side": "SELL", "hash": "7f8088c6a200216adfac8de03c2c2255a39f0d35", "best_bid": "0.21", "best_ask": "0.23"}], "timestamp": "1769384215787", "event_type": "price_change"}}
{"_local_timestamp": "2026-01-25T23:36:56.269355+00:00", "data": {"market": "0x5cd62df873dd5f7195c4bdacf30f17b44f0862f0b1914e9cc97dd009b8f47d46", "price_changes": [{"asset_id": "81620006274912860786542136552485067786112215576828621363441123223528903532039", "price": "0.2", "size": "5794", "side": "BUY", "hash": "1eb81689ef8cee0fbf2fe38cb8d0d9e5c133114d", "best_bid": "0.21", "best_ask": "0.23"}, {"asset_id": "38277422968297124567044863236010446869930474064669700603324708469098709719609", "price": "0.8", "size": "5794", "side": "SELL", "hash": "d6861436438380966e5b6dccda67e0ef1d2f8675", "best_bid": "0.77", "best_ask": "0.79"}], "timestamp": "1769384215846", "event_type": "price_change"}}
{"_local_timestamp": "2026-01-25T23:36:56.374477+00:00", "data": {"market": "0x5cd62df873dd5f7195c4bdacf30f17b44f0862f0b1914e9cc97dd009b8f47d46", "price_changes": [{"asset_id": "81620006274912860786542136552485067786112215576828621363441123223528903532039", "price": "0.2", "size": "5594", "side": "BUY", "hash": "4f3a5fcc25b872df9b84cd526b61c75830ed7e76", "best_bid": "0.21", "best_ask": "0.23"}, {"asset_id": "38277422968297124567044863236010446869930474064669700603324708469098709719609", "price": "0.8", "size": "5594", "side": "SELL", "hash": "e13022d9789f5b9786bcc245d3e9ffb9c0421afe", "best_bid": "0.77", "best_ask": "0.79"}], "timestamp": "1769384216002", "event_type": "price_change"}}
{"_local_timestamp": "2026-01-25T23:36:56.382578+00:00", "data": {"market": "0x5cd62df873dd5f7195c4bdacf30f17b44f0862f0b1914e9cc97dd009b8f47d46", "price_changes": [{"asset_id": "38277422968297124567044863236010446869930474064669700603324708469098709719609", "price": "0.72", "size": "200", "side": "BUY", "hash": "7d13d5cda8564d79c2ceb7d3e29463d0a06bce28", "best_bid": "0.77", "best_ask": "0.79"}, {"asset_id": "81620006274912860786542136552485067786112215576828621363441123223528903532039", "price": "0.28", "size": "200", "side": "SELL", "hash": "c340df51ef0f58a4405283bedbf784646f8fce2c", "best_bid": "0.21", "best_ask": "0.23"}], "timestamp": "1769384216003", "event_type": "price_change"}}
{"_local_timestamp": "2026-01-25T23:37:01.072184+00:00", "data": {"market": "0x3b51467dceaf8571eb9e4cc006b1be943611133e44d9585c91cbc47debac2627", "price_changes": [{"asset_id": "64665882400122406967045532440319085096613133609156314785403503793450026783030", "price": "0.11", "size": "9727.11", "side": "BUY", "hash": "c2cae0a7936b4fecb26487e338045d607ae86aee", "best_bid": "0.13", "best_ask": "0.14"}, {"asset_id": "8636272079981793301557198309297943148530912074503036159938727698085195103125", "price": "0.89", "size": "9727.11", "side": "SELL", "hash": "d6fcf1daa6f1bd36bee2f23fbe0a6e7b86d76efa", "best_bid": "0.86", "best_ask": "0.87"}], "timestamp": "1769384221001", "event_type": "price_change"}}
{"_local_timestamp": "2026-01-25T23:37:01.260597+00:00", "data": {"market": "0x3b51467dceaf8571eb9e4cc006b1be943611133e44d9585c91cbc47debac2627", "price_changes": [{"asset_id": "64665882400122406967045532440319085096613133609156314785403503793450026783030", "price": "0.11", "size": "10238.11", "side": "BUY", "hash": "bb39b8ce065b29ad819adc532ffd350d3884e620", "best_bid": "0.13", "best_ask": "0.14"}, {"asset_id": "8636272079981793301557198309297943148530912074503036159938727698085195103125", "price": "0.89", "size": "10238.11", "side": "SELL", "hash": "dc56e275bd657a18f8cc3fe148c169ce259aeee2", "best_bid": "0.86", "best_ask": "0.87"}], "timestamp": "1769384221191", "event_type": "price_change"}}
{"_local_timestamp": "2026-01-25T23:37:30.416003+00:00", "data": {"market": "0xfcef865b5029310e23098b7052cf0c9f1a74e25c2ffc467b1762dba454d84d44", "price_changes": [{"asset_id": "73530143346776618068966941239072932088771296017010889161448179656872426721888", "price": "0.57", "size": "164", "side": "BUY", "hash": "3299b759fd0faf013ddd1a5e3c1b5b71ed7ca7ba", "best_bid": "0.57", "best_ask": "0.59"}, {"asset_id": "42135961816408133329427741739270935785240852940501743547559002335790549112042", "price": "0.43", "size": "164", "side": "SELL", "hash": "142586ac2f1af2f954178b23393955f9bbc22ed0", "best_bid": "0.41", "best_ask": "0.43"}], "timestamp": "1769384250348", "event_type": "price_change"}}
{"_local_timestamp": "2026-01-25T23:37:30.455109+00:00", "data": {"market": "0xb3e540bed7f05b65dd8ec650207678de22e2ccb3c65f5e6ae3ccefded4361b3c", "price_changes": [{"asset_id": "21676301344285277057798674879566896208374169873577374251409485879776909883018", "price": "0.68", "size": "352", "side": "BUY", "hash": "55d0de246fe822f87f22a6e47897306e2e7108cb", "best_bid": "0.69", "best_ask": "0.7"}, {"asset_id": "13809874271869862836605807588683128507943887680683234293697314933242421192771", "price": "0.32", "size": "352", "side": "SELL", "hash": "d43e5eb31bb7830a50846b687516660357b36033", "best_bid": "0.3", "best_ask": "0.31"}], "timestamp": "1769384250387", "event_type": "price_change"}}
{"_local_timestamp": "2026-01-25T23:37:30.641022+00:00", "data": {"market": "0xb3e540bed7f05b65dd8ec650207678de22e2ccb3c65f5e6ae3ccefded4361b3c", "price_changes": [{"asset_id": "13809874271869862836605807588683128507943887680683234293697314933242421192771", "price": "0.3", "size": "0", "side": "BUY", "hash": "d1628b48311324dd6a6261510839cc8c88d208af", "best_bid": "0.29", "best_ask": "0.31"}, {"asset_id": "21676301344285277057798674879566896208374169873577374251409485879776909883018", "price": "0.7", "size": "0", "side": "SELL", "hash": "a676c1630e4cc0cbe5bfc8067b80f2df4b842f48", "best_bid": "0.69", "best_ask": "0.71"}], "timestamp": "1769384250564", "event_type": "price_change"}}
{"_local_timestamp": "2026-01-25T23:37:30.643533+00:00", "data": {"market": "0xb3e540bed7f05b65dd8ec650207678de22e2ccb3c65f5e6ae3ccefded4361b3c", "price_changes": [{"asset_id": "13809874271869862836605807588683128507943887680683234293697314933242421192771", "price": "0.29", "size": "2874.34", "side": "BUY", "hash": "a65600e329562ea950275ce1a7b1cf0e11080e9d", "best_bid": "0.29", "best_ask": "0.31"}, {"asset_id": "21676301344285277057798674879566896208374169873577374251409485879776909883018", "price": "0.71", "size": "2874.34", "side": "SELL", "hash": "0b9b26f77ebb5ebcd2246eca0ebd396b8f2dfa7f", "best_bid": "0.69", "best_ask": "0.71"}], "timestamp": "1769384250570", "event_type": "price_change"}}
{"_local_timestamp": "2026-01-25T23:37:30.644068+00:00", "data": {"market": "0xb3e540bed7f05b65dd8ec650207678de22e2ccb3c65f5e6ae3ccefded4361b3c", "price_changes": [{"asset_id": "21676301344285277057798674879566896208374169873577374251409485879776909883018", "price": "0.69", "size": "2519.05", "side": "BUY", "hash": "8163be7fa88ea04d77957fe86166c6bff8128571", "best_bid": "0.69", "best_ask": "0.71"}, {"asset_id": "13809874271869862836605807588683128507943887680683234293697314933242421192771", "price": "0.31", "size": "2519.05", "side": "SELL", "hash": "1670709703b38d5116aea10bfeea0282b15b1a75", "best_bid": "0.29", "best_ask": "0.31"}], "timestamp": "1769384250571", "event_type": "price_change"}}
{"_local_timestamp": "2026-01-25T23:37:30.820399+00:00", "data": {"market": "0x689f2bc7ca74f951f5ef5ee46c0b8f5eb4fcf184907dd9f69c19529844d6d416", "price_changes": [{"asset_id": "13688883295678001276792158244036912161301864636922709659029780709987533255655", "price": "0.37", "size": "110", "side": "BUY", "hash": "1de33f8fb414bc8030519d47b3f530ae6cc1911c", "best_bid": "0.37", "best_ask": "0.4"}, {"asset_id": "38406932137014719642745747955440768125753717099958648412630477673794359665653", "price": "0.63", "size": "110", "side": "SELL", "hash": "59223ef7c23289a02ab815cd2013fa766212f28a", "best_bid": "0.6", "best_ask": "0.63"}], "timestamp": "1769384250752", "event_type": "price_change"}}
{"_local_timestamp": "2026-01-25T23:37:30.820941+00:00", "data": {"market": "0x5cd62df873dd5f7195c4bdacf30f17b44f0862f0b1914e9cc97dd009b8f47d46", "price_changes": [{"asset_id": "38277422968297124567044863236010446869930474064669700603324708469098709719609", "price": "0.77", "size": "2907.79", "side": "BUY", "hash": "95b2e4f2d294d42978faa040a8b6ae4ba6aba01f", "best_bid": "0.77", "best_ask": "0.79"}, {"asset_id": "81620006274912860786542136552485067786112215576828621363441123223528903532039", "price": "0.23", "size": "2907.79", "side": "SELL", "hash": "a0247afe55c8840892a78fca16efd0bfaa6ae8fd", "best_bid": "0.21", "best_ask": "0.23"}], "timestamp": "1769384250752", "event_type": "price_change"}}
{"_local_timestamp": "2026-01-25T23:37:30.829853+00:00", "data": {"market": "0x689f2bc7ca74f951f5ef5ee46c0b8f5eb4fcf184907dd9f69c19529844d6d416", "price_changes": [{"asset_id": "13688883295678001276792158244036912161301864636922709659029780709987533255655", "price": "0.36", "size": "131", "side": "BUY", "hash": "09aed839d814214a66b403cf99c64c4bab2b60a8", "best_bid": "0.37", "best_ask": "0.4"}, {"asset_id": "38406932137014719642745747955440768125753717099958648412630477673794359665653", "price": "0.64", "size": "131", "side": "SELL", "hash": "b301f253a436dc92b25c04b5d9e9559a8371f74c", "best_bid": "0.6", "best_ask": "0.63"}], "timestamp": "1769384250754", "event_type": "price_change"}}
{"_local_timestamp": "2026-01-25T23:37:31.003752+00:00", "data": {"market": "0x689f2bc7ca74f951f5ef5ee46c0b8f5eb4fcf184907dd9f69c19529844d6d416", "price_changes": [{"asset_id": "13688883295678001276792158244036912161301864636922709659029780709987533255655", "price": "0.37", "size": "0", "side": "BUY", "hash": "d1b1214a1bf5f765456bd0a9e42fd250b61ab161", "best_bid": "0.36", "best_ask": "0.4"}, {"asset_id": "38406932137014719642745747955440768125753717099958648412630477673794359665653", "price": "0.63", "size": "0", "side": "SELL", "hash": "37242b8c023c4a2f13d59a94a375996d7473acf0", "best_bid": "0.6", "best_ask": "0.64"}], "timestamp": "1769384250925", "event_type": "price_change"}}
{"_local_timestamp": "2026-01-25T23:37:31.030867+00:00", "data": {"market": "0x689f2bc7ca74f951f5ef5ee46c0b8f5eb4fcf184907dd9f69c19529844d6d416", "price_changes": [{"asset_id": "13688883295678001276792158244036912161301864636922709659029780709987533255655", "price": "0.36", "size": "250", "side": "BUY", "hash": "e8e39b9b39ad32f95f60d786c9913b3254f63e2f", "best_bid": "0.36", "best_ask": "0.4"}, {"asset_id": "38406932137014719642745747955440768125753717099958648412630477673794359665653", "price": "0.64", "size": "250", "side": "SELL", "hash": "6284e69e13003915b2820b92496a2d438de8879a", "best_bid": "0.6", "best_ask": "0.64"}], "timestamp": "1769384250959", "event_type": "price_change"}}
{"_local_timestamp": "2026-01-25T23:37:31.391520+00:00", "data": {"market": "0x5cd62df873dd5f7195c4bdacf30f17b44f0862f0b1914e9cc97dd009b8f47d46", "price_changes": [{"asset_id": "38277422968297124567044863236010446869930474064669700603324708469098709719609", "price": "0.77", "size": "3071.79", "side": "BUY", "hash": "b07ec38474b7a8cfbab2de4f4b70eee56ccd4f3c", "best_bid": "0.77", "best_ask": "0.79"}, {"asset_id": "81620006274912860786542136552485067786112215576828621363441123223528903532039", "price": "0.23", "size": "3071.79", "side": "SELL", "hash": "775da20ccb304d5c1850870c76064dcb383177eb", "best_bid": "0.21", "best_ask": "0.23"}], "timestamp": "1769384251307", "event_type": "price_change"}}
{"_local_timestamp": "2026-01-25T23:37:31.893393+00:00", "data": {"market": "0xfcef865b5029310e23098b7052cf0c9f1a74e25c2ffc467b1762dba454d84d44", "price_changes": [{"asset_id": "73530143346776618068966941239072932088771296017010889161448179656872426721888", "price": "0.56", "size": "9934.82", "side": "BUY", "hash": "a7eb176470b79b425767ba9c5fcb81098c6b5144", "best_bid": "0.57", "best_ask": "0.59"}, {"asset_id": "42135961816408133329427741739270935785240852940501743547559002335790549112042", "price": "0.44", "size": "9934.82", "side": "SELL", "hash": "51f6961e6e7d1894b638d1d892aa810d8873d617", "best_bid": "0.41", "best_ask": "0.43"}], "timestamp": "1769384251742", "event_type": "price_change"}}
{"_local_timestamp": "2026-01-25T23:37:31.961529+00:00", "data": {"market": "0x5cd62df873dd5f7195c4bdacf30f17b44f0862f0b1914e9cc97dd009b8f47d46", "price_changes": [{"asset_id": "38277422968297124567044863236010446869930474064669700603324708469098709719609", "price": "0.77", "size": "2907.79", "side": "BUY", "hash": "4b2459b2dc988d40825c989681ee555ffa2434ce", "best_bid": "0.77", "best_ask": "0.79"}, {"asset_id": "81620006274912860786542136552485067786112215576828621363441123223528903532039", "price": "0.23", "size": "2907.79", "side": "SELL", "hash": "a83432459e94097c80ed03489a8bfb7675467f78", "best_bid": "0.21", "best_ask": "0.23"}], "timestamp": "1769384251823", "event_type": "price_change"}}
{"_local_timestamp": "2026-01-25T23:37:31.985757+00:00", "data": {"market": "0xfcef865b5029310e23098b7052cf0c9f1a74e25c2ffc467b1762dba454d84d44", "price_changes": [{"asset_id": "73530143346776618068966941239072932088771296017010889161448179656872426721888", "price": "0.55", "size": "8276.11", "side": "BUY", "hash": "c9b22aa3374022cdd2f2479084f2806314a696d0", "best_bid": "0.57", "best_ask": "0.59"}, {"asset_id": "42135961816408133329427741739270935785240852940501743547559002335790549112042", "price": "0.45", "size": "8276.11", "side": "SELL", "hash": "5a7612e9585f31675458c4a7198dd90e1e4aa142", "best_bid": "0.41", "best_ask": "0.43"}], "timestamp": "1769384251854", "event_type": "price_change"}}
{"_local_timestamp": "2026-01-25T23:37:32.205917+00:00", "data": {"market": "0xb3e540bed7f05b65dd8ec650207678de22e2ccb3c65f5e6ae3ccefded4361b3c", "price_changes": [{"asset_id": "13809874271869862836605807588683128507943887680683234293697314933242421192771", "price": "0.28", "size": "1610", "side": "BUY", "hash": "7e11fd73921ca8cf08ce8f1cb6ce54027ac770b6", "best_bid": "0.29", "best_ask": "0.31"}, {"asset_id": "21676301344285277057798674879566896208374169873577374251409485879776909883018", "price": "0.72", "size": "1610", "side": "SELL", "hash": "99b6de2dde88f3c4548018bd932770f58f8932ac", "best_bid": "0.69", "best_ask": "0.71"}], "timestamp": "1769384252039", "event_type": "price_change"}}
{"_local_timestamp": "2026-01-25T23:37:32.206410+00:00", "data": {"market": "0xb3e540bed7f05b65dd8ec650207678de22e2ccb3c65f5e6ae3ccefded4361b3c", "price_changes": [{"asset_id": "21676301344285277057798674879566896208374169873577374251409485879776909883018", "price": "0.66", "size": "2068", "side": "BUY", "hash": "688f353df418244cd56d5c20ea5f68d5577b349c", "best_bid": "0.69", "best_ask": "0.71"}, {"asset_id": "13809874271869862836605807588683128507943887680683234293697314933242421192771", "price": "0.34", "size": "2068", "side": "SELL", "hash": "8151459b516d844f126e3bb077b86b81d4cf4644", "best_bid": "0.29", "best_ask": "0.31"}], "timestamp": "1769384252039", "event_type": "price_change"}}
{"_local_timestamp": "2026-01-25T23:37:32.289374+00:00", "data": {"market": "0xb3e540bed7f05b65dd8ec650207678de22e2ccb3c65f5e6ae3ccefded4361b3c", "price_changes": [{"asset_id": "21676301344285277057798674879566896208374169873577374251409485879776909883018", "price": "0.66", "size": "2466", "side": "BUY", "hash": "3fbed3684f575bc047421a8b3134e8f1258b337f", "best_bid": "0.69", "best_ask": "0.71"}, {"asset_id": "13809874271869862836605807588683128507943887680683234293697314933242421192771", "price": "0.34", "size": "2466", "side": "SELL", "hash": "146f94eb108e479b08035b610e0d8e74dad7e798", "best_bid": "0.29", "best_ask": "0.31"}], "timestamp": "1769384252161", "event_type": "price_change"}}
{"_local_timestamp": "2026-01-25T23:37:32.289907+00:00", "data": {"market": "0xb3e540bed7f05b65dd8ec650207678de22e2ccb3c65f5e6ae3ccefded4361b3c", "price_changes": [{"asset_id": "13809874271869862836605807588683128507943887680683234293697314933242421192771", "price": "0.27", "size": "2628", "side": "BUY", "hash": "7266f164f8dc0c6a418235e229c16767c3ebbc25", "best_bid": "0.29", "best_ask": "0.31"}, {"asset_id": "21676301344285277057798674879566896208374169873577374251409485879776909883018", "price": "0.73", "size": "2628", "side": "SELL", "hash": "6161c37902561efb1d12c3c3018ed8a321ecb328", "best_bid": "0.69", "best_ask": "0.71"}], "timestamp": "1769384252162", "event_type": "price_change"}}
{"_local_timestamp": "2026-01-25T23:37:36.011537+00:00", "data": {"market": "0xb3e540bed7f05b65dd8ec650207678de22e2ccb3c65f5e6ae3ccefded4361b3c", "price_changes": [{"asset_id": "13809874271869862836605807588683128507943887680683234293697314933242421192771", "price": "0.29", "size": "2710.34", "side": "BUY", "hash": "d413892e856cc80ef0e6147ff9b832bffec5ce82", "best_bid": "0.29", "best_ask": "0.31"}, {"asset_id": "21676301344285277057798674879566896208374169873577374251409485879776909883018", "price": "0.71", "size": "2710.34", "side": "SELL", "hash": "a08b339936c693090cb2bc0ae0afb0d6534aec29", "best_bid": "0.69", "best_ask": "0.71"}], "timestamp": "1769384255941", "event_type": "price_change"}}
{"_local_timestamp": "2026-01-25T23:37:39.059881+00:00", "data": {"market": "0xb3e540bed7f05b65dd8ec650207678de22e2ccb3c65f5e6ae3ccefded4361b3c", "price_changes": [{"asset_id": "13809874271869862836605807588683128507943887680683234293697314933242421192771", "price": "0.29", "size": "2874.34", "side": "BUY", "hash": "835857917d33c5668eca9d2e6194cb659312ec10", "best_bid": "0.29", "best_ask": "0.31"}, {"asset_id": "21676301344285277057798674879566896208374169873577374251409485879776909883018", "price": "0.71", "size": "2874.34", "side": "SELL", "hash": "a6e03c026b121f05b686b3221314c4f31bbee17f", "best_bid": "0.69", "best_ask": "0.71"}], "timestamp": "1769384258986", "event_type": "price_change"}}
{"_local_timestamp": "2026-01-25T23:37:39.386207+00:00", "data": {"market": "0x5cd62df873dd5f7195c4bdacf30f17b44f0862f0b1914e9cc97dd009b8f47d46", "price_changes": [{"asset_id": "38277422968297124567044863236010446869930474064669700603324708469098709719609", "price": "0.77", "size": "3071.79", "side": "BUY", "hash": "2cdcfbee17f481658dcad6c700e588e8e94c286b", "best_bid": "0.77", "best_ask": "0.79"}, {"asset_id": "81620006274912860786542136552485067786112215576828621363441123223528903532039", "price": "0.23", "size": "3071.79", "side": "SELL", "hash": "7a531fe393087d4f3b3f5337705e1124b7e5f02a", "best_bid": "0.21", "best_ask": "0.23"}], "timestamp": "1769384259307", "event_type": "price_change"}}
{"_local_timestamp": "2026-01-25T23:37:40.989446+00:00", "data": {"market": "0xfcef865b5029310e23098b7052cf0c9f1a74e25c2ffc467b1762dba454d84d44", "price_changes": [{"asset_id": "42135961816408133329427741739270935785240852940501743547559002335790549112042", "price": "0.4", "size": "7396.11", "side": "BUY", "hash": "51cb94384db9a0d6b59fe1f515f8c6701644c3bc", "best_bid": "0.41", "best_ask": "0.43"}, {"asset_id": "73530143346776618068966941239072932088771296017010889161448179656872426721888", "price": "0.6", "size": "7396.11", "side": "SELL", "hash": "faecbe63047b125dc9f7b98c0d9b2cb78a188347", "best_bid": "0.57", "best_ask": "0.59"}], "timestamp": "1769384260919", "event_type": "price_change"}}
{"_local_timestamp": "2026-01-25T23:37:42.777874+00:00", "data": {"market": "0x5cd62df873dd5f7195c4bdacf30f17b44f0862f0b1914e9cc97dd009b8f47d46", "price_changes": [{"asset_id": "81620006274912860786542136552485067786112215576828621363441123223528903532039", "price": "0.2", "size": "5394", "side": "BUY", "hash": "17a81dc04313027c8bc406ed3b84abeaab5288b5", "best_bid": "0.21", "best_ask": "0.23"}, {"asset_id": "38277422968297124567044863236010446869930474064669700603324708469098709719609", "price": "0.8", "size": "5394", "side": "SELL", "hash": "b8abbd0d9ecdfb7877ef1e096f0e29f471994aef", "best_bid": "0.77", "best_ask": "0.79"}], "timestamp": "1769384262710", "event_type": "price_change"}}
{"_local_timestamp": "2026-01-25T23:37:47.136455+00:00", "data": {"market": "0xb3e540bed7f05b65dd8ec650207678de22e2ccb3c65f5e6ae3ccefded4361b3c", "price_changes": [{"asset_id": "13809874271869862836605807588683128507943887680683234293697314933242421192771", "price": "0.3", "size": "164", "side": "BUY", "hash": "af4a7a9e8d7947e95b75078fc3977d7ac0212162", "best_bid": "0.3", "best_ask": "0.31"}, {"asset_id": "21676301344285277057798674879566896208374169873577374251409485879776909883018", "price": "0.7", "size": "164", "side": "SELL", "hash": "d00ff158eda4bab8a46e046fb0cfc01181aa56aa", "best_bid": "0.69", "best_ask": "0.7"}], "timestamp": "1769384267065", "event_type": "price_change"}}
{"_local_timestamp": "2026-01-25T23:37:47.476383+00:00", "data": {"market": "0xb3e540bed7f05b65dd8ec650207678de22e2ccb3c65f5e6ae3ccefded4361b3c", "price_changes": [{"asset_id": "13809874271869862836605807588683128507943887680683234293697314933242421192771", "price": "0.29", "size": "2710.34", "side": "BUY", "hash": "e9d6b80d7eab84e8b3b55949a5731e8528c7849e", "best_bid": "0.3", "best_ask": "0.31"}, {"asset_id": "21676301344285277057798674879566896208374169873577374251409485879776909883018", "price": "0.71", "size": "2710.34", "side": "SELL", "hash": "cd0ad058795703304f53a14e175077a22d720358", "best_bid": "0.69", "best_ask": "0.7"}], "timestamp": "1769384267405", "event_type": "price_change"}}
{"_local_timestamp": "2026-01-25T23:37:56.069952+00:00", "data": {"market": "0xb3e540bed7f05b65dd8ec650207678de22e2ccb3c65f5e6ae3ccefded4361b3c", "price_changes": [{"asset_id": "21676301344285277057798674879566896208374169873577374251409485879776909883018", "price": "0.69", "size": "2355.05", "side": "BUY", "hash": "761860547c89111ea058ae547e8b7fff4111e77c", "best_bid": "0.69", "best_ask": "0.7"}, {"asset_id": "13809874271869862836605807588683128507943887680683234293697314933242421192771", "price": "0.31", "size": "2355.05", "side": "SELL", "hash": "ed52e6429694857aeae035650cb80c3285943971", "best_bid": "0.3", "best_ask": "0.31"}], "timestamp": "1769384276000", "event_type": "price_change"}}
{"_local_timestamp": "2026-01-25T23:37:56.079314+00:00", "data": {"market": "0x5cd62df873dd5f7195c4bdacf30f17b44f0862f0b1914e9cc97dd009b8f47d46", "price_changes": [{"asset_id": "38277422968297124567044863236010446869930474064669700603324708469098709719609", "price": "0.72", "size": "0", "side": "BUY", "hash": "43311fde99dbcbea63e40033ecc492c22ecc03f4", "best_bid": "0.77", "best_ask": "0.79"}, {"asset_id": "81620006274912860786542136552485067786112215576828621363441123223528903532039", "price": "0.28", "size": "0", "side": "SELL", "hash": "5e5ea0a20b5a7c30e122193fa3f8e6179262441d", "best_bid": "0.21", "best_ask": "0.23"}], "timestamp": "1769384276000", "event_type": "price_change"}}
{"_local_timestamp": "2026-01-25T23:37:56.154444+00:00", "data": {"market": "0x5cd62df873dd5f7195c4bdacf30f17b44f0862f0b1914e9cc97dd009b8f47d46", "price_changes": [{"asset_id": "38277422968297124567044863236010446869930474064669700603324708469098709719609", "price": "0.72", "size": "200", "side": "BUY", "hash": "860f87127b8b14ecfade372429cc41234ff4ed43", "best_bid": "0.77", "best_ask": "0.79"}, {"asset_id": "81620006274912860786542136552485067786112215576828621363441123223528903532039", "price": "0.28", "size": "200", "side": "SELL", "hash": "a4989cb3a7587341df3bc096d83f4ab4930991ba", "best_bid": "0.21", "best_ask": "0.23"}], "timestamp": "1769384276087", "event_type": "price_change"}}
{"_local_timestamp": "2026-01-25T23:37:56.224722+00:00", "data": {"market": "0x5cd62df873dd5f7195c4bdacf30f17b44f0862f0b1914e9cc97dd009b8f47d46", "price_changes": [{"asset_id": "81620006274912860786542136552485067786112215576828621363441123223528903532039", "price": "0.2", "size": "5594", "side": "BUY", "hash": "a9c3d63e0e6004ffb85efb55828206092e5d3873", "best_bid": "0.21", "best_ask": "0.23"}, {"asset_id": "38277422968297124567044863236010446869930474064669700603324708469098709719609", "price": "0.8", "size": "5594", "side": "SELL", "hash": "828c70c1003e60d61ec3e12c82bf7d8c5e558701", "best_bid": "0.77", "best_ask": "0.79"}], "timestamp": "1769384276155", "event_type": "price_change"}}
{"_local_timestamp": "2026-01-25T23:37:56.577635+00:00", "data": {"market": "0xb3e540bed7f05b65dd8ec650207678de22e2ccb3c65f5e6ae3ccefded4361b3c", "price_changes": [{"asset_id": "21676301344285277057798674879566896208374169873577374251409485879776909883018", "price": "0.68", "size": "516", "side": "BUY", "hash": "bcfa3d82fba2c22fd63239080be9d15d254c1b34", "best_bid": "0.69", "best_ask": "0.7"}, {"asset_id": "13809874271869862836605807588683128507943887680683234293697314933242421192771", "price": "0.32", "size": "516", "side": "SELL", "hash": "e8c12a11e2a267967dd41522cfab64ebddedd13b", "best_bid": "0.3", "best_ask": "0.31"}], "timestamp": "1769384276501", "event_type": "price_change"}}
{"_local_timestamp": "2026-01-25T23:38:00.877758+00:00", "data": {"market": "0xb3e540bed7f05b65dd8ec650207678de22e2ccb3c65f5e6ae3ccefded4361b3c", "price_changes": [{"asset_id": "21676301344285277057798674879566896208374169873577374251409485879776909883018", "price": "0.68", "size": "352", "side": "BUY", "hash": "ba9940c61cd000a66f36ad5476ad63c7a1f5221c", "best_bid": "0.69", "best_ask": "0.7"}, {"asset_id": "13809874271869862836605807588683128507943887680683234293697314933242421192771", "price": "0.32", "size": "352", "side": "SELL", "hash": "bad82af520a9f81d97118b6922b55e361f852171", "best_bid": "0.3", "best_ask": "0.31"}], "timestamp": "1769384280807", "event_type": "price_change"}}
{"_local_timestamp": "2026-01-25T23:38:04.710136+00:00", "data": {"market": "0xb3e540bed7f05b65dd8ec650207678de22e2ccb3c65f5e6ae3ccefded4361b3c", "price_changes": [{"asset_id": "21676301344285277057798674879566896208374169873577374251409485879776909883018", "price": "0.68", "size": "516", "side": "BUY", "hash": "e37f238ee3bbe3a85be6bcac1c1ca96fac26a093", "best_bid": "0.69", "best_ask": "0.7"}, {"asset_id": "13809874271869862836605807588683128507943887680683234293697314933242421192771", "price": "0.32", "size": "516", "side": "SELL", "hash": "1d0c5e633f327c732e9283930b4a33628855a01d", "best_bid": "0.3", "best_ask": "0.31"}], "timestamp": "1769384284631", "event_type": "price_change"}}
{"_local_timestamp": "2026-01-25T23:38:56.096047+00:00", "data": {"market": "0x5cd62df873dd5f7195c4bdacf30f17b44f0862f0b1914e9cc97dd009b8f47d46", "price_changes": [{"asset_id": "38277422968297124567044863236010446869930474064669700603324708469098709719609", "price": "0.72", "size": "0", "side": "BUY", "hash": "0d23f10344ace08ae21a023e0443c333c5c1244c", "best_bid": "0.77", "best_ask": "0.79"}, {"asset_id": "81620006274912860786542136552485067786112215576828621363441123223528903532039", "price": "0.28", "size": "0", "side": "SELL", "hash": "dbfc45dae7790441ab85e57a280839351b4ae5d7", "best_bid": "0.21", "best_ask": "0.23"}], "timestamp": "1769384336001", "event_type": "price_change"}}
{"_local_timestamp": "2026-01-25T23:38:56.115473+00:00", "data": {"market": "0x5cd62df873dd5f7195c4bdacf30f17b44f0862f0b1914e9cc97dd009b8f47d46", "price_changes": [{"asset_id": "81620006274912860786542136552485067786112215576828621363441123223528903532039", "price": "0.2", "size": "5394", "side": "BUY", "hash": "911333cfd81987c874b2b9865d16f00fe3b01609", "best_bid": "0.21", "best_ask": "0.23"}, {"asset_id": "38277422968297124567044863236010446869930474064669700603324708469098709719609", "price": "0.8", "size": "5394", "side": "SELL", "hash": "9801ff63dc3032f5b3e4d1c8afccf0a67a7f928f", "best_bid": "0.77", "best_ask": "0.79"}], "timestamp": "1769384336003", "event_type": "price_change"}}
{"_local_timestamp": "2026-01-25T23:38:56.477742+00:00", "data": {"market": "0x5cd62df873dd5f7195c4bdacf30f17b44f0862f0b1914e9cc97dd009b8f47d46", "price_changes": [{"asset_id": "81620006274912860786542136552485067786112215576828621363441123223528903532039", "price": "0.2", "size": "5594", "side": "BUY", "hash": "5a0b8d98be95e96dcfd1580547f07c44047b272b", "best_bid": "0.21", "best_ask": "0.23"}, {"asset_id": "38277422968297124567044863236010446869930474064669700603324708469098709719609", "price": "0.8", "size": "5594", "side": "SELL", "hash": "90d0e65fcfdd5e87530ad9ab07a0aebe5ea2d1f4", "best_bid": "0.77", "best_ask": "0.79"}], "timestamp": "1769384336408", "event_type": "price_change"}}
{"_local_timestamp": "2026-01-25T23:38:56.524781+00:00", "data": {"market": "0x5cd62df873dd5f7195c4bdacf30f17b44f0862f0b1914e9cc97dd009b8f47d46", "price_changes": [{"asset_id": "38277422968297124567044863236010446869930474064669700603324708469098709719609", "price": "0.72", "size": "200", "side": "BUY", "hash": "4e01964787adc64b8a08e0561970f3f842df5e9e", "best_bid": "0.77", "best_ask": "0.79"}, {"asset_id": "81620006274912860786542136552485067786112215576828621363441123223528903532039", "price": "0.28", "size": "200", "side": "SELL", "hash": "eafed2634ec41690578e901675a8c9198f7c0338", "best_bid": "0.21", "best_ask": "0.23"}], "timestamp": "1769384336455", "event_type": "price_change"}}
