{"_local_timestamp": "2026-01-25T23:41:38.460819+00:00", "data": [{"market": "0xe37dbacb5f7c7a74b8bf48cb4b3584731764a55f727ecfbf201ee9afc4c45820", "asset_id": "59971759041747601557993388760352294497535512568366986508276250346352375060298", "timestamp": "1769383654080", "hash": "2462c476288168108bbcfed7b017884bde3302f4", "bids": [{"price": "0.01", "size": "217.93"}, {"price": "0.02", "size": "24.36"}, {"price": "0.03", "size": "66"}, {"price": "0.04", "size": "74"}, {"price": "0.05", "size": "75.47"}], "asks": [{"price": "0.99", "size": "3230.03"}, {"price": "0.98", "size": "25.97"}, {"price": "0.97", "size": "66"}, {"price": "0.96", "size": "18.29"}, {"price": "0.95", "size": "60"}, {"price": "0.94", "size": "33"}, {"price": "0.93", "size": "118.41"}, {"price": "0.92", "size": "79"}], "event_type": "book", "last_trade_price": ""}, {"market": "0x6d2dc0205bdf847e27375bfe4f5a01628660e0b0633c0780c570a7d9a6f0e89e", "asset_id": "35902499984898849764297707723081773093953805303831096836555330604199864443173", "timestamp": "1769383654080", "hash": "35c34fac13d728e6278ea7fbfb1fe54ba33e48e8", "bids": [{"price": "0.01", "size": "3227.44"}, {"price": "0.02", "size": "25.9"}, {"price": "0.03", "size": "66"}, {"price": "0.04", "size": "19"}, {"price": "0.05", "size": "60"}, {"price": "0.06", "size": "33"}, {"price": "0.07", "size": "118.39"}, {"price": "0.08", "size": "79"}], "asks": [{"price": "0.99", "size": "217.93"}, {"price": "0.98", "size": "24.36"}, {"price": "0.97", "size": "66"}, {"price": "0.96", "size": "74"}, {"price": "0.95", "size": "75.47"}], "event_type": "book", "last_trade_price": ""}, {"market": "0x6d2dc0205bdf847e27375bfe4f5a01628660e0b0633c0780c570a7d9a6f0e89e", "asset_id": "23288522956063709733433719688031240246598628576466055804552133700315394337403", "timestamp": "1769383654080", "hash": "de33bd4ea173e5a7912816cc87bd4c5102c8a590", "bids": [{"price": "0.01", "size": "217.93"}, {"price": "0.02", "size": "24.36"}, {"price": "0.03", "size": "66"}, {"price": "0.04", "size": "74"}, {"price": "0.05", "size": "75.47"}], "asks": [{"price": "0.99", "size": "3227.44"}, {"price": "0.98", "size": "25.9"}, {"price": "0.97", "size": "66"}, {"price": "0.96", "size": "19"}, {"price": "0.95", "size": "60"}, {"price": "0.94", "size": "33"}, {"price": "0.93", "size": "118.39"}, {"price": "0.92", "size": "79"}], "event_type": "book", "last_trade_price": ""}, {"market": "0xe37dbacb5f7c7a74b8bf48cb4b3584731764a55f727ecfbf201ee9afc4c45820", "asset_id": "75985966534571463999612661600623431490461526868714495866028130155979618799176", "timestamp": "1769383654080", "hash": "f6acb194db87baeddd8d626953d3281ea67117a7", "bids": [{"price": "0.01", "size": "3230.03"}, {"price": "0.02", "size": "25.97"}, {"price": "0.03", "size": "66"}, {"price": "0.04", "size": "18.29"}, {"price": "0.05", "size": "60"}, {"price": "0.06", "size": "33"}, {"price": "0.07", "size": "118.41"}, {"price": "0.08", "size": "79"}], "asks": [{"price": "0.99", "size": "217.93"}, {"price": "0.98", "size": "24.36"}, {"price": "0.97", "size": "66"}, {"price": "0.96", "size": "74"}, {"price": "0.95", "size": "75.47"}], "event_type": "book", "last_trade_price": ""}, {"market": "0xb955e3ef6e81ea3c2c50630d018144acfa16d98fd2e6d738f647c8206081519b", "asset_id": "43084738659885300633150933193929828588764196605764959839593266110861874008958", "timestamp": "1769383654086", "hash": "1acf180dba2820c6ca852b13c998183074ef1ffa", "bids": [{"price": "0.01", "size": "3227.44"}, {"price": "0.02", "size": "25.9"}, {"price": "0.03", "size": "66"}, {"price": "0.04", "size": "6.53"}, {"price": "0.05", "size": "69.98"}, {"price": "0.06", "size": "33"}, {"price": "0.07", "size": "118.39"}, {"price": "0.08", "size": "79"}], "asks": [{"price": "0.99", "size": "217.93"}, {"price": "0.98", "size": "24.36"}, {"price": "0.97", "size": "66"}, {"price": "0.96", "size": "74"}, {"price": "0.95", "size": "75.47"}], "event_type": "book", "last_trade_price": ""}, {"market": "0xb955e3ef6e81ea3c2c50630d018144acfa16d98fd2e6d738f647c8206081519b", "asset_id": "6139829904734007385975113990850629326252397380996404951804017399229212531821", "timestamp": "1769383654086", "hash": "944c995554a5e493f8e5e4208a34ac27e05aeeb9", "bids": [{"price": "0.01", "size": "217.93"}, {"price": "0.02", "size": "24.36"}, {"price": "0.03", "size": "66"}, {"price": "0.04", "size": "74"}, {"price": "0.05", "size": "75.47"}], "asks": [{"price": "0.99", "size": "3227.44"}, {"price": "0.98", "size": "25.9"}, {"price": "0.97", "size": "66"}, {"price": "0.96", "size": "6.53"}, {"price": "0.95", "size": "69.98"}, {"price": "0.94", "size": "33"}, {"price": "0.93", "size": "118.39"}, {"price": "0.92", "size": "79"}], "event_type": "book", "last_trade_price": ""}]}
{"_local_timestamp": "2026-01-25T23:42:50.257619+00:00", "data": {"market": "0xb955e3ef6e81ea3c2c50630d018144acfa16d98fd2e6d738f647c8206081519b", "price_changes": [{"asset_id": "43084738659885300633150933193929828588764196605764959839593266110861874008958", "price": "0.05", "size": "60", "side": "BUY", "hash": "6c924c280455798bc31e81ad9cdb3cde2ccebfb9", "best_bid": "0.08", "best_ask": "0.95"}, {"asset_id": "6139829904734007385975113990850629326252397380996404951804017399229212531821", "price": "0.95", "size": "60", "side": "SELL", "hash": "f248ea400d5a8e6e46ecdaabe33bc9d7d9139435", "best_bid": "0.05", "best_ask": "0.92"}], "timestamp": "1769384570094", "event_type": "price_change"}}
{"_local_timestamp": "2026-01-25T23:42:50.258591+00:00", "data": {"market": "0xe37dbacb5f7c7a74b8bf48cb4b3584731764a55f727ecfbf201ee9afc4c45820", "price_changes": [{"asset_id": "75985966534571463999612661600623431490461526868714495866028130155979618799176", "price": "0.01", "size": "3200", "side": "BUY", "hash": "1b1dc19985731169383e7d508707b8f7f8098889", "best_bid": "0.08", "best_ask": "0.95"}, {"asset_id": "59971759041747601557993388760352294497535512568366986508276250346352375060298", "price": "0.99", "size": "3200", "side": "SELL", "hash": "9df06afad26a8c172cb49d8b747c27608bb3a65b", "best_bid": "0.05", "best_ask": "0.92"}], "timestamp": "1769384570094", "event_type": "price_change"}}
