{"_local_timestamp": "2026-01-25T23:40:54.118685+00:00", "data": [{"market": "0xfcef865b5029310e23098b7052cf0c9f1a74e25c2ffc467b1762dba454d84d44", "asset_id": "73530143346776618068966941239072932088771296017010889161448179656872426721888", "timestamp": "1769384370327", "hash": "1ee85e4cbf9fd1c14493e21c7a0779c7754c7f22", "bids": [{"price": "0.01", "size": "85892.94"}, {"price": "0.02", "size": "700"}, {"price": "0.05", "size": "500"}, {"price": "0.08", "size": "300"}, {"price": "0.52", "size": "100"}, {"price": "0.53", "size": "405"}, {"price": "0.54", "size": "181"}, {"price": "0.55", "size": "8276.11"}, {"price": "0.56", "size": "9934.82"}, {"price": "0.57", "size": "164"}], "asks": [{"price": "0.99", "size": "85887.94"}, {"price": "0.98", "size": "700"}, {"price": "0.95", "size": "500"}, {"price": "0.92", "size": "300"}, {"price": "0.63", "size": "100"}, {"price": "0.62", "size": "2126"}, {"price": "0.61", "size": "8297.11"}, {"price": "0.6", "size": "7396.11"}, {"price": "0.59", "size": "3578.54"}], "event_type": "book", "last_trade_price": "0.400"}, {"market": "0x689f2bc7ca74f951f5ef5ee46c0b8f5eb4fcf184907dd9f69c19529844d6d416", "asset_id": "13688883295678001276792158244036912161301864636922709659029780709987533255655", "timestamp": "1769384387262", "hash": "5e22b04bccbb95f40bc31bcd4ca4dc36d9976abd", "bids": [{"price": "0.01", "size": "91938.55"}, {"price": "0.02", "size": "725"}, {"price": "0.05", "size": "520"}, {"price": "0.06", "size": "33"}, {"price": "0.36", "size": "116"}, {"price": "0.37", "size": "131"}], "asks": [{"price": "0.99", "size": "91983.55"}, {"price": "0.98", "size": "700"}, {"price": "0.95", "size": "520"}, {"price": "0.94", "size": "33"}, {"price": "0.92", "size": "300"}, {"price": "0.41", "size": "81"}, {"price": "0.4", "size": "131"}], "event_type": "book", "last_trade_price": ""}, {"market": "0xfcef865b5029310e23098b7052cf0c9f1a74e25c2ffc467b1762dba454d84d44", "asset_id": "42135961816408133329427741739270935785240852940501743547559002335790549112042", "timestamp": "1769384370327", "hash": "a93505afcc7e5230e3c1e683a230e90a993c8be0", "bids": [{"price": "0.01", "size": "85887.94"}, {"price": "0.02", "size": "700"}, {"price": "0.05", "size": "500"}, {"price": "0.08", "size": "300"}, {"price": "0.37", "size": "100"}, {"price": "0.38", "size": "2126"}, {"price": "0.39", "size": "8297.11"}, {"price": "0.4", "size": "7396.11"}, {"price": "0.41", "size": "3578.54"}], "asks": [{"price": "0.99", "size": "85892.94"}, {"price": "0.98", "size": "700"}, {"price": "0.95", "size": "500"}, {"price": "0.92", "size": "300"}, {"price": "0.48", "size": "100"}, {"price": "0.47", "size": "405"}, {"price": "0.46", "size": "181"}, {"price": "0.45", "size": "8276.11"}, {"price": "0.44", "size": "9934.82"}, {"price": "0.43", "size": "164"}], "event_type": "book", "last_trade_price": "0.400"}, {"market": "0x5cd62df873dd5f7195c4bdacf30f17b44f0862f0b1914e9cc97dd009b8f47d46", "asset_id": "38277422968297124567044863236010446869930474064669700603324708469098709719609", "timestamp": "1769384422755", "hash": "33f29d10d87acfa1f40e2a4329bd129c9c49cdf7", "bids": [{"price": "0.01", "size": "85887.94"}, {"price": "0.02", "size": "700"}, {"price": "0.05", "size": "500"}, {"price": "0.08", "size": "300"}, {"price": "0.71", "size": "100"}, {"price": "0.72", "size": "200"}, {"price": "0.74", "size": "3629"}, {"price": "0.75", "size": "10281.11"}, {"price": "0.76", "size": "8445.11"}, {"price": "0.77", "size": "3071.79"}], "asks": [{"price": "0.99", "size": "85892.94"}, {"price": "0.83", "size": "4245"}, {"price": "0.82", "size": "8881.11"}, {"price": "0.81", "size": "9671.11"}, {"price": "0.8", "size": "5594"}, {"price": "0.79", "size": "2949.71"}], "event_type": "book", "last_trade_price": "0.220"}, {"market": "0xb3e540bed7f05b65dd8ec650207678de22e2ccb3c65f5e6ae3ccefded4361b3c", "asset_id": "13809874271869862836605807588683128507943887680683234293697314933242421192771", "timestamp": "1769384445547", "hash": "3c8e926d2b51ce3c36feb3c76fd72b2ebec3c453", "bids": [{"price": "0.01", "size": "96.5"}, {"price": "0.02", "size": "700"}, {"price": "0.26", "size": "2336"}, {"price": "0.27", "size": "2628"}, {"price": "0.28", "size": "1610"}, {"price": "0.29", "size": "2710.34"}, {"price": "0.3", "size": "164"}], "asks": [{"price": "0.99", "size": "91.5"}, {"price": "0.98", "size": "700"}, {"price": "0.95", "size": "500"}, {"price": "0.92", "size": "300"}, {"price": "0.37", "size": "100"}, {"price": "0.35", "size": "2226"}, {"price": "0.34", "size": "2466"}, {"price": "0.33", "size": "1580"}, {"price": "0.32", "size": "516"}, {"price": "0.31", "size": "2355.05"}], "event_type": "book", "last_trade_price": "0.690"}, {"market": "0x3b51467dceaf8571eb9e4cc006b1be943611133e44d9585c91cbc47debac2627", "asset_id": "64665882400122406967045532440319085096613133609156314785403503793450026783030", "timestamp": "1769384221191", "hash": "bb39b8ce065b29ad819adc532ffd350d3884e620", "bids": [{"price": "0.01", "size": "44093.83"}, {"price": "0.1", "size": "10562.11"}, {"price": "0.11", "size": "10238.11"}, {"price": "0.12", "size": "2961.67"}, {"price": "0.13", "size": "7.5"}], "asks": [{"price": "0.99", "size": "85887.94"}, {"price": "0.98", "size": "700"}, {"price": "0.95", "size": "500"}, {"price": "0.92", "size": "300"}, {"price": "0.22", "size": "80"}, {"price": "0.21", "size": "184"}, {"price": "0.2", "size": "111"}, {"price": "0.17", "size": "2619"}, {"price": "0.16", "size": "8166.11"}, {"price": "0.15", "size": "6113.11"}, {"price": "0.14", "size": "2736.76"}], "event_type": "book", "last_trade_price": "0.860"}, {"market": "0x5cd62df873dd5f7195c4bdacf30f17b44f0862f0b1914e9cc97dd009b8f47d46", "asset_id": "81620006274912860786542136552485067786112215576828621363441123223528903532039", "timestamp": "1769384422755", "hash": "9a0dde40f04e2bfaae6e19176bfc8e11fec7af42", "bids": [{"price": "0.01", "size": "85892.94"}, {"price": "0.17", "size": "4245"}, {"price": "0.18", "size": "8881.11"}, {"price": "0.19", "size": "9671.11"}, {"price": "0.2", "size": "5594"}, {"price": "0.21", "size": "2949.71"}], "asks": [{"price": "0.99", "size": "85887.94"}, {"price": "0.98", "size": "700"}, {"price": "0.95", "size": "500"}, {"price": "0.92", "size": "300"}, {"price": "0.29", "size": "100"}, {"price": "0.28", "size": "200"}, {"price": "0.26", "size": "3629"}, {"price": "0.25", "size": "10281.11"}, {"price": "0.24", "size": "8445.11"}, {"price": "0.23", "size": "3071.79"}], "event_type": "book", "last_trade_price": "0.220"}, {"market": "0x30b64a0a264971acb5a878da76e591d4eba46ec94ccf29a3efb4d2275de9879b", "asset_id": "79873671753091159203838713496689089974558055167116859765689808579056198783311", "timestamp": "1769384176130", "hash": "c29d1e6119b6fb3f4852d6f5f51656d8716d73ca", "bids": [{"price": "0.01", "size": "6095.61"}, {"price": "0.02", "size": "346"}, {"price": "0.03", "size": "3121"}, {"price": "0.04", "size": "3238.91"}], "asks": [{"price": "0.99", "size": "91887.05"}, {"price": "0.98", "size": "700"}, {"price": "0.95", "size": "500"}, {"price": "0.92", "size": "300"}, {"price": "0.14", "size": "194"}, {"price": "0.13", "size": "106"}, {"price": "0.12", "size": "103"}, {"price": "0.11", "size": "5.47"}, {"price": "0.06", "size": "2945.28"}, {"price": "0.05", "size": "2884.21"}], "event_type": "book", "last_trade_price": "0.040"}, {"market": "0x689f2bc7ca74f951f5ef5ee46c0b8f5eb4fcf184907dd9f69c19529844d6d416", "asset_id": "38406932137014719642745747955440768125753717099958648412630477673794359665653", "timestamp": "1769384387262", "hash": "af485188e44616f523b318e5f2fcf12450f1d4cd", "bids": [{"price": "0.01", "size": "91983.55"}, {"price": "0.02", "size": "700"}, {"price": "0.05", "size": "520"}, {"price": "0.06", "size": "33"}, {"price": "0.08", "size": "300"}, {"price": "0.59", "size": "81"}, {"price": "0.6", "size": "131"}], "asks": [{"price": "0.99", "size": "91938.55"}, {"price": "0.98", "size": "725"}, {"price": "0.95", "size": "520"}, {"price": "0.94", "size": "33"}, {"price": "0.64", "size": "116"}, {"price": "0.63", "size": "131"}], "event_type": "book", "last_trade_price": ""}, {"market": "0x3b51467dceaf8571eb9e4cc006b1be943611133e44d9585c91cbc47debac2627", "asset_id": "8636272079981793301557198309297943148530912074503036159938727698085195103125", "timestamp": "1769384221191", "hash": "dc56e275bd657a18f8cc3fe148c169ce259aeee2", "bids": [{"price": "0.01", "size": "85887.94"}, {"price": "0.02", "size": "700"}, {"price": "0.05", "size": "500"}, {"price": "0.08", "size": "300"}, {"price": "0.78", "size": "80"}, {"price": "0.79", "size": "184"}, {"price": "0.8", "size": "111"}, {"price": "0.83", "size": "2619"}, {"price": "0.84", "size": "8166.11"}, {"price": "0.85", "size": "6113.11"}, {"price": "0.86", "size": "2736.76"}], "asks": [{"price": "0.99", "size": "44093.83"}, {"price": "0.9", "size": "10562.11"}, {"price": "0.89", "size": "10238.11"}, {"price": "0.88", "size": "2961.67"}, {"price": "0.87", "size": "7.5"}], "event_type": "book", "last_trade_price": "0.860"}, {"market": "0xb3e540bed7f05b65dd8ec650207678de22e2ccb3c65f5e6ae3ccefded4361b3c", "asset_id": "21676301344285277057798674879566896208374169873577374251409485879776909883018", "timestamp": "1769384445547", "hash": "c0a49c4e1c6960c816a557ca1720e3ed6a3bad19", "bids": [{"price": "0.01", "size": "91.5"}, {"price": "0.02", "size": "700"}, {"price": "0.05", "size": "500"}, {"price": "0.08", "size": "300"}, {"price": "0.63", "size": "100"}, {"price": "0.65", "size": "2226"}, {"price": "0.66", "size": "2466"}, {"price": "0.67", "size": "1580"}, {"price": "0.68", "size": "516"}, {"price": "0.69", "size": "2355.05"}], "asks": [{"price": "0.99", "size": "96.5"}, {"price": "0.98", "size": "700"}, {"price": "0.74", "size": "2336"}, {"price": "0.73", "size": "2628"}, {"price": "0.72", "size": "1610"}, {"price": "0.71", "size": "2710.34"}, {"price": "0.7", "size": "164"}], "event_type": "book", "last_trade_price": "0.690"}, {"market": "0x30b64a0a264971acb5a878da76e591d4eba46ec94ccf29a3efb4d2275de9879b", "asset_id": "94578379189492106683804466806128880108833141790850950184532667808133837881210", "timestamp": "1769384176130", "hash": "fc027b2b05f8e87d2a894a0b70ca45e8b1d0f8ed", "bids": [{"price": "0.01", "size": "91887.05"}, {"price": "0.02", "size": "700"}, {"price": "0.05", "size": "500"}, {"price": "0.08", "size": "300"}, {"price": "0.86", "size": "194"}, {"price": "0.87", "size": "106"}, {"price": "0.88", "size": "103"}, {"price": "0.89", "size": "5.47"}, {"price": "0.94", "size": "2945.28"}, {"price": "0.95", "size": "2884.21"}], "asks": [{"price": "0.99", "size": "6095.61"}, {"price": "0.98", "size": "346"}, {"price": "0.97", "size": "3121"}, {"price": "0.96", "size": "3238.91"}], "event_type": "book", "last_trade_price": "0.040"}]}
{"_local_timestamp": "2026-01-25T23:40:57.077161+00:00", "data": {"market": "0x5cd62df873dd5f7195c4bdacf30f17b44f0862f0b1914e9cc97dd009b8f47d46", "price_changes": [{"asset_id": "38277422968297124567044863236010446869930474064669700603324708469098709719609", "price": "0.72", "size": "0", "side": "BUY", "hash": "35c914ed46e3a6a3f239c96e4a23e9a4f66a75ef", "best_bid": "0.77", "best_ask": "0.79"}, {"asset_id": "81620006274912860786542136552485067786112215576828621363441123223528903532039", "price": "0.28", "size": "0", "side": "SELL", "hash": "fd9cd8ce34b3fd987ae7f49106833de83306d04f", "best_bid": "0.21", "best_ask": "0.23"}], "timestamp": "1769384457000", "event_type": "price_change"}}
{"_local_timestamp": "2026-01-25T23:40:57.099880+00:00", "data": {"market": "0x5cd62df873dd5f7195c4bdacf30f17b44f0862f0b1914e9cc97dd009b8f47d46", "price_changes": [{"asset_id": "81620006274912860786542136552485067786112215576828621363441123223528903532039", "price": "0.2", "size": "5394", "side": "BUY", "hash": "07f56d210c939e71b9e935d57770f180bc78b8c0", "best_bid": "0.21", "best_ask": "0.23"}, {"asset_id": "38277422968297124567044863236010446869930474064669700603324708469098709719609", "price": "0.8", "size": "5394", "side": "SELL", "hash": "da7ba90240d130480dc8a92d000d869e668f2a52", "best_bid": "0.77", "best_ask": "0.79"}], "timestamp": "1769384457003", "event_type": "price_change"}}
{"_local_timestamp": "2026-01-25T23:40:57.197537+00:00", "data": {"market": "0x5cd62df873dd5f7195c4bdacf30f17b44f0862f0b1914e9cc97dd009b8f47d46", "price_changes": [{"asset_id": "81620006274912860786542136552485067786112215576828621363441123223528903532039", "price": "0.2", "size": "5594", "side": "BUY", "hash": "e9a0425ff916fa32ab3e31fe77f2baf52a068b65", "best_bid": "0.21", "best_ask": "0.23"}, {"asset_id": "38277422968297124567044863236010446869930474064669700603324708469098709719609", "price": "0.8", "size": "5594", "side": "SELL", "hash": "f02a9835b58282e910505e7cbb38f2ff43e0e7a9", "best_bid": "0.77", "best_ask": "0.79"}], "timestamp": "1769384457124", "event_type": "price_change"}}
{"_local_timestamp": "2026-01-25T23:40:57.198077+00:00", "data": {"market": "0x5cd62df873dd5f7195c4bdacf30f17b44f0862f0b1914e9cc97dd009b8f47d46", "price_changes": [{"asset_id": "38277422968297124567044863236010446869930474064669700603324708469098709719609", "price": "0.72", "size": "200", "side": "BUY", "hash": "c3eb006239f70e4a487c3cf34daa387ede47f347", "best_bid": "0.77", "best_ask": "0.79"}, {"asset_id": "81620006274912860786542136552485067786112215576828621363441123223528903532039", "price": "0.28", "size": "200", "side": "SELL", "hash": "db43d476058fe7c9d1515ee6fe33a7d196adb538", "best_bid": "0.21", "best_ask": "0.23"}], "timestamp": "1769384457124", "event_type": "price_change"}}
{"_local_timestamp": "2026-01-25T23:41:07.266867+00:00", "data": {"market": "0x5cd62df873dd5f7195c4bdacf30f17b44f0862f0b1914e9cc97dd009b8f47d46", "price_changes": [{"asset_id": "38277422968297124567044863236010446869930474064669700603324708469098709719609", "price": "0.77", "size": "2907.79", "side": "BUY", "hash": "cd22163b809b3c2c4a4cf9fe7ca0edec7a628380", "best_bid": "0.77", "best_ask": "0.79"}, {"asset_id": "81620006274912860786542136552485067786112215576828621363441123223528903532039", "price": "0.23", "size": "2907.79", "side": "SELL", "hash": "de3a6fd2c9f404d3b8c5ea0ba475e69b09bdbf95", "best_bid": "0.21", "best_ask": "0.23"}], "timestamp": "1769384467188", "event_type": "price_change"}}
{"_local_timestamp": "2026-01-25T23:41:10.124327+00:00", "data": {"market": "0x5cd62df873dd5f7195c4bdacf30f17b44f0862f0b1914e9cc97dd009b8f47d46", "price_changes": [{"asset_id": "38277422968297124567044863236010446869930474064669700603324708469098709719609", "price": "0.77", "size": "3071.79", "side": "BUY", "hash": "f7bcff9561d2a40b4cb65cc6ffe0976fb5cb6b21", "best_bid": "0.77", "best_ask": "0.79"}, {"asset_id": "81620006274912860786542136552485067786112215576828621363441123223528903532039", "price": "0.23", "size": "3071.79", "side": "SELL", "hash": "a14047cb8bbd680139ebfc75c175c1ccda4992be", "best_bid": "0.21", "best_ask": "0.23"}], "timestamp": "1769384469414", "event_type": "price_change"}}
{"_local_timestamp": "2026-01-25T23:41:13.889306+00:00", "data": {"market": "0x5cd62df873dd5f7195c4bdacf30f17b44f0862f0b1914e9cc97dd009b8f47d46", "price_changes": [{"asset_id": "38277422968297124567044863236010446869930474064669700603324708469098709719609", "price": "0.77", "size": "2907.79", "side": "BUY", "hash": "667144cec79bfa9edf39ef89f0094cf45b5c489e", "best_bid": "0.77", "best_ask": "0.79"}, {"asset_id": "81620006274912860786542136552485067786112215576828621363441123223528903532039", "price": "0.23", "size": "2907.79", "side": "SELL", "hash": "9f5bdd21d6c94158c6bd59a0e90f8a22927e81d4", "best_bid": "0.21", "best_ask": "0.23"}], "timestamp": "1769384473820", "event_type": "price_change"}}
{"_local_timestamp": "2026-01-25T23:41:20.271071+00:00", "data": {"market": "0x5cd62df873dd5f7195c4bdacf30f17b44f0862f0b1914e9cc97dd009b8f47d46", "price_changes": [{"asset_id": "38277422968297124567044863236010446869930474064669700603324708469098709719609", "price": "0.77", "size": "3071.79", "side": "BUY", "hash": "f34b2de3b9544e6d4caad12fa619035767a131a8", "best_bid": "0.77", "best_ask": "0.79"}, {"asset_id": "81620006274912860786542136552485067786112215576828621363441123223528903532039", "price": "0.23", "size": "3071.79", "side": "SELL", "hash": "38da50c555c64890278ea1549f532fbecdcd9ef8", "best_bid": "0.21", "best_ask": "0.23"}], "timestamp": "1769384480190", "event_type": "price_change"}}
{"_local_timestamp": "2026-01-25T23:41:21.135747+00:00", "data": {"market": "0x5cd62df873dd5f7195c4bdacf30f17b44f0862f0b1914e9cc97dd009b8f47d46", "price_changes": [{"asset_id": "38277422968297124567044863236010446869930474064669700603324708469098709719609", "price": "0.77", "size": "2907.79", "side": "BUY", "hash": "46cca599e0520f74bd135f4c8d3998d05ba66fbb", "best_bid": "0.77", "best_ask": "0.79"}, {"asset_id": "81620006274912860786542136552485067786112215576828621363441123223528903532039", "price": "0.23", "size": "2907.79", "side": "SELL", "hash": "bb03d2a1e77bcd65da879bf28075ac434e21a495", "best_bid": "0.21", "best_ask": "0.23"}], "timestamp": "1769384481021", "event_type": "price_change"}}
