{"_local_timestamp": "2026-01-25T23:33:56.408889+00:00", "data": [{"market": "0x48aa6f97e90eecc8187f4f67bd1feda67b694e3410fd66bbd2d9c6d0620cf88d", "asset_id": "84729631521737017378078231424317476936049517326811642483057852026250669600283", "timestamp": "1769382534596", "hash": "fde6841184abc9ab8f6bf908b44e569311bfec3d", "bids": [{"price": "0.01", "size": "558.11"}, {"price": "0.02", "size": "156.69"}, {"price": "0.03", "size": "82.43"}, {"price": "0.04", "size": "5.47"}], "asks": [{"price": "0.99", "size": "550"}, {"price": "0.98", "size": "385"}], "event_type": "book", "last_trade_price": ""}, {"market": "0x48aa6f97e90eecc8187f4f67bd1feda67b694e3410fd66bbd2d9c6d0620cf88d", "asset_id": "65899649410187199009683019109327521822674410515946730066743050064717177243523", "timestamp": "1769382534596", "hash": "97682d50250a7711623deb10c335fa0178386459", "bids": [{"price": "0.01", "size": "550"}, {"price": "0.02", "size": "385"}], "asks": [{"price": "0.99", "size": "558.11"}, {"price": "0.98", "size": "156.69"}, {"price": "0.97", "size": "82.43"}, {"price": "0.96", "size": "5.47"}], "event_type": "book", "last_trade_price": ""}, {"market": "0xcaf6b84a05fd657dbfb421d9d8c20a53060761f8fe38c2ab2bc8220c9eab9ed9", "asset_id": "102292717191666645994501431900714336760093997245701996160909805071246790713487", "timestamp": "1769383638450", "hash": "daa06f68045377fb29a34499056605596cd8a943", "bids": [{"price": "0.01", "size": "171.1"}, {"price": "0.02", "size": "150"}, {"price": "0.03", "size": "26.3"}, {"price": "0.04", "size": "5.47"}, {"price": "0.08", "size": "68.75"}, {"price": "0.09", "size": "34"}, {"price": "0.1", "size": "130"}, {"price": "0.17", "size": "15"}], "asks": [{"price": "0.99", "size": "567.63"}, {"price": "0.98", "size": "158.38"}, {"price": "0.97", "size": "208.32"}, {"price": "0.96", "size": "19.9"}], "event_type": "book", "last_trade_price": ""}, {"market": "0x6c41f8b8c3d7bd7302ec590715dc931cddff58f5c6714c38281ec4aa07a61aa7", "asset_id": "3802402730551483002407119784617129425737662747168533992504755754252911314686", "timestamp": "1769382786195", "hash": "c591326cfa30b6ce366a7cf7bc3ec200aec6cfde", "bids": [{"price": "0.01", "size": "550"}, {"price": "0.02", "size": "385"}], "asks": [{"price": "0.99", "size": "564.79"}, {"price": "0.98", "size": "163.72"}, {"price": "0.97", "size": "75"}, {"price": "0.96", "size": "6.21"}, {"price": "0.94", "size": "10.95"}], "event_type": "book", "last_trade_price": ""}, {"market": "0x6c41f8b8c3d7bd7302ec590715dc931cddff58f5c6714c38281ec4aa07a61aa7", "asset_id": "100061975579989362521856088748941724935231285855322484879895859992190910449555", "timestamp": "1769382786195", "hash": "e349a69fb85761f748a14a7388202250176f90b0", "bids": [{"price": "0.01", "size": "564.79"}, {"price": "0.02", "size": "163.72"}, {"price": "0.03", "size": "75"}, {"price": "0.04", "size": "6.21"}, {"price": "0.06", "size": "10.95"}], "asks": [{"price": "0.99", "size": "550"}, {"price": "0.98", "size": "385"}], "event_type": "book", "last_trade_price": ""}, {"market": "0xcaf6b84a05fd657dbfb421d9d8c20a53060761f8fe38c2ab2bc8220c9eab9ed9", "asset_id": "88062736342208398140601162604797549797546620148019846754305242188750789138345", "timestamp": "1769383638450", "hash": "d544bc64dc7a0d75515b641994ab78fb6ee7b66a", "bids": [{"price": "0.01", "size": "567.63"}, {"price": "0.02", "size": "158.38"}, {"price": "0.03", "size": "208.32"}, {"price": "0.04", "size": "19.9"}], "asks": [{"price": "0.99", "size": "171.1"}, {"price": "0.98", "size": "150"}, {"price": "0.97", "size": "26.3"}, {"price": "0.96", "size": "5.47"}, {"price": "0.92", "size": "68.75"}, {"price": "0.91", "size": "34"}, {"price": "0.9", "size": "130"}, {"price": "0.83", "size": "15"}], "event_type": "book", "last_trade_price": ""}, {"market": "0x113727df52992ceaf0bda9b719cac367b891420a9974c39535aa626b25a8f576", "asset_id": "115187082580228587051003640477677226788536249805906583598150251585112256950662", "timestamp": "1769383849819", "hash": "f571c9d70e801a5b1c97888588f9fa2441e5c58d", "bids": [{"price": "0.01", "size": "550"}, {"price": "0.02", "size": "385"}], "asks": [{"price": "0.99", "size": "570.27"}, {"price": "0.98", "size": "160.16"}, {"price": "0.97", "size": "81.59"}, {"price": "0.95", "size": "13.39"}], "event_type": "book", "last_trade_price": ""}, {"market": "0xb2ad95e523dce1279adc37e46fb40a48aa39ea23e1647dba21e6ffc570243924", "asset_id": "47315550612902302243881294061960384578430154748854605701375749881122977335399", "timestamp": "1769382722516", "hash": "1daedbf9430659d4840f53132023a5cf2494ca49", "bids": [{"price": "0.01", "size": "664.79"}, {"price": "0.02", "size": "163.72"}, {"price": "0.03", "size": "75"}, {"price": "0.04", "size": "6.21"}, {"price": "0.05", "size": "30"}, {"price": "0.06", "size": "10.95"}], "asks": [{"price": "0.99", "size": "668.81"}, {"price": "0.98", "size": "158.94"}, {"price": "0.97", "size": "205.67"}, {"price": "0.96", "size": "11.56"}, {"price": "0.95", "size": "36"}], "event_type": "book", "last_trade_price": ""}, {"market": "0xb2ad95e523dce1279adc37e46fb40a48aa39ea23e1647dba21e6ffc570243924", "asset_id": "63252860797291991709558826539586470819807269347373049808372856273309131083599", "timestamp": "1769382722516", "hash": "fb188938db7e7fc9eec3543c4fa259ad67d43808", "bids": [{"price": "0.01", "size": "668.81"}, {"price": "0.02", "size": "158.94"}, {"price": "0.03", "size": "205.67"}, {"price": "0.04", "size": "11.56"}, {"price": "0.05", "size": "36"}], "asks": [{"price": "0.99", "size": "664.79"}, {"price": "0.98", "size": "163.72"}, {"price": "0.97", "size": "75"}, {"price": "0.96", "size": "6.21"}, {"price": "0.95", "size": "30"}, {"price": "0.94", "size": "10.95"}], "event_type": "book", "last_trade_price": ""}, {"market": "0x113727df52992ceaf0bda9b719cac367b891420a9974c39535aa626b25a8f576", "asset_id": "93888592794241681797602745784500709418660125804115283245526636069325300688990", "timestamp": "1769383849819", "hash": "3e6a0d21298646c852683161068b37d93a4eb4d8", "bids": [{"price": "0.01", "size": "570.27"}, {"price": "0.02", "size": "160.16"}, {"price": "0.03", "size": "81.59"}, {"price": "0.05", "size": "13.39"}], "asks": [{"price": "0.99", "size": "550"}, {"price": "0.98", "size": "385"}], "event_type": "book", "last_trade_price": ""}]}
