{"_local_timestamp": "2026-01-25T23:40:59.906120+00:00", "data": [{"market": "0x3ecd1f4040145194aa3777b1384c39ed99e4ac1e3c605172b8b3b6e5e3a9f354", "asset_id": "85385488252277283771723689936112719336513814208443720110757229041152756418848", "timestamp": "1769382534181", "hash": "6154f3a217c79d6a76a23a4da180c636971d888d", "bids": [{"price": "0.01", "size": "96"}, {"price": "0.02", "size": "159.6"}, {"price": "0.03", "size": "78"}, {"price": "0.04", "size": "8.2"}, {"price": "0.07", "size": "264.28"}, {"price": "0.08", "size": "5.99"}, {"price": "0.13", "size": "350"}, {"price": "0.14", "size": "7.14"}], "asks": [{"price": "0.99", "size": "101.25"}, {"price": "0.98", "size": "850"}, {"price": "0.97", "size": "8.32"}, {"price": "0.95", "size": "500"}, {"price": "0.92", "size": "300"}, {"price": "0.91", "size": "7.19"}, {"price": "0.84", "size": "104"}, {"price": "0.76", "size": "54.16"}, {"price": "0.75", "size": "44"}, {"price": "0.26", "size": "350"}], "event_type": "book", "last_trade_price": ""}, {"market": "0x3fc708959fc3958cd390a22381122793dce645616dc550da625aa5683f6b2731", "asset_id": "71619662412747441546890868670766510833759279277554089865950342712353322681347", "timestamp": "1769382591023", "hash": "d8c109dd598b5dc2a647d9c6daa9f15c18fa8d07", "bids": [{"price": "0.01", "size": "582.16"}, {"price": "0.02", "size": "160.42"}, {"price": "0.03", "size": "217.82"}, {"price": "0.04", "size": "15"}, {"price": "0.05", "size": "6.9"}], "asks": [{"price": "0.99", "size": "101.39"}, {"price": "0.98", "size": "850"}, {"price": "0.97", "size": "8.4"}, {"price": "0.95", "size": "500"}, {"price": "0.92", "size": "300"}, {"price": "0.91", "size": "7.15"}, {"price": "0.84", "size": "104"}, {"price": "0.74", "size": "50"}, {"price": "0.73", "size": "40.74"}, {"price": "0.14", "size": "350"}], "event_type": "book", "last_trade_price": ""}, {"market": "0x15e6518bfa8641b4e98416e942bdb22583a96a9a7c97e9a19cacc730f90ff034", "asset_id": "90802963781582848667147415310026820194895540846880467092556939075965206416593", "timestamp": "1769384339381", "hash": "bc187c2b689798e794d30f8af9095a70ed8b150f", "bids": [{"price": "0.01", "size": "150.39"}, {"price": "0.02", "size": "850"}, {"price": "0.03", "size": "5.95"}, {"price": "0.05", "size": "530"}, {"price": "0.06", "size": "33"}, {"price": "0.07", "size": "10.25"}, {"price": "0.13", "size": "239"}, {"price": "0.22", "size": "59.09"}, {"price": "0.23", "size": "47.82"}, {"price": "0.51", "size": "350"}], "asks": [{"price": "0.99", "size": "156.19"}, {"price": "0.98", "size": "850"}, {"price": "0.97", "size": "5.03"}, {"price": "0.95", "size": "530"}, {"price": "0.91", "size": "8.19"}, {"price": "0.9", "size": "593"}, {"price": "0.84", "size": "81.25"}, {"price": "0.83", "size": "64.7"}, {"price": "0.64", "size": "350"}], "event_type": "book", "last_trade_price": ""}, {"market": "0x0410facd90e4934149ac006763aa81ccc08d0af92748a88eeaaa12ccfd1e917e", "asset_id": "48922151103805042137806153803747244378753459412477715035281459021980455730056", "timestamp": "1769384339381", "hash": "3d2c8007a25d187fd702d5f4ead8fb67487d2f0e", "bids": [{"price": "0.01", "size": "96.18"}, {"price": "0.02", "size": "158.61"}, {"price": "0.04", "size": "1000"}, {"price": "0.05", "size": "15.51"}, {"price": "0.17", "size": "76.47"}, {"price": "0.18", "size": "61.11"}, {"price": "0.3", "size": "350"}], "asks": [{"price": "0.99", "size": "101.01"}, {"price": "0.98", "size": "859.31"}, {"price": "0.95", "size": "500"}, {"price": "0.94", "size": "12.72"}, {"price": "0.86", "size": "219"}, {"price": "0.76", "size": "54.16"}, {"price": "0.75", "size": "44"}, {"price": "0.43", "size": "350"}], "event_type": "book", "last_trade_price": ""}, {"market": "0x3ecd1f4040145194aa3777b1384c39ed99e4ac1e3c605172b8b3b6e5e3a9f354", "asset_id": "67769168714818866246111050811842149862676719259732331216627059911894329029332", "timestamp": "1769382534181", "hash": "a9544d39c7f6bcc63e60cdf9e2ec102251aa2fbf", "bids": [{"price": "0.01", "size": "101.25"}, {"price": "0.02", "size": "850"}, {"price": "0.03", "size": "8.32"}, {"price": "0.05", "size": "500"}, {"price": "0.08", "size": "300"}, {"price": "0.09", "size": "7.19"}, {"price": "0.16", "size": "104"}, {"price": "0.24", "size": "54.16"}, {"price": "0.25", "size": "44"}, {"price": "0.74", "size": "350"}], "asks": [{"price": "0.99", "size": "96"}, {"price": "0.98", "size": "159.6"}, {"price": "0.97", "size": "78"}, {"price": "0.96", "size": "8.2"}, {"price": "0.93", "size": "264.28"}, {"price": "0.92", "size": "5.99"}, {"price": "0.87", "size": "350"}, {"price": "0.86", "size": "7.14"}], "event_type": "book", "last_trade_price": ""}, {"market": "0x15e6518bfa8641b4e98416e942bdb22583a96a9a7c97e9a19cacc730f90ff034", "asset_id": "22319710937223842855712230115503323118737385692958834948916899737194773731104", "timestamp": "1769384339381", "hash": "fc79cb5cb4e9c64842cf035bf870199c3a8f9cf7", "bids": [{"price": "0.01", "size": "156.19"}, {"price": "0.02", "size": "850"}, {"price": "0.03", "size": "5.03"}, {"price": "0.05", "size": "530"}, {"price": "0.09", "size": "8.19"}, {"price": "0.1", "size": "593"}, {"price": "0.16", "size": "81.25"}, {"price": "0.17", "size": "64.7"}, {"price": "0.36", "size": "350"}], "asks": [{"price": "0.99", "size": "150.39"}, {"price": "0.98", "size": "850"}, {"price": "0.97", "size": "5.95"}, {"price": "0.95", "size": "530"}, {"price": "0.94", "size": "33"}, {"price": "0.93", "size": "10.25"}, {"price": "0.87", "size": "239"}, {"price": "0.78", "size": "59.09"}, {"price": "0.77", "size": "47.82"}, {"price": "0.49", "size": "350"}], "event_type": "book", "last_trade_price": ""}, {"market": "0x09dc06f0fa3389b0e44fc479d7d59195df12b45c61057865abadecbda1c39a82", "asset_id": "33276471349848992151786380057452616921262078940879097571092875144553359231410", "timestamp": "1769384339324", "hash": "78570570bff291517df1270d5f338f84420deda8", "bids": [{"price": "0.01", "size": "96.01"}, {"price": "0.02", "size": "859.32"}, {"price": "0.05", "size": "500"}, {"price": "0.06", "size": "12.72"}, {"price": "0.14", "size": "219"}, {"price": "0.24", "size": "54.16"}, {"price": "0.25", "size": "44"}, {"price": "0.55", "size": "350"}], "asks": [{"price": "0.99", "size": "106.87"}, {"price": "0.98", "size": "850"}, {"price": "0.97", "size": "6.91"}, {"price": "0.96", "size": "15"}, {"price": "0.95", "size": "13.68"}, {"price": "0.84", "size": "81.25"}, {"price": "0.83", "size": "64.7"}, {"price": "0.68", "size": "350"}], "event_type": "book", "last_trade_price": ""}, {"market": "0x3fc708959fc3958cd390a22381122793dce645616dc550da625aa5683f6b2731", "asset_id": "66369142516596162947044142133411668841394779761960971113548398812601470552078", "timestamp": "1769382591023", "hash": "987c0248e7d8f84eb0462c450ef4308ccbc0c783", "bids": [{"price": "0.01", "size": "101.39"}, {"price": "0.02", "size": "850"}, {"price": "0.03", "size": "8.4"}, {"price": "0.05", "size": "500"}, {"price": "0.08", "size": "300"}, {"price": "0.09", "size": "7.15"}, {"price": "0.16", "size": "104"}, {"price": "0.26", "size": "50"}, {"price": "0.27", "size": "40.74"}, {"price": "0.86", "size": "350"}], "asks": [{"price": "0.99", "size": "582.16"}, {"price": "0.98", "size": "160.42"}, {"price": "0.97", "size": "217.82"}, {"price": "0.96", "size": "15"}, {"price": "0.95", "size": "6.9"}], "event_type": "book", "last_trade_price": ""}, {"market": "0x09dc06f0fa3389b0e44fc479d7d59195df12b45c61057865abadecbda1c39a82", "asset_id": "83728876436609843756689228515003156958690941585002293227461570641612932171386", "timestamp": "1769384339324", "hash": "6a2b1609aa66ec92642aabaca045ee6f8f53b686", "bids": [{"price": "0.01", "size": "106.87"}, {"price": "0.02", "size": "850"}, {"price": "0.03", "size": "6.91"}, {"price": "0.04", "size": "15"}, {"price": "0.05", "size": "13.68"}, {"price": "0.16", "size": "81.25"}, {"price": "0.17", "size": "64.7"}, {"price": "0.32", "size": "350"}], "asks": [{"price": "0.99", "size": "96.01"}, {"price": "0.98", "size": "859.32"}, {"price": "0.95", "size": "500"}, {"price": "0.94", "size": "12.72"}, {"price": "0.86", "size": "219"}, {"price": "0.76", "size": "54.16"}, {"price": "0.75", "size": "44"}, {"price": "0.45", "size": "350"}], "event_type": "book", "last_trade_price": ""}, {"market": "0x0410facd90e4934149ac006763aa81ccc08d0af92748a88eeaaa12ccfd1e917e", "asset_id": "48232964539698459468557524081531844857593473713816778391396778166724505676407", "timestamp": "1769384339381", "hash": "4c100f74fe28347aabeb615602b6aeeb608d25d7", "bids": [{"price": "0.01", "size": "101.01"}, {"price": "0.02", "size": "859.31"}, {"price": "0.05", "size": "500"}, {"price": "0.06", "size": "12.72"}, {"price": "0.14", "size": "219"}, {"price": "0.24", "size": "54.16"}, {"price": "0.25", "size": "44"}, {"price": "0.57", "size": "350"}], "asks": [{"price": "0.99", "size": "96.18"}, {"price": "0.98", "size": "158.61"}, {"price": "0.96", "size": "1000"}, {"price": "0.95", "size": "15.51"}, {"price": "0.83", "size": "76.47"}, {"price": "0.82", "size": "61.11"}, {"price": "0.7", "size": "350"}], "event_type": "book", "last_trade_price": ""}]}
{"_local_timestamp": "2026-01-25T23:41:16.116520+00:00", "data": {"market": "0x15e6518bfa8641b4e98416e942bdb22583a96a9a7c97e9a19cacc730f90ff034", "price_changes": [{"asset_id": "90802963781582848667147415310026820194895540846880467092556939075965206416593", "price": "0.02", "size": "700", "side": "BUY", "hash": "5d187c1b995dbc005e807a7a0abd4b16ce84da27", "best_bid": "0.51", "best_ask": "0.64"}, {"asset_id": "22319710937223842855712230115503323118737385692958834948916899737194773731104", "price": "0.98", "size": "700", "side": "SELL", "hash": "89155672aff52081846394c9d92f12c02bb56039", "best_bid": "0.36", "best_ask": "0.49"}], "timestamp": "1769384476000", "event_type": "price_change"}}
{"_local_timestamp": "2026-01-25T23:41:16.125684+00:00", "data": {"market": "0x15e6518bfa8641b4e98416e942bdb22583a96a9a7c97e9a19cacc730f90ff034", "price_changes": [{"asset_id": "22319710937223842855712230115503323118737385692958834948916899737194773731104", "price": "0.02", "size": "700", "side": "BUY", "hash": "f09e8797372a94e1c568dc5aba7cf8082b875f5e", "best_bid": "0.36", "best_ask": "0.49"}, {"asset_id": "90802963781582848667147415310026820194895540846880467092556939075965206416593", "price": "0.98", "size": "700", "side": "SELL", "hash": "742c1f3250ff90bb9d0db012cb1158741b9ed879", "best_bid": "0.51", "best_ask": "0.64"}], "timestamp": "1769384476000", "event_type": "price_change"}}
{"_local_timestamp": "2026-01-25T23:41:21.772096+00:00", "data": {"market": "0x15e6518bfa8641b4e98416e942bdb22583a96a9a7c97e9a19cacc730f90ff034", "price_changes": [{"asset_id": "90802963781582848667147415310026820194895540846880467092556939075965206416593", "price": "0.02", "size": "850", "side": "BUY", "hash": "a7d8a2701017c428d2cc2beb4499268f2677cab7", "best_bid": "0.51", "best_ask": "0.64"}, {"asset_id": "22319710937223842855712230115503323118737385692958834948916899737194773731104", "price": "0.98", "size": "850", "side": "SELL", "hash": "ccaed81cef1281fce1181967efc0d5daffdb4d77", "best_bid": "0.36", "best_ask": "0.49"}], "timestamp": "1769384481659", "event_type": "price_change"}}
{"_local_timestamp": "2026-01-25T23:41:21.774174+00:00", "data": {"market": "0x15e6518bfa8641b4e98416e942bdb22583a96a9a7c97e9a19cacc730f90ff034", "price_changes": [{"asset_id": "22319710937223842855712230115503323118737385692958834948916899737194773731104", "price": "0.02", "size": "850", "side": "BUY", "hash": "e658ed1fc8ba73f6887769fdcd02abeebed1c3b2", "best_bid": "0.36", "best_ask": "0.49"}, {"asset_id": "90802963781582848667147415310026820194895540846880467092556939075965206416593", "price": "0.98", "size": "850", "side": "SELL", "hash": "46758143b62834da77e49ddd86709b3ec1f13f46", "best_bid": "0.51", "best_ask": "0.64"}], "timestamp": "1769384481660", "event_type": "price_change"}}
