{"_local_timestamp": "2026-01-25T23:33:45.418744+00:00", "data": [{"market": "0x252c767812cf15e49ef0e17a59f99b494c73661d657f7886acbe9bc0030a03f7", "asset_id": "80826546403868320285301495076277690443687498994358609084887893237270320442013", "timestamp": "1769382792403", "hash": "3e1b523b430c3178d70ac2efba850423ca32cf63", "bids": [{"price": "0.01", "size": "527.55"}, {"price": "0.02", "size": "661.64"}, {"price": "0.03", "size": "200"}, {"price": "0.04", "size": "84.7"}, {"price": "0.05", "size": "32"}, {"price": "0.06", "size": "5.47"}], "asks": [{"price": "0.99", "size": "123.47"}, {"price": "0.98", "size": "182.15"}, {"price": "0.97", "size": "17.51"}, {"price": "0.96", "size": "500"}, {"price": "0.95", "size": "220"}, {"price": "0.94", "size": "33"}, {"price": "0.93", "size": "5.79"}, {"price": "0.92", "size": "162.5"}, {"price": "0.9", "size": "189"}, {"price": "0.89", "size": "7.19"}, {"price": "0.8", "size": "10"}], "event_type": "book", "last_trade_price": ""}, {"market": "0x89a893b3207bdbe469a171b0d15bc5fa107de18b3e9a5fb5fcfe34f64ca558a6", "asset_id": "95080424446780294038702991733504187171649770552748078155110892592918696384728", "timestamp": "1769383276772", "hash": "f5de2bd2270bca7446aecc0e82e12130ad941d89", "bids": [{"price": "0.01", "size": "1030.66"}, {"price": "0.02", "size": "188.05"}, {"price": "0.03", "size": "9.41"}, {"price": "0.04", "size": "500"}, {"price": "0.05", "size": "220"}, {"price": "0.06", "size": "41.45"}, {"price": "0.07", "size": "185.71"}, {"price": "0.08", "size": "85"}, {"price": "0.09", "size": "61.11"}, {"price": "0.1", "size": "8.13"}, {"price": "0.19", "size": "10"}], "asks": [{"price": "0.99", "size": "1434.54"}, {"price": "0.98", "size": "661.64"}, {"price": "0.97", "size": "200"}, {"price": "0.96", "size": "119.7"}, {"price": "0.95", "size": "32.4"}, {"price": "0.94", "size": "5.47"}], "event_type": "book", "last_trade_price": ""}, {"market": "0x7b672bcb907733b183c654cedcf0a6dff5fd09cb6770d5f7390fb53f987e64c0", "asset_id": "19552744153800421324663616226442387780156731919156087285690754999694108958009", "timestamp": "1769382588210", "hash": "4e75880076c4c6318e06f5adf00a1aae7ec86a03", "bids": [{"price": "0.01", "size": "1434.55"}, {"price": "0.02", "size": "855.96"}, {"price": "0.03", "size": "264.05"}, {"price": "0.04", "size": "12"}, {"price": "0.05", "size": "32.4"}, {"price": "0.06", "size": "5.47"}], "asks": [{"price": "0.99", "size": "1031.29"}, {"price": "0.98", "size": "181.89"}, {"price": "0.97", "size": "12.18"}, {"price": "0.96", "size": "500"}, {"price": "0.95", "size": "220"}, {"price": "0.94", "size": "33"}, {"price": "0.93", "size": "6.65"}, {"price": "0.91", "size": "144.44"}, {"price": "0.9", "size": "72"}, {"price": "0.89", "size": "100"}, {"price": "0.88", "size": "7.4"}, {"price": "0.79", "size": "10"}], "event_type": "book", "last_trade_price": ""}, {"market": "0x7b672bcb907733b183c654cedcf0a6dff5fd09cb6770d5f7390fb53f987e64c0", "asset_id": "47980216533540945878795234338123374183506578771254809239822072307725640410066", "timestamp": "1769382588210", "hash": "a9cbc80d6d2bb9b729b27458a538cc1c31bdad15", "bids": [{"price": "0.01", "size": "1031.29"}, {"price": "0.02", "size": "181.89"}, {"price": "0.03", "size": "12.18"}, {"price": "0.04", "size": "500"}, {"price": "0.05", "size": "220"}, {"price": "0.06", "size": "33"}, {"price": "0.07", "size": "6.65"}, {"price": "0.09", "size": "144.44"}, {"price": "0.1", "size": "72"}, {"price": "0.11", "size": "100"}, {"price": "0.12", "size": "7.4"}, {"price": "0.21", "size": "10"}], "asks": [{"price": "0.99", "size": "1434.55"}, {"price": "0.98", "size": "855.96"}, {"price": "0.97", "size": "264.05"}, {"price": "0.96", "size": "12"}, {"price": "0.95", "size": "32.4"}, {"price": "0.94", "size": "5.47"}], "event_type": "book", "last_trade_price": ""}, {"market": "0x252c767812cf15e49ef0e17a59f99b494c73661d657f7886acbe9bc0030a03f7", "asset_id": "105515568181122429964021556730456514725311672439326276617356850810860722060384", "timestamp": "1769382792403", "hash": "48ca630c01032a82e31902cae3afe09aa25330b5", "bids": [{"price": "0.01", "size": "123.47"}, {"price": "0.02", "size": "182.15"}, {"price": "0.03", "size": "17.51"}, {"price": "0.04", "size": "500"}, {"price": "0.05", "size": "220"}, {"price": "0.06", "size": "33"}, {"price": "0.07", "size": "5.79"}, {"price": "0.08", "size": "162.5"}, {"price": "0.1", "size": "189"}, {"price": "0.11", "size": "7.19"}, {"price": "0.2", "size": "10"}], "asks": [{"price": "0.99", "size": "527.55"}, {"price": "0.98", "size": "661.64"}, {"price": "0.97", "size": "200"}, {"price": "0.96", "size": "84.7"}, {"price": "0.95", "size": "32"}, {"price": "0.94", "size": "5.47"}], "event_type": "book", "last_trade_price": ""}, {"market": "0x89a893b3207bdbe469a171b0d15bc5fa107de18b3e9a5fb5fcfe34f64ca558a6", "asset_id": "22745941853190845255752180153260479377200890101663048692657115116120275281385", "timestamp": "1769383276772", "hash": "6ccc6aacd2b36b59dc7c97ea4ab9abd0fdcc9db1", "bids": [{"price": "0.01", "size": "1434.54"}, {"price": "0.02", "size": "661.64"}, {"price": "0.03", "size": "200"}, {"price": "0.04", "size": "119.7"}, {"price": "0.05", "size": "32.4"}, {"price": "0.06", "size": "5.47"}], "asks": [{"price": "0.99", "size": "1030.66"}, {"price": "0.98", "size": "188.05"}, {"price": "0.97", "size": "9.41"}, {"price": "0.96", "size": "500"}, {"price": "0.95", "size": "220"}, {"price": "0.94", "size": "41.45"}, {"price": "0.93", "size": "185.71"}, {"price": "0.92", "size": "85"}, {"price": "0.91", "size": "61.11"}, {"price": "0.9", "size": "8.13"}, {"price": "0.81", "size": "10"}], "event_type": "book", "last_trade_price": ""}]}
{"_local_timestamp": "2026-01-25T23:35:42.297985+00:00", "data": {"market": "0x7b672bcb907733b183c654cedcf0a6dff5fd09cb6770d5f7390fb53f987e64c0", "price_changes": [{"asset_id": "19552744153800421324663616226442387780156731919156087285690754999694108958009", "price": "0.02", "size": "155.96", "side": "BUY", "hash": "75a9f2952d4cd283838461b14955c38b247331b9", "best_bid": "0.06", "best_ask": "0.79"}, {"asset_id": "47980216533540945878795234338123374183506578771254809239822072307725640410066", "price": "0.98", "size": "155.96", "side": "SELL", "hash": "a400acdf92871825513a10addf8843f0e1f28799", "best_bid": "0.21", "best_ask": "0.94"}], "timestamp": "1769384142225", "event_type": "price_change"}}
{"_local_timestamp": "2026-01-25T23:35:42.301729+00:00", "data": {"market": "0x7b672bcb907733b183c654cedcf0a6dff5fd09cb6770d5f7390fb53f987e64c0", "price_changes": [{"asset_id": "47980216533540945878795234338123374183506578771254809239822072307725640410066", "price": "0.04", "size": "0", "side": "BUY", "hash": "74a765fc552281d664d3a1b64522aeeccbc1ae7a", "best_bid": "0.21", "best_ask": "0.94"}, {"asset_id": "19552744153800421324663616226442387780156731919156087285690754999694108958009", "price": "0.96", "size": "0", "side": "SELL", "hash": "cffe501e9d1097d30fa698c19a2cc0ef2f0fcd40", "best_bid": "0.06", "best_ask": "0.79"}], "timestamp": "1769384142225", "event_type": "price_change"}}
{"_local_timestamp": "2026-01-25T23:35:42.302268+00:00", "data": {"market": "0x7b672bcb907733b183c654cedcf0a6dff5fd09cb6770d5f7390fb53f987e64c0", "price_changes": [{"asset_id": "47980216533540945878795234338123374183506578771254809239822072307725640410066", "price": "0.05", "size": "20", "side": "BUY", "hash": "74a765fc552281d664d3a1b64522aeeccbc1ae7a", "best_bid": "0.21", "best_ask": "0.94"}, {"asset_id": "19552744153800421324663616226442387780156731919156087285690754999694108958009", "price": "0.95", "size": "20", "side": "SELL", "hash": "cffe501e9d1097d30fa698c19a2cc0ef2f0fcd40", "best_bid": "0.06", "best_ask": "0.79"}], "timestamp": "1769384142225", "event_type": "price_change"}}
{"_local_timestamp": "2026-01-25T23:35:44.350794+00:00", "data": {"market": "0x7b672bcb907733b183c654cedcf0a6dff5fd09cb6770d5f7390fb53f987e64c0", "price_changes": [{"asset_id": "19552744153800421324663616226442387780156731919156087285690754999694108958009", "price": "0.02", "size": "230.96", "side": "BUY", "hash": "97b5785feb32d3ff024bbe11b302bdf5a7cfbd4c", "best_bid": "0.06", "best_ask": "0.79"}, {"asset_id": "47980216533540945878795234338123374183506578771254809239822072307725640410066", "price": "0.98", "size": "230.96", "side": "SELL", "hash": "d520e1f584426befb36124d6fca22076e7130fa3", "best_bid": "0.21", "best_ask": "0.94"}], "timestamp": "1769384144286", "event_type": "price_change"}}
{"_local_timestamp": "2026-01-25T23:35:44.355279+00:00", "data": {"market": "0x7b672bcb907733b183c654cedcf0a6dff5fd09cb6770d5f7390fb53f987e64c0", "price_changes": [{"asset_id": "19552744153800421324663616226442387780156731919156087285690754999694108958009", "price": "0.01", "size": "1634.55", "side": "BUY", "hash": "51a56bcb9064c307545868831f13671911b99c89", "best_bid": "0.06", "best_ask": "0.79"}, {"asset_id": "47980216533540945878795234338123374183506578771254809239822072307725640410066", "price": "0.99", "size": "1634.55", "side": "SELL", "hash": "71a41147bf86c9b1ab1d99d93b41c624c18de10e", "best_bid": "0.21", "best_ask": "0.94"}], "timestamp": "1769384144288", "event_type": "price_change"}}
{"_local_timestamp": "2026-01-25T23:35:44.355725+00:00", "data": {"market": "0x7b672bcb907733b183c654cedcf0a6dff5fd09cb6770d5f7390fb53f987e64c0", "price_changes": [{"asset_id": "19552744153800421324663616226442387780156731919156087285690754999694108958009", "price": "0.01", "size": "1934.55", "side": "BUY", "hash": "02ff941f6f6642696d987ad5aba5ee7123eff4a9", "best_bid": "0.06", "best_ask": "0.79"}, {"asset_id": "47980216533540945878795234338123374183506578771254809239822072307725640410066", "price": "0.99", "size": "1934.55", "side": "SELL", "hash": "08dc11d43cc9c5e90da244aa6680eedd90786d8b", "best_bid": "0.21", "best_ask": "0.94"}], "timestamp": "1769384144289", "event_type": "price_change"}}
{"_local_timestamp": "2026-01-25T23:35:44.358952+00:00", "data": {"market": "0x7b672bcb907733b183c654cedcf0a6dff5fd09cb6770d5f7390fb53f987e64c0", "price_changes": [{"asset_id": "19552744153800421324663616226442387780156731919156087285690754999694108958009", "price": "0.02", "size": "355.96", "side": "BUY", "hash": "1bee42d5beb9c53db4a7e194ce2ae1d52e768644", "best_bid": "0.06", "best_ask": "0.79"}, {"asset_id": "47980216533540945878795234338123374183506578771254809239822072307725640410066", "price": "0.98", "size": "355.96", "side": "SELL", "hash": "aad994fb13cb7bc20e151460768adf2d9b1c8db9", "best_bid": "0.21", "best_ask": "0.94"}], "timestamp": "1769384144291", "event_type": "price_change"}}
{"_local_timestamp": "2026-01-25T23:35:44.359435+00:00", "data": {"market": "0x7b672bcb907733b183c654cedcf0a6dff5fd09cb6770d5f7390fb53f987e64c0", "price_changes": [{"asset_id": "47980216533540945878795234338123374183506578771254809239822072307725640410066", "price": "0.06", "size": "233", "side": "BUY", "hash": "cfcc4172ae0e80bcf2dec492f1492b5a494a4608", "best_bid": "0.21", "best_ask": "0.94"}, {"asset_id": "19552744153800421324663616226442387780156731919156087285690754999694108958009", "price": "0.94", "size": "233", "side": "SELL", "hash": "2ad0553cdc4dd47985acdd21470c6299bc058c3a", "best_bid": "0.06", "best_ask": "0.79"}], "timestamp": "1769384144293", "event_type": "price_change"}}
{"_local_timestamp": "2026-01-25T23:35:44.359785+00:00", "data": {"market": "0x7b672bcb907733b183c654cedcf0a6dff5fd09cb6770d5f7390fb53f987e64c0", "price_changes": [{"asset_id": "47980216533540945878795234338123374183506578771254809239822072307725640410066", "price": "0.06", "size": "358", "side": "BUY", "hash": "cf7209aad62e9fe2f58d971869b200f13e4e197f", "best_bid": "0.21", "best_ask": "0.94"}, {"asset_id": "19552744153800421324663616226442387780156731919156087285690754999694108958009", "price": "0.94", "size": "358", "side": "SELL", "hash": "9cee80e436fc502b4bfc988eeb1676b523ce801c", "best_bid": "0.06", "best_ask": "0.79"}], "timestamp": "1769384144294", "event_type": "price_change"}}
{"_local_timestamp": "2026-01-25T23:35:44.363096+00:00", "data": {"market": "0x7b672bcb907733b183c654cedcf0a6dff5fd09cb6770d5f7390fb53f987e64c0", "price_changes": [{"asset_id": "47980216533540945878795234338123374183506578771254809239822072307725640410066", "price": "0.05", "size": "320", "side": "BUY", "hash": "c9a341bbb067e0b37e7dff64acb8b2243fcee3dc", "best_bid": "0.21", "best_ask": "0.94"}, {"asset_id": "19552744153800421324663616226442387780156731919156087285690754999694108958009", "price": "0.95", "size": "320", "side": "SELL", "hash": "ea71bb5c06829ce96b43f3a40f574dff3184d210", "best_bid": "0.06", "best_ask": "0.79"}], "timestamp": "1769384144296", "event_type": "price_change"}}
{"_local_timestamp": "2026-01-25T23:35:44.363417+00:00", "data": {"market": "0x7b672bcb907733b183c654cedcf0a6dff5fd09cb6770d5f7390fb53f987e64c0", "price_changes": [{"asset_id": "47980216533540945878795234338123374183506578771254809239822072307725640410066", "price": "0.07", "size": "81.65", "side": "BUY", "hash": "e8c66393ec7135e718688cf5307c6e44f9bfd63e", "best_bid": "0.21", "best_ask": "0.94"}, {"asset_id": "19552744153800421324663616226442387780156731919156087285690754999694108958009", "price": "0.93", "size": "81.65", "side": "SELL", "hash": "f5901c69ffc0d03cbac1744539c2760be888d6d2", "best_bid": "0.06", "best_ask": "0.79"}], "timestamp": "1769384144297", "event_type": "price_change"}}
{"_local_timestamp": "2026-01-25T23:35:44.547655+00:00", "data": {"market": "0x252c767812cf15e49ef0e17a59f99b494c73661d657f7886acbe9bc0030a03f7", "price_changes": [{"asset_id": "80826546403868320285301495076277690443687498994358609084887893237270320442013", "price": "0.02", "size": "161.64", "side": "BUY", "hash": "60edc97c53d0ab8e7f06f58f0c84f2d612b2464c", "best_bid": "0.06", "best_ask": "0.8"}, {"asset_id": "105515568181122429964021556730456514725311672439326276617356850810860722060384", "price": "0.98", "size": "161.64", "side": "SELL", "hash": "c7461727b0be52f7ad7fb93aff15eb5e156bdea1", "best_bid": "0.2", "best_ask": "0.94"}], "timestamp": "1769384144483", "event_type": "price_change"}}
{"_local_timestamp": "2026-01-25T23:35:44.551620+00:00", "data": {"market": "0x252c767812cf15e49ef0e17a59f99b494c73661d657f7886acbe9bc0030a03f7", "price_changes": [{"asset_id": "80826546403868320285301495076277690443687498994358609084887893237270320442013", "price": "0.03", "size": "0", "side": "BUY", "hash": "60edc97c53d0ab8e7f06f58f0c84f2d612b2464c", "best_bid": "0.06", "best_ask": "0.8"}, {"asset_id": "105515568181122429964021556730456514725311672439326276617356850810860722060384", "price": "0.97", "size": "0", "side": "SELL", "hash": "c7461727b0be52f7ad7fb93aff15eb5e156bdea1", "best_bid": "0.2", "best_ask": "0.94"}], "timestamp": "1769384144483", "event_type": "price_change"}}
{"_local_timestamp": "2026-01-25T23:35:44.552056+00:00", "data": {"market": "0x252c767812cf15e49ef0e17a59f99b494c73661d657f7886acbe9bc0030a03f7", "price_changes": [{"asset_id": "105515568181122429964021556730456514725311672439326276617356850810860722060384", "price": "0.05", "size": "20", "side": "BUY", "hash": "1d555bf420b9bc2d1a03e4b90b8947bce19c78a9", "best_bid": "0.2", "best_ask": "0.94"}, {"asset_id": "80826546403868320285301495076277690443687498994358609084887893237270320442013", "price": "0.95", "size": "20", "side": "SELL", "hash": "a5f8a196ec8e7e5c1f60131da532d0adc4f69060", "best_bid": "0.06", "best_ask": "0.8"}], "timestamp": "1769384144484", "event_type": "price_change"}}
{"_local_timestamp": "2026-01-25T23:35:44.552389+00:00", "data": {"market": "0x252c767812cf15e49ef0e17a59f99b494c73661d657f7886acbe9bc0030a03f7", "price_changes": [{"asset_id": "105515568181122429964021556730456514725311672439326276617356850810860722060384", "price": "0.04", "size": "0", "side": "BUY", "hash": "1d555bf420b9bc2d1a03e4b90b8947bce19c78a9", "best_bid": "0.2", "best_ask": "0.94"}, {"asset_id": "80826546403868320285301495076277690443687498994358609084887893237270320442013", "price": "0.96", "size": "0", "side": "SELL", "hash": "a5f8a196ec8e7e5c1f60131da532d0adc4f69060", "best_bid": "0.06", "best_ask": "0.8"}], "timestamp": "1769384144484", "event_type": "price_change"}}
