{"_local_timestamp": "2026-01-25T23:40:54.124326+00:00", "data": [{"market": "0x62c2cd0d8ab95d020fdc98688b308848c7e448fd9f22f76963b82eed7cb84e9b", "asset_id": "53151935479456002558896079790416439542250294202986150197698195799837055065936", "timestamp": "1769384452337", "hash": "131ec92a967b4bb0542c459e83b6993c43fea599", "bids": [{"price": "0.01", "size": "91887.05"}, {"price": "0.02", "size": "700"}, {"price": "0.05", "size": "500"}, {"price": "0.08", "size": "300"}, {"price": "0.55", "size": "200"}, {"price": "0.56", "size": "3749"}, {"price": "0.57", "size": "4816.6"}, {"price": "0.58", "size": "3006.59"}], "asks": [{"price": "0.99", "size": "85892.94"}, {"price": "0.98", "size": "700"}, {"price": "0.95", "size": "500"}, {"price": "0.92", "size": "300"}, {"price": "0.63", "size": "17"}, {"price": "0.62", "size": "10495.11"}, {"price": "0.61", "size": "9464.11"}, {"price": "0.6", "size": "2712"}, {"price": "0.59", "size": "1"}], "event_type": "book", "last_trade_price": "0.410"}, {"market": "0x963b613e0a180d97fd95ab2888198451ab1bc95ff7d0e6ee73f09d1b09e0de1f", "asset_id": "110980537569511941616704894264795333457319548923980971693721257637833698078854", "timestamp": "1769384433112", "hash": "d961ba31a9ab4267e99d64457101b37d021384c3", "bids": [{"price": "0.01", "size": "85892.94"}, {"price": "0.02", "size": "700"}, {"price": "0.05", "size": "500"}, {"price": "0.08", "size": "300"}, {"price": "0.36", "size": "2537"}, {"price": "0.37", "size": "9089.11"}, {"price": "0.38", "size": "6398.11"}, {"price": "0.39", "size": "3006.18"}, {"price": "0.4", "size": "120"}], "asks": [{"price": "0.99", "size": "85887.94"}, {"price": "0.98", "size": "700"}, {"price": "0.95", "size": "500"}, {"price": "0.92", "size": "300"}, {"price": "0.65", "size": "253.65"}, {"price": "0.44", "size": "2494"}, {"price": "0.43", "size": "7964.11"}, {"price": "0.42", "size": "10104.49"}, {"price": "0.41", "size": "2986.35"}], "event_type": "book", "last_trade_price": "0.590"}, {"market": "0x6016c0e170d09dad59962590047bf593fed162492244f27ceb657f7bce3d97b7", "asset_id": "53052604274027315154661756294320729764933185669968567078751816627165620319918", "timestamp": "1769384339307", "hash": "9f1df8f1d9a61daee14bf006d081c4f2357edf50", "bids": [{"price": "0.01", "size": "12094.72"}, {"price": "0.04", "size": "103"}, {"price": "0.05", "size": "105"}, {"price": "0.06", "size": "119"}, {"price": "0.07", "size": "2811.29"}], "asks": [{"price": "0.99", "size": "91887.05"}, {"price": "0.98", "size": "700"}, {"price": "0.95", "size": "500"}, {"price": "0.92", "size": "300"}, {"price": "0.12", "size": "104"}, {"price": "0.11", "size": "118"}, {"price": "0.1", "size": "3409.67"}, {"price": "0.09", "size": "2832.3"}, {"price": "0.08", "size": "2229.93"}], "event_type": "book", "last_trade_price": "0.920"}, {"market": "0x9ef8e68abf8b99acc0535904d4f6b7440785708eaf30886adf3964b59d10eecd", "asset_id": "24057867081748792773041107807288251827673086125027887602768766868175027290676", "timestamp": "1769384421882", "hash": "8e6f05151717ad55539879fb60e2a99de9161d79", "bids": [{"price": "0.01", "size": "85887.94"}, {"price": "0.02", "size": "700"}, {"price": "0.05", "size": "500"}, {"price": "0.08", "size": "300"}, {"price": "0.76", "size": "2475"}, {"price": "0.77", "size": "8376.11"}, {"price": "0.78", "size": "8036.11"}, {"price": "0.79", "size": "2897.47"}, {"price": "0.8", "size": "2313.02"}], "asks": [{"price": "0.99", "size": "85892.94"}, {"price": "0.84", "size": "3022"}, {"price": "0.83", "size": "9672.11"}, {"price": "0.82", "size": "9205.33"}, {"price": "0.81", "size": "5.26"}], "event_type": "book", "last_trade_price": "0.800"}, {"market": "0xd4d9bcb52f55a0e27c5fadebac144007984dcd407a56615930b8bbe52dd2359d", "asset_id": "76418712614971261469498314114716528018971998780735744371581110753753413087239", "timestamp": "1769384392840", "hash": "4601927d841e5dc14daa8fd244fd1040e2007933", "bids": [{"price": "0.01", "size": "85892.94"}, {"price": "0.02", "size": "700"}, {"price": "0.05", "size": "500"}, {"price": "0.08", "size": "300"}, {"price": "0.62", "size": "85"}, {"price": "0.63", "size": "2655"}, {"price": "0.64", "size": "8070.11"}, {"price": "0.65", "size": "8934.57"}, {"price": "0.66", "size": "3055.24"}], "asks": [{"price": "0.99", "size": "85887.94"}, {"price": "0.98", "size": "700"}, {"price": "0.71", "size": "2204"}, {"price": "0.7", "size": "7870.11"}, {"price": "0.69", "size": "7744.11"}, {"price": "0.68", "size": "3006.29"}, {"price": "0.67", "size": "131"}], "event_type": "book", "last_trade_price": "0.660"}, {"market": "0x62c2cd0d8ab95d020fdc98688b308848c7e448fd9f22f76963b82eed7cb84e9b", "asset_id": "41077927390214569510726515466584037432389705623011759406747159087695148862357", "timestamp": "1769384452337", "hash": "97daf444c6a71b3b60ac5d65c61d2bd3b8b5fcd7", "bids": [{"price": "0.01", "size": "85892.94"}, {"price": "0.02", "size": "700"}, {"price": "0.05", "size": "500"}, {"price": "0.08", "size": "300"}, {"price": "0.37", "size": "17"}, {"price": "0.38", "size": "10495.11"}, {"price": "0.39", "size": "9464.11"}, {"price": "0.4", "size": "2712"}, {"price": "0.41", "size": "1"}], "asks": [{"price": "0.99", "size": "91887.05"}, {"price": "0.98", "size": "700"}, {"price": "0.95", "size": "500"}, {"price": "0.92", "size": "300"}, {"price": "0.45", "size": "200"}, {"price": "0.44", "size": "3749"}, {"price": "0.43", "size": "4816.6"}, {"price": "0.42", "size": "3006.59"}], "event_type": "book", "last_trade_price": "0.410"}, {"market": "0x9ef8e68abf8b99acc0535904d4f6b7440785708eaf30886adf3964b59d10eecd", "asset_id": "52965116811613152921035598159047200647489117514672737861580989886710777523477", "timestamp": "1769384421882", "hash": "3cf1606547dec911620808607fe17f2975807fef", "bids": [{"price": "0.01", "size": "85892.94"}, {"price": "0.16", "size": "3022"}, {"price": "0.17", "size": "9672.11"}, {"price": "0.18", "size": "9205.33"}, {"price": "0.19", "size": "5.26"}], "asks": [{"price": "0.99", "size": "85887.94"}, {"price": "0.98", "size": "700"}, {"price": "0.95", "size": "500"}, {"price": "0.92", "size": "300"}, {"price": "0.24", "size": "2475"}, {"price": "0.23", "size": "8376.11"}, {"price": "0.22", "size": "8036.11"}, {"price": "0.21", "size": "2897.47"}, {"price": "0.2", "size": "2313.02"}], "event_type": "book", "last_trade_price": "0.800"}, {"market": "0x289c846122abca691f40cb8791486e1ba2a33ca92c8ee124677f3ea91cbf0888", "asset_id": "113129058035948699866091850567707644337474123477681436742788604457339451548233", "timestamp": "1769384111589", "hash": "3f069c61fd07d4559417c509d07ae9b791547028", "bids": [{"price": "0.01", "size": "91983.55"}, {"price": "0.02", "size": "700"}, {"price": "0.05", "size": "520"}, {"price": "0.06", "size": "33"}, {"price": "0.08", "size": "300"}, {"price": "0.63", "size": "220"}], "asks": [{"price": "0.99", "size": "91938.55"}, {"price": "0.98", "size": "700"}, {"price": "0.97", "size": "16"}, {"price": "0.95", "size": "20"}, {"price": "0.94", "size": "33"}, {"price": "0.7", "size": "86"}, {"price": "0.69", "size": "103"}], "event_type": "book", "last_trade_price": "0.340"}, {"market": "0xd4d9bcb52f55a0e27c5fadebac144007984dcd407a56615930b8bbe52dd2359d", "asset_id": "9964490285825299588837478514707268004965150181418600205038710337274347942785", "timestamp": "1769384392840", "hash": "b1dd17c3dac06301d56f825f3139e7a130b912ee", "bids": [{"price": "0.01", "size": "85887.94"}, {"price": "0.02", "size": "700"}, {"price": "0.29", "size": "2204"}, {"price": "0.3", "size": "7870.11"}, {"price": "0.31", "size": "7744.11"}, {"price": "0.32", "size": "3006.29"}, {"price": "0.33", "size": "131"}], "asks": [{"price": "0.99", "size": "85892.94"}, {"price": "0.98", "size": "700"}, {"price": "0.95", "size": "500"}, {"price": "0.92", "size": "300"}, {"price": "0.38", "size": "85"}, {"price": "0.37", "size": "2655"}, {"price": "0.36", "size": "8070.11"}, {"price": "0.35", "size": "8934.57"}, {"price": "0.34", "size": "3055.24"}], "event_type": "book", "last_trade_price": "0.660"}, {"market": "0x6016c0e170d09dad59962590047bf593fed162492244f27ceb657f7bce3d97b7", "asset_id": "44748863811247779903073156134977920961930971355387058198705068349148950487301", "timestamp": "1769384339307", "hash": "3a6216da13308fc9927e1937b23bfff460ea61c5", "bids": [{"price": "0.01", "size": "91887.05"}, {"price": "0.02", "size": "700"}, {"price": "0.05", "size": "500"}, {"price": "0.08", "size": "300"}, {"price": "0.88", "size": "104"}, {"price": "0.89", "size": "118"}, {"price": "0.9", "size": "3409.67"}, {"price": "0.91", "size": "2832.3"}, {"price": "0.92", "size": "2229.93"}], "asks": [{"price": "0.99", "size": "12094.72"}, {"price": "0.96", "size": "103"}, {"price": "0.95", "size": "105"}, {"price": "0.94", "size": "119"}, {"price": "0.93", "size": "2811.29"}], "event_type": "book", "last_trade_price": "0.920"}, {"market": "0x963b613e0a180d97fd95ab2888198451ab1bc95ff7d0e6ee73f09d1b09e0de1f", "asset_id": "79949046760455713251066438838657730162489035049297788167127897388444279721277", "timestamp": "1769384433112", "hash": "9495670e4f19a9189644b9c439975c838374e3e2", "bids": [{"price": "0.01", "size": "85887.94"}, {"price": "0.02", "size": "700"}, {"price": "0.05", "size": "500"}, {"price": "0.08", "size": "300"}, {"price": "0.35", "size": "253.65"}, {"price": "0.56", "size": "2494"}, {"price": "0.57", "size": "7964.11"}, {"price": "0.58", "size": "10104.49"}, {"price": "0.59", "size": "2986.35"}], "asks": [{"price": "0.99", "size": "85892.94"}, {"price": "0.98", "size": "700"}, {"price": "0.95", "size": "500"}, {"price": "0.92", "size": "300"}, {"price": "0.64", "size": "2537"}, {"price": "0.63", "size": "9089.11"}, {"price": "0.62", "size": "6398.11"}, {"price": "0.61", "size": "3006.18"}, {"price": "0.6", "size": "120"}], "event_type": "book", "last_trade_price": "0.590"}, {"market": "0x289c846122abca691f40cb8791486e1ba2a33ca92c8ee124677f3ea91cbf0888", "asset_id": "74857485727986914157751055585624894615373158391000091364285942356327212674239", "timestamp": "1769384111589", "hash": "509c73fe0be7d5469a9669b5f183514fb833d7f7", "bids": [{"price": "0.01", "size": "91938.55"}, {"price": "0.02", "size": "700"}, {"price": "0.03", "size": "16"}, {"price": "0.05", "size": "20"}, {"price": "0.06", "size": "33"}, {"price": "0.3", "size": "86"}, {"price": "0.31", "size": "103"}], "asks": [{"price": "0.99", "size": "91983.55"}, {"price": "0.98", "size": "700"}, {"price": "0.95", "size": "520"}, {"price": "0.94", "size": "33"}, {"price": "0.92", "size": "300"}, {"price": "0.37", "size": "220"}], "event_type": "book", "last_trade_price": "0.340"}]}
{"_local_timestamp": "2026-01-25T23:40:57.077138+00:00", "data": {"market": "0x62c2cd0d8ab95d020fdc98688b308848c7e448fd9f22f76963b82eed7cb84e9b", "price_changes": [{"asset_id": "41077927390214569510726515466584037432389705623011759406747159087695148862357", "price": "0.38", "size": "10295.11", "side": "BUY", "hash": "9683bcfa05fa6b79d815e98897a9dcc7cb02fa11", "best_bid": "0.41", "best_ask": "0.42"}, {"asset_id": "53151935479456002558896079790416439542250294202986150197698195799837055065936", "price": "0.62", "size": "10295.11", "side": "SELL", "hash": "bbb7fb2b9b2d70840ffe432429bf826fab028cbb", "best_bid": "0.58", "best_ask": "0.59"}], "timestamp": "1769384457001", "event_type": "price_change"}}
{"_local_timestamp": "2026-01-25T23:40:57.091941+00:00", "data": {"market": "0x62c2cd0d8ab95d020fdc98688b308848c7e448fd9f22f76963b82eed7cb84e9b", "price_changes": [{"asset_id": "53151935479456002558896079790416439542250294202986150197698195799837055065936", "price": "0.55", "size": "0", "side": "BUY", "hash": "387e74b32207365228fbe51153c7fb284606b898", "best_bid": "0.58", "best_ask": "0.59"}, {"asset_id": "41077927390214569510726515466584037432389705623011759406747159087695148862357", "price": "0.45", "size": "0", "side": "SELL", "hash": "aa6f8d524f225bd5c41e0c38bfc6a82a242cfb67", "best_bid": "0.41", "best_ask": "0.42"}], "timestamp": "1769384457001", "event_type": "price_change"}}
{"_local_timestamp": "2026-01-25T23:40:57.176224+00:00", "data": {"market": "0x62c2cd0d8ab95d020fdc98688b308848c7e448fd9f22f76963b82eed7cb84e9b", "price_changes": [{"asset_id": "41077927390214569510726515466584037432389705623011759406747159087695148862357", "price": "0.38", "size": "10495.11", "side": "BUY", "hash": "818651b706f97d9277220363031b69e88501f6e1", "best_bid": "0.41", "best_ask": "0.42"}, {"asset_id": "53151935479456002558896079790416439542250294202986150197698195799837055065936", "price": "0.62", "size": "10495.11", "side": "SELL", "hash": "c4c6b62b6cb5993a3be7e68adb36ebc7f3b7c0e1", "best_bid": "0.58", "best_ask": "0.59"}], "timestamp": "1769384457087", "event_type": "price_change"}}
{"_local_timestamp": "2026-01-25T23:40:57.206161+00:00", "data": {"market": "0x62c2cd0d8ab95d020fdc98688b308848c7e448fd9f22f76963b82eed7cb84e9b", "price_changes": [{"asset_id": "53151935479456002558896079790416439542250294202986150197698195799837055065936", "price": "0.55", "size": "200", "side": "BUY", "hash": "1684c4c37dfc516abbc05f2ecb82a4e913263786", "best_bid": "0.58", "best_ask": "0.59"}, {"asset_id": "41077927390214569510726515466584037432389705623011759406747159087695148862357", "price": "0.45", "size": "200", "side": "SELL", "hash": "890215f8cdfc7218a11328a552b7244ddb23c55e", "best_bid": "0.41", "best_ask": "0.42"}], "timestamp": "1769384457132", "event_type": "price_change"}}
{"_local_timestamp": "2026-01-25T23:41:02.081276+00:00", "data": {"market": "0x62c2cd0d8ab95d020fdc98688b308848c7e448fd9f22f76963b82eed7cb84e9b", "price_changes": [{"asset_id": "41077927390214569510726515466584037432389705623011759406747159087695148862357", "price": "0.41", "size": "0", "side": "BUY", "hash": "fadabc5d9d831f85f92260ec60aae2f12a073f52", "best_bid": "0.4", "best_ask": "0.42"}, {"asset_id": "53151935479456002558896079790416439542250294202986150197698195799837055065936", "price": "0.59", "size": "0", "side": "SELL", "hash": "17a447c3927458a8bd453ed84b113daf0b24ab52", "best_bid": "0.58", "best_ask": "0.6"}], "timestamp": "1769384462000", "event_type": "price_change"}}
{"_local_timestamp": "2026-01-25T23:41:02.081876+00:00", "data": {"market": "0x963b613e0a180d97fd95ab2888198451ab1bc95ff7d0e6ee73f09d1b09e0de1f", "price_changes": [{"asset_id": "110980537569511941616704894264795333457319548923980971693721257637833698078854", "price": "0.4", "size": "0", "side": "BUY", "hash": "cba7a733c6ff82008f6d850767b4451a04bb73aa", "best_bid": "0.39", "best_ask": "0.41"}, {"asset_id": "79949046760455713251066438838657730162489035049297788167127897388444279721277", "price": "0.6", "size": "0", "side": "SELL", "hash": "a8c48b072f139c67b4c4ba046d0627469d523bde", "best_bid": "0.59", "best_ask": "0.61"}], "timestamp": "1769384462001", "event_type": "price_change"}}
{"_local_timestamp": "2026-01-25T23:41:07.737079+00:00", "data": {"market": "0xd4d9bcb52f55a0e27c5fadebac144007984dcd407a56615930b8bbe52dd2359d", "price_changes": [{"asset_id": "9964490285825299588837478514707268004965150181418600205038710337274347942785", "price": "0.33", "size": "1.14", "side": "BUY", "hash": "f78a1d13ad6fb518278660cbf37f74638a339b6c", "best_bid": "0.33", "best_ask": "0.34"}, {"asset_id": "76418712614971261469498314114716528018971998780735744371581110753753413087239", "price": "0.67", "size": "1.14", "side": "SELL", "hash": "bedcde0c8e5b5fe807002792b14604520f0f30c5", "best_bid": "0.66", "best_ask": "0.67"}], "timestamp": "1769384467657", "event_type": "price_change"}}
{"_local_timestamp": "2026-01-25T23:41:07.739308+00:00", "data": {"market": "0xd4d9bcb52f55a0e27c5fadebac144007984dcd407a56615930b8bbe52dd2359d", "asset_id": "76418712614971261469498314114716528018971998780735744371581110753753413087239", "bids": [{"price": "0.01", "size": "85892.94"}, {"price": "0.02", "size": "700"}, {"price": "0.05", "size": "500"}, {"price": "0.08", "size": "300"}, {"price": "0.62", "size": "85"}, {"price": "0.63", "size": "2655"}, {"price": "0.64", "size": "8070.11"}, {"price": "0.65", "size": "8934.57"}, {"price": "0.66", "size": "3055.24"}], "asks": [{"price": "0.99", "size": "85887.94"}, {"price": "0.98", "size": "700"}, {"price": "0.71", "size": "2204"}, {"price": "0.7", "size": "7870.11"}, {"price": "0.69", "size": "7744.11"}, {"price": "0.68", "size": "3006.29"}, {"price": "0.67", "size": "1.14"}], "hash": "bedcde0c8e5b5fe807002792b14604520f0f30c5", "timestamp": "1769384467657", "event_type": "book"}}
{"_local_timestamp": "2026-01-25T23:41:07.739726+00:00", "data": {"market": "0xd4d9bcb52f55a0e27c5fadebac144007984dcd407a56615930b8bbe52dd2359d", "asset_id": "9964490285825299588837478514707268004965150181418600205038710337274347942785", "bids": [{"price": "0.01", "size": "85887.94"}, {"price": "0.02", "size": "700"}, {"price": "0.29", "size": "2204"}, {"price": "0.3", "size": "7870.11"}, {"price": "0.31", "size": "7744.11"}, {"price": "0.32", "size": "3006.29"}, {"price": "0.33", "size": "1.14"}], "asks": [{"price": "0.99", "size": "85892.94"}, {"price": "0.98", "size": "700"}, {"price": "0.95", "size": "500"}, {"price": "0.92", "size": "300"}, {"price": "0.38", "size": "85"}, {"price": "0.37", "size": "2655"}, {"price": "0.36", "size": "8070.11"}, {"price": "0.35", "size": "8934.57"}, {"price": "0.34", "size": "3055.24"}], "hash": "f78a1d13ad6fb518278660cbf37f74638a339b6c", "timestamp": "1769384467657", "event_type": "book"}}
{"_local_timestamp": "2026-01-25T23:41:07.760773+00:00", "data": {"market": "0xd4d9bcb52f55a0e27c5fadebac144007984dcd407a56615930b8bbe52dd2359d", "asset_id": "76418712614971261469498314114716528018971998780735744371581110753753413087239", "price": "0.67", "size": "129.850745", "fee_rate_bps": "0", "side": "BUY", "timestamp": "1769384467687", "event_type": "last_trade_price", "transaction_hash": "0x9e13db9611cb61d5183d9696562f6673d30cf5ddb9421f868a414e50f94469b8"}}
{"_local_timestamp": "2026-01-25T23:41:07.943902+00:00", "data": {"market": "0x62c2cd0d8ab95d020fdc98688b308848c7e448fd9f22f76963b82eed7cb84e9b", "price_changes": [{"asset_id": "41077927390214569510726515466584037432389705623011759406747159087695148862357", "price": "0.4", "size": "2842", "side": "BUY", "hash": "6ac9eb1fd9b13b3a9403d6815d6fd88fc6610b7e", "best_bid": "0.4", "best_ask": "0.42"}, {"asset_id": "53151935479456002558896079790416439542250294202986150197698195799837055065936", "price": "0.6", "size": "2842", "side": "SELL", "hash": "7e2358d07bc92e80cedfdf664af057fef4660d51", "best_bid": "0.58", "best_ask": "0.6"}], "timestamp": "1769384467865", "event_type": "price_change"}}
{"_local_timestamp": "2026-01-25T23:41:08.040653+00:00", "data": {"market": "0xd4d9bcb52f55a0e27c5fadebac144007984dcd407a56615930b8bbe52dd2359d", "price_changes": [{"asset_id": "9964490285825299588837478514707268004965150181418600205038710337274347942785", "price": "0.33", "size": "130.14", "side": "BUY", "hash": "c47590e85d70fd97acfd753cc2992dddcd327f41", "best_bid": "0.33", "best_ask": "0.34"}, {"asset_id": "76418712614971261469498314114716528018971998780735744371581110753753413087239", "price": "0.67", "size": "130.14", "side": "SELL", "hash": "dd33ac28bcf110e8a5e1ce36ec1054dba2ae1f80", "best_bid": "0.66", "best_ask": "0.67"}], "timestamp": "1769384467975", "event_type": "price_change"}}
{"_local_timestamp": "2026-01-25T23:41:08.311585+00:00", "data": {"market": "0x62c2cd0d8ab95d020fdc98688b308848c7e448fd9f22f76963b82eed7cb84e9b", "price_changes": [{"asset_id": "41077927390214569510726515466584037432389705623011759406747159087695148862357", "price": "0.39", "size": "9334.11", "side": "BUY", "hash": "61bf393be3a988a8d018be7f0d5c8a99768d71cb", "best_bid": "0.4", "best_ask": "0.42"}, {"asset_id": "53151935479456002558896079790416439542250294202986150197698195799837055065936", "price": "0.61", "size": "9334.11", "side": "SELL", "hash": "d2e0b12fae62f64356d0d803ef0c573d3608ac40", "best_bid": "0.58", "best_ask": "0.6"}], "timestamp": "1769384468241", "event_type": "price_change"}}
{"_local_timestamp": "2026-01-25T23:41:08.800363+00:00", "data": {"market": "0x963b613e0a180d97fd95ab2888198451ab1bc95ff7d0e6ee73f09d1b09e0de1f", "price_changes": [{"asset_id": "110980537569511941616704894264795333457319548923980971693721257637833698078854", "price": "0.4", "size": "120", "side": "BUY", "hash": "1779c6465a721c6dc2d3067886ec6b85b5f650b6", "best_bid": "0.4", "best_ask": "0.41"}, {"asset_id": "79949046760455713251066438838657730162489035049297788167127897388444279721277", "price": "0.6", "size": "120", "side": "SELL", "hash": "8a61d905e16290944892c502bc024933c7f13d2a", "best_bid": "0.59", "best_ask": "0.6"}], "timestamp": "1769384468728", "event_type": "price_change"}}
{"_local_timestamp": "2026-01-25T23:41:11.523518+00:00", "data": {"market": "0xd4d9bcb52f55a0e27c5fadebac144007984dcd407a56615930b8bbe52dd2359d", "price_changes": [{"asset_id": "9964490285825299588837478514707268004965150181418600205038710337274347942785", "price": "0.33", "size": "135.33", "side": "BUY", "hash": "d13d5985245bb98d04834fccd8f75b58caec48a6", "best_bid": "0.33", "best_ask": "0.34"}, {"asset_id": "76418712614971261469498314114716528018971998780735744371581110753753413087239", "price": "0.67", "size": "135.33", "side": "SELL", "hash": "e50deb4b8ab96165035e611b53a9ca844574dd07", "best_bid": "0.66", "best_ask": "0.67"}], "timestamp": "1769384471452", "event_type": "price_change"}}
{"_local_timestamp": "2026-01-25T23:41:14.167394+00:00", "data": {"market": "0x289c846122abca691f40cb8791486e1ba2a33ca92c8ee124677f3ea91cbf0888", "price_changes": [{"asset_id": "113129058035948699866091850567707644337474123477681436742788604457339451548233", "price": "0.63", "size": "152.43", "side": "BUY", "hash": "4a6d6c0aee4eba8af1b9f013cdd5a321aec5e44a", "best_bid": "0.63", "best_ask": "0.69"}, {"asset_id": "74857485727986914157751055585624894615373158391000091364285942356327212674239", "price": "0.37", "size": "152.43", "side": "SELL", "hash": "d6a7cf084c8c513cb32741aa9ac11f24b61954f6", "best_bid": "0.31", "best_ask": "0.37"}], "timestamp": "1769384474081", "event_type": "price_change"}}
{"_local_timestamp": "2026-01-25T23:41:14.170771+00:00", "data": {"market": "0x289c846122abca691f40cb8791486e1ba2a33ca92c8ee124677f3ea91cbf0888", "asset_id": "74857485727986914157751055585624894615373158391000091364285942356327212674239", "bids": [{"price": "0.01", "size": "91938.55"}, {"price": "0.02", "size": "700"}, {"price": "0.03", "size": "16"}, {"price": "0.05", "size": "20"}, {"price": "0.06", "size": "33"}, {"price": "0.3", "size": "86"}, {"price": "0.31", "size": "103"}], "asks": [{"price": "0.99", "size": "91983.55"}, {"price": "0.98", "size": "700"}, {"price": "0.95", "size": "520"}, {"price": "0.94", "size": "33"}, {"price": "0.92", "size": "300"}, {"price": "0.37", "size": "152.43"}], "hash": "d6a7cf084c8c513cb32741aa9ac11f24b61954f6", "timestamp": "1769384474081", "event_type": "book"}}
{"_local_timestamp": "2026-01-25T23:41:14.171142+00:00", "data": {"market": "0x289c846122abca691f40cb8791486e1ba2a33ca92c8ee124677f3ea91cbf0888", "asset_id": "113129058035948699866091850567707644337474123477681436742788604457339451548233", "bids": [{"price": "0.01", "size": "91983.55"}, {"price": "0.02", "size": "700"}, {"price": "0.05", "size": "520"}, {"price": "0.06", "size": "33"}, {"price": "0.08", "size": "300"}, {"price": "0.63", "size": "152.43"}], "asks": [{"price": "0.99", "size": "91938.55"}, {"price": "0.98", "size": "700"}, {"price": "0.97", "size": "16"}, {"price": "0.95", "size": "20"}, {"price": "0.94", "size": "33"}, {"price": "0.7", "size": "86"}, {"price": "0.69", "size": "103"}], "hash": "4a6d6c0aee4eba8af1b9f013cdd5a321aec5e44a", "timestamp": "1769384474081", "event_type": "book"}}
{"_local_timestamp": "2026-01-25T23:41:14.186369+00:00", "data": {"market": "0x289c846122abca691f40cb8791486e1ba2a33ca92c8ee124677f3ea91cbf0888", "asset_id": "74857485727986914157751055585624894615373158391000091364285942356327212674239", "price": "0.37", "size": "67.567566", "fee_rate_bps": "0", "side": "BUY", "timestamp": "1769384474114", "event_type": "last_trade_price", "transaction_hash": "0xf310ba1b93790aa5f778d50cf712985fc3bb47612d0c72c72f2ca8da663e24bb"}}
{"_local_timestamp": "2026-01-25T23:41:15.084424+00:00", "data": {"market": "0x289c846122abca691f40cb8791486e1ba2a33ca92c8ee124677f3ea91cbf0888", "price_changes": [{"asset_id": "113129058035948699866091850567707644337474123477681436742788604457339451548233", "price": "0.64", "size": "69", "side": "BUY", "hash": "cf15d24b531ba30b0799250ef1a773d5d58d0391", "best_bid": "0.64", "best_ask": "0.69"}, {"asset_id": "74857485727986914157751055585624894615373158391000091364285942356327212674239", "price": "0.36", "size": "69", "side": "SELL", "hash": "230a769a4b27ac6e7c7495338550f4bb2d6f88a9", "best_bid": "0.31", "best_ask": "0.36"}], "timestamp": "1769384475003", "event_type": "price_change"}}
{"_local_timestamp": "2026-01-25T23:41:20.022999+00:00", "data": {"market": "0x289c846122abca691f40cb8791486e1ba2a33ca92c8ee124677f3ea91cbf0888", "price_changes": [{"asset_id": "113129058035948699866091850567707644337474123477681436742788604457339451548233", "price": "0.63", "size": "157.43", "side": "BUY", "hash": "302d41e3231b3b73305607096a394d15b74e8ec8", "best_bid": "0.64", "best_ask": "0.69"}, {"asset_id": "74857485727986914157751055585624894615373158391000091364285942356327212674239", "price": "0.37", "size": "157.43", "side": "SELL", "hash": "c163a65a5300c0f9b1fd4520162eb6288ce54f0a", "best_bid": "0.31", "best_ask": "0.36"}], "timestamp": "1769384479950", "event_type": "price_change"}}
{"_local_timestamp": "2026-01-25T23:41:27.102364+00:00", "data": {"market": "0x963b613e0a180d97fd95ab2888198451ab1bc95ff7d0e6ee73f09d1b09e0de1f", "price_changes": [{"asset_id": "110980537569511941616704894264795333457319548923980971693721257637833698078854", "price": "0.36", "size": "2631", "side": "BUY", "hash": "8dd4819421f973c307b93984786a4102a7ac1581", "best_bid": "0.4", "best_ask": "0.41"}, {"asset_id": "79949046760455713251066438838657730162489035049297788167127897388444279721277", "price": "0.64", "size": "2631", "side": "SELL", "hash": "91feb6de506f8a52576463f05026fc385faa7d04", "best_bid": "0.59", "best_ask": "0.6"}], "timestamp": "1769384487018", "event_type": "price_change"}}
{"_local_timestamp": "2026-01-25T23:41:27.107633+00:00", "data": {"market": "0x963b613e0a180d97fd95ab2888198451ab1bc95ff7d0e6ee73f09d1b09e0de1f", "price_changes": [{"asset_id": "110980537569511941616704894264795333457319548923980971693721257637833698078854", "price": "0.36", "size": "2537", "side": "BUY", "hash": "9dacf6570787e0030ccd8318b0c5ec7485e27c6d", "best_bid": "0.4", "best_ask": "0.41"}, {"asset_id": "79949046760455713251066438838657730162489035049297788167127897388444279721277", "price": "0.64", "size": "2537", "side": "SELL", "hash": "b94920019395a71b1a3de99ba59c4de5aaf4ca1c", "best_bid": "0.59", "best_ask": "0.6"}], "timestamp": "1769384487043", "event_type": "price_change"}}
{"_local_timestamp": "2026-01-25T23:41:40.129920+00:00", "data": {"market": "0x963b613e0a180d97fd95ab2888198451ab1bc95ff7d0e6ee73f09d1b09e0de1f", "price_changes": [{"asset_id": "110980537569511941616704894264795333457319548923980971693721257637833698078854", "price": "0.36", "size": "2631", "side": "BUY", "hash": "4477585a50bd1a95f1456a32bdbb7a75de8f7cfc", "best_bid": "0.4", "best_ask": "0.41"}, {"asset_id": "79949046760455713251066438838657730162489035049297788167127897388444279721277", "price": "0.64", "size": "2631", "side": "SELL", "hash": "39dfe2e5645bff4b772dd62c4420b7378ee2e340", "best_bid": "0.59", "best_ask": "0.6"}], "timestamp": "1769384500038", "event_type": "price_change"}}
{"_local_timestamp": "2026-01-25T23:41:40.144048+00:00", "data": {"market": "0x963b613e0a180d97fd95ab2888198451ab1bc95ff7d0e6ee73f09d1b09e0de1f", "price_changes": [{"asset_id": "110980537569511941616704894264795333457319548923980971693721257637833698078854", "price": "0.36", "size": "2537", "side": "BUY", "hash": "5f70c48a4b5c7b80a1eef6963579951b9bfef815", "best_bid": "0.4", "best_ask": "0.41"}, {"asset_id": "79949046760455713251066438838657730162489035049297788167127897388444279721277", "price": "0.64", "size": "2537", "side": "SELL", "hash": "f56698cb6d5ad13569e6503aeb251dc13e9896c7", "best_bid": "0.59", "best_ask": "0.6"}], "timestamp": "1769384500062", "event_type": "price_change"}}
{"_local_timestamp": "2026-01-25T23:41:40.553967+00:00", "data": {"market": "0x62c2cd0d8ab95d020fdc98688b308848c7e448fd9f22f76963b82eed7cb84e9b", "price_changes": [{"asset_id": "41077927390214569510726515466584037432389705623011759406747159087695148862357", "price": "0.4", "size": "2712", "side": "BUY", "hash": "e6918ee739ba9c61dc1246f50816e5921bcf2b5a", "best_bid": "0.4", "best_ask": "0.42"}, {"asset_id": "53151935479456002558896079790416439542250294202986150197698195799837055065936", "price": "0.6", "size": "2712", "side": "SELL", "hash": "b0732d6661d1c9a59af43db9293954a9377cefaa", "best_bid": "0.58", "best_ask": "0.6"}], "timestamp": "1769384500485", "event_type": "price_change"}}
{"_local_timestamp": "2026-01-25T23:41:41.207231+00:00", "data": {"market": "0x62c2cd0d8ab95d020fdc98688b308848c7e448fd9f22f76963b82eed7cb84e9b", "price_changes": [{"asset_id": "41077927390214569510726515466584037432389705623011759406747159087695148862357", "price": "0.39", "size": "9464.11", "side": "BUY", "hash": "f9b678944b395b4d06aa7f90a16529634b933f6c", "best_bid": "0.4", "best_ask": "0.42"}, {"asset_id": "53151935479456002558896079790416439542250294202986150197698195799837055065936", "price": "0.61", "size": "9464.11", "side": "SELL", "hash": "63f1a8c9e5818b172add7285e57e0c3f788ee673", "best_bid": "0.58", "best_ask": "0.6"}], "timestamp": "1769384501133", "event_type": "price_change"}}
{"_local_timestamp": "2026-01-25T23:41:41.897647+00:00", "data": {"market": "0x62c2cd0d8ab95d020fdc98688b308848c7e448fd9f22f76963b82eed7cb84e9b", "price_changes": [{"asset_id": "41077927390214569510726515466584037432389705623011759406747159087695148862357", "price": "0.39", "size": "9334.11", "side": "BUY", "hash": "33b400ab22dc31ac7c7599ba22993bf64c0daae1", "best_bid": "0.4", "best_ask": "0.42"}, {"asset_id": "53151935479456002558896079790416439542250294202986150197698195799837055065936", "price": "0.61", "size": "9334.11", "side": "SELL", "hash": "c7961fc9de12628e40dd2c527ceb4f66765536c4", "best_bid": "0.58", "best_ask": "0.6"}], "timestamp": "1769384501832", "event_type": "price_change"}}
{"_local_timestamp": "2026-01-25T23:41:46.718761+00:00", "data": {"market": "0x963b613e0a180d97fd95ab2888198451ab1bc95ff7d0e6ee73f09d1b09e0de1f", "price_changes": [{"asset_id": "110980537569511941616704894264795333457319548923980971693721257637833698078854", "price": "0.36", "size": "2641", "side": "BUY", "hash": "8443ccaca39a93f7df1d54a507a39c63877f3bbf", "best_bid": "0.4", "best_ask": "0.41"}, {"asset_id": "79949046760455713251066438838657730162489035049297788167127897388444279721277", "price": "0.64", "size": "2641", "side": "SELL", "hash": "c382f268f7c7c5781746f04a5da0ffde4963278b", "best_bid": "0.59", "best_ask": "0.6"}], "timestamp": "1769384506646", "event_type": "price_change"}}
{"_local_timestamp": "2026-01-25T23:41:46.742113+00:00", "data": {"market": "0x963b613e0a180d97fd95ab2888198451ab1bc95ff7d0e6ee73f09d1b09e0de1f", "price_changes": [{"asset_id": "110980537569511941616704894264795333457319548923980971693721257637833698078854", "price": "0.36", "size": "2537", "side": "BUY", "hash": "34689808fc5209929478fb374b6ea0150b925481", "best_bid": "0.4", "best_ask": "0.41"}, {"asset_id": "79949046760455713251066438838657730162489035049297788167127897388444279721277", "price": "0.64", "size": "2537", "side": "SELL", "hash": "b8710d108a1e951bd412233aeb4b604dc7fef712", "best_bid": "0.59", "best_ask": "0.6"}], "timestamp": "1769384506670", "event_type": "price_change"}}
{"_local_timestamp": "2026-01-25T23:41:49.558922+00:00", "data": {"market": "0x62c2cd0d8ab95d020fdc98688b308848c7e448fd9f22f76963b82eed7cb84e9b", "price_changes": [{"asset_id": "41077927390214569510726515466584037432389705623011759406747159087695148862357", "price": "0.39", "size": "9464.11", "side": "BUY", "hash": "70aeaa9b1170c28224d68b0f761804a64d36faee", "best_bid": "0.4", "best_ask": "0.42"}, {"asset_id": "53151935479456002558896079790416439542250294202986150197698195799837055065936", "price": "0.61", "size": "9464.11", "side": "SELL", "hash": "fa9f1a571e4d9afbf32df6e709928f409ee6eb70", "best_bid": "0.58", "best_ask": "0.6"}], "timestamp": "1769384509490", "event_type": "price_change"}}
{"_local_timestamp": "2026-01-25T23:41:53.208956+00:00", "data": {"market": "0x289c846122abca691f40cb8791486e1ba2a33ca92c8ee124677f3ea91cbf0888", "price_changes": [{"asset_id": "74857485727986914157751055585624894615373158391000091364285942356327212674239", "price": "0.01", "size": "91138.55", "side": "BUY", "hash": "414943a7899af68a30c643d49a27c5d5384a2701", "best_bid": "0.31", "best_ask": "0.36"}, {"asset_id": "113129058035948699866091850567707644337474123477681436742788604457339451548233", "price": "0.99", "size": "91138.55", "side": "SELL", "hash": "732ba2fb9044382a6835507f1afd690f3afc4ac0", "best_bid": "0.64", "best_ask": "0.69"}], "timestamp": "1769384512938", "event_type": "price_change"}}
{"_local_timestamp": "2026-01-25T23:41:53.209448+00:00", "data": {"market": "0x9ef8e68abf8b99acc0535904d4f6b7440785708eaf30886adf3964b59d10eecd", "price_changes": [{"asset_id": "24057867081748792773041107807288251827673086125027887602768766868175027290676", "price": "0.05", "size": "0", "side": "BUY", "hash": "5ce52dfe7bce50ca62758d5b0d25a1bf6cbdd704", "best_bid": "0.8", "best_ask": "0.81"}, {"asset_id": "52965116811613152921035598159047200647489117514672737861580989886710777523477", "price": "0.95", "size": "0", "side": "SELL", "hash": "f4fcb5d4e1e9e0fe13e4bcd24b078ecb35b63a80", "best_bid": "0.19", "best_ask": "0.2"}], "timestamp": "1769384512938", "event_type": "price_change"}}
{"_local_timestamp": "2026-01-25T23:41:53.209813+00:00", "data": {"market": "0x289c846122abca691f40cb8791486e1ba2a33ca92c8ee124677f3ea91cbf0888", "price_changes": [{"asset_id": "74857485727986914157751055585624894615373158391000091364285942356327212674239", "price": "0.02", "size": "0", "side": "BUY", "hash": "414943a7899af68a30c643d49a27c5d5384a2701", "best_bid": "0.31", "best_ask": "0.36"}, {"asset_id": "113129058035948699866091850567707644337474123477681436742788604457339451548233", "price": "0.98", "size": "0", "side": "SELL", "hash": "732ba2fb9044382a6835507f1afd690f3afc4ac0", "best_bid": "0.64", "best_ask": "0.69"}], "timestamp": "1769384512938", "event_type": "price_change"}}
{"_local_timestamp": "2026-01-25T23:41:53.210163+00:00", "data": {"market": "0x9ef8e68abf8b99acc0535904d4f6b7440785708eaf30886adf3964b59d10eecd", "price_changes": [{"asset_id": "24057867081748792773041107807288251827673086125027887602768766868175027290676", "price": "0.08", "size": "0", "side": "BUY", "hash": "5ce52dfe7bce50ca62758d5b0d25a1bf6cbdd704", "best_bid": "0.8", "best_ask": "0.81"}, {"asset_id": "52965116811613152921035598159047200647489117514672737861580989886710777523477", "price": "0.92", "size": "0", "side": "SELL", "hash": "f4fcb5d4e1e9e0fe13e4bcd24b078ecb35b63a80", "best_bid": "0.19", "best_ask": "0.2"}], "timestamp": "1769384512938", "event_type": "price_change"}}
{"_local_timestamp": "2026-01-25T23:41:53.210488+00:00", "data": {"market": "0x6016c0e170d09dad59962590047bf593fed162492244f27ceb657f7bce3d97b7", "price_changes": [{"asset_id": "44748863811247779903073156134977920961930971355387058198705068349148950487301", "price": "0.05", "size": "0", "side": "BUY", "hash": "65f58cf135a6ad7c88e04f54a24ea1aad285fd19", "best_bid": "0.92", "best_ask": "0.93"}, {"asset_id": "53052604274027315154661756294320729764933185669968567078751816627165620319918", "price": "0.95", "size": "0", "side": "SELL", "hash": "966d8f9994c2c07579fa878819c71fab5ce34adb", "best_bid": "0.07", "best_ask": "0.08"}], "timestamp": "1769384512938", "event_type": "price_change"}}
{"_local_timestamp": "2026-01-25T23:41:53.210866+00:00", "data": {"market": "0x9ef8e68abf8b99acc0535904d4f6b7440785708eaf30886adf3964b59d10eecd", "price_changes": [{"asset_id": "24057867081748792773041107807288251827673086125027887602768766868175027290676", "price": "0.01", "size": "85087.94", "side": "BUY", "hash": "5ce52dfe7bce50ca62758d5b0d25a1bf6cbdd704", "best_bid": "0.8", "best_ask": "0.81"}, {"asset_id": "52965116811613152921035598159047200647489117514672737861580989886710777523477", "price": "0.99", "size": "85087.94", "side": "SELL", "hash": "f4fcb5d4e1e9e0fe13e4bcd24b078ecb35b63a80", "best_bid": "0.19", "best_ask": "0.2"}], "timestamp": "1769384512938", "event_type": "price_change"}}
{"_local_timestamp": "2026-01-25T23:41:53.211458+00:00", "data": {"market": "0x6016c0e170d09dad59962590047bf593fed162492244f27ceb657f7bce3d97b7", "price_changes": [{"asset_id": "44748863811247779903073156134977920961930971355387058198705068349148950487301", "price": "0.02", "size": "0", "side": "BUY", "hash": "65f58cf135a6ad7c88e04f54a24ea1aad285fd19", "best_bid": "0.92", "best_ask": "0.93"}, {"asset_id": "53052604274027315154661756294320729764933185669968567078751816627165620319918", "price": "0.98", "size": "0", "side": "SELL", "hash": "966d8f9994c2c07579fa878819c71fab5ce34adb", "best_bid": "0.07", "best_ask": "0.08"}], "timestamp": "1769384512938", "event_type": "price_change"}}
{"_local_timestamp": "2026-01-25T23:41:53.211823+00:00", "data": {"market": "0x6016c0e170d09dad59962590047bf593fed162492244f27ceb657f7bce3d97b7", "price_changes": [{"asset_id": "44748863811247779903073156134977920961930971355387058198705068349148950487301", "price": "0.08", "size": "0", "side": "BUY", "hash": "65f58cf135a6ad7c88e04f54a24ea1aad285fd19", "best_bid": "0.92", "best_ask": "0.93"}, {"asset_id": "53052604274027315154661756294320729764933185669968567078751816627165620319918", "price": "0.92", "size": "0", "side": "SELL", "hash": "966d8f9994c2c07579fa878819c71fab5ce34adb", "best_bid": "0.07", "best_ask": "0.08"}], "timestamp": "1769384512938", "event_type": "price_change"}}
{"_local_timestamp": "2026-01-25T23:41:53.212163+00:00", "data": {"market": "0x6016c0e170d09dad59962590047bf593fed162492244f27ceb657f7bce3d97b7", "price_changes": [{"asset_id": "44748863811247779903073156134977920961930971355387058198705068349148950487301", "price": "0.01", "size": "91087.05", "side": "BUY", "hash": "65f58cf135a6ad7c88e04f54a24ea1aad285fd19", "best_bid": "0.92", "best_ask": "0.93"}, {"asset_id": "53052604274027315154661756294320729764933185669968567078751816627165620319918", "price": "0.99", "size": "91087.05", "side": "SELL", "hash": "966d8f9994c2c07579fa878819c71fab5ce34adb", "best_bid": "0.07", "best_ask": "0.08"}], "timestamp": "1769384512938", "event_type": "price_change"}}
{"_local_timestamp": "2026-01-25T23:41:53.214435+00:00", "data": {"market": "0x289c846122abca691f40cb8791486e1ba2a33ca92c8ee124677f3ea91cbf0888", "price_changes": [{"asset_id": "113129058035948699866091850567707644337474123477681436742788604457339451548233", "price": "0.05", "size": "20", "side": "BUY", "hash": "e193f676de4ca640250f762b8686abb7888df8f5", "best_bid": "0.64", "best_ask": "0.69"}, {"asset_id": "74857485727986914157751055585624894615373158391000091364285942356327212674239", "price": "0.95", "size": "20", "side": "SELL", "hash": "6a09c02024e1906145506e185ea688feaf42e804", "best_bid": "0.31", "best_ask": "0.36"}], "timestamp": "1769384512938", "event_type": "price_change"}}
{"_local_timestamp": "2026-01-25T23:41:53.214936+00:00", "data": {"market": "0x289c846122abca691f40cb8791486e1ba2a33ca92c8ee124677f3ea91cbf0888", "price_changes": [{"asset_id": "113129058035948699866091850567707644337474123477681436742788604457339451548233", "price": "0.02", "size": "0", "side": "BUY", "hash": "e193f676de4ca640250f762b8686abb7888df8f5", "best_bid": "0.64", "best_ask": "0.69"}, {"asset_id": "74857485727986914157751055585624894615373158391000091364285942356327212674239", "price": "0.98", "size": "0", "side": "SELL", "hash": "6a09c02024e1906145506e185ea688feaf42e804", "best_bid": "0.31", "best_ask": "0.36"}], "timestamp": "1769384512938", "event_type": "price_change"}}
{"_local_timestamp": "2026-01-25T23:41:53.215577+00:00", "data": {"market": "0x289c846122abca691f40cb8791486e1ba2a33ca92c8ee124677f3ea91cbf0888", "price_changes": [{"asset_id": "113129058035948699866091850567707644337474123477681436742788604457339451548233", "price": "0.08", "size": "0", "side": "BUY", "hash": "e193f676de4ca640250f762b8686abb7888df8f5", "best_bid": "0.64", "best_ask": "0.69"}, {"asset_id": "74857485727986914157751055585624894615373158391000091364285942356327212674239", "price": "0.92", "size": "0", "side": "SELL", "hash": "6a09c02024e1906145506e185ea688feaf42e804", "best_bid": "0.31", "best_ask": "0.36"}], "timestamp": "1769384512938", "event_type": "price_change"}}
{"_local_timestamp": "2026-01-25T23:41:53.215962+00:00", "data": {"market": "0x289c846122abca691f40cb8791486e1ba2a33ca92c8ee124677f3ea91cbf0888", "price_changes": [{"asset_id": "113129058035948699866091850567707644337474123477681436742788604457339451548233", "price": "0.01", "size": "91183.55", "side": "BUY", "hash": "e193f676de4ca640250f762b8686abb7888df8f5", "best_bid": "0.64", "best_ask": "0.69"}, {"asset_id": "74857485727986914157751055585624894615373158391000091364285942356327212674239", "price": "0.99", "size": "91183.55", "side": "SELL", "hash": "6a09c02024e1906145506e185ea688feaf42e804", "best_bid": "0.31", "best_ask": "0.36"}], "timestamp": "1769384512938", "event_type": "price_change"}}
{"_local_timestamp": "2026-01-25T23:41:53.334347+00:00", "data": {"market": "0x9ef8e68abf8b99acc0535904d4f6b7440785708eaf30886adf3964b59d10eecd", "price_changes": [{"asset_id": "24057867081748792773041107807288251827673086125027887602768766868175027290676", "price": "0.02", "size": "0", "side": "BUY", "hash": "5995bfbd6ba95e7773159ef285e1684fb28d61c4", "best_bid": "0.8", "best_ask": "0.81"}, {"asset_id": "52965116811613152921035598159047200647489117514672737861580989886710777523477", "price": "0.98", "size": "0", "side": "SELL", "hash": "7d6e9ff3b7256168843202f6c9031a19ccc2aa8f", "best_bid": "0.19", "best_ask": "0.2"}], "timestamp": "1769384512946", "event_type": "price_change"}}
{"_local_timestamp": "2026-01-25T23:41:53.334854+00:00", "data": {"market": "0xd4d9bcb52f55a0e27c5fadebac144007984dcd407a56615930b8bbe52dd2359d", "price_changes": [{"asset_id": "76418712614971261469498314114716528018971998780735744371581110753753413087239", "price": "0.08", "size": "0", "side": "BUY", "hash": "776cb2c27ac4f54075799e00176577a16eec4428", "best_bid": "0.66", "best_ask": "0.67"}, {"asset_id": "9964490285825299588837478514707268004965150181418600205038710337274347942785", "price": "0.92", "size": "0", "side": "SELL", "hash": "2c9d6a9c1ebe4314526f1bc9a5d851c8abb0cb20", "best_bid": "0.33", "best_ask": "0.34"}], "timestamp": "1769384512946", "event_type": "price_change"}}
{"_local_timestamp": "2026-01-25T23:41:53.335313+00:00", "data": {"market": "0xd4d9bcb52f55a0e27c5fadebac144007984dcd407a56615930b8bbe52dd2359d", "price_changes": [{"asset_id": "76418712614971261469498314114716528018971998780735744371581110753753413087239", "price": "0.02", "size": "0", "side": "BUY", "hash": "776cb2c27ac4f54075799e00176577a16eec4428", "best_bid": "0.66", "best_ask": "0.67"}, {"asset_id": "9964490285825299588837478514707268004965150181418600205038710337274347942785", "price": "0.98", "size": "0", "side": "SELL", "hash": "2c9d6a9c1ebe4314526f1bc9a5d851c8abb0cb20", "best_bid": "0.33", "best_ask": "0.34"}], "timestamp": "1769384512946", "event_type": "price_change"}}
{"_local_timestamp": "2026-01-25T23:41:53.335673+00:00", "data": {"market": "0x963b613e0a180d97fd95ab2888198451ab1bc95ff7d0e6ee73f09d1b09e0de1f", "price_changes": [{"asset_id": "110980537569511941616704894264795333457319548923980971693721257637833698078854", "price": "0.02", "size": "0", "side": "BUY", "hash": "c221d4a528216ec7fbc950960d20e21218d8025f", "best_bid": "0.4", "best_ask": "0.41"}, {"asset_id": "79949046760455713251066438838657730162489035049297788167127897388444279721277", "price": "0.98", "size": "0", "side": "SELL", "hash": "cd37f3b914f2db0ac9d3c46c0f3d005eef5a03db", "best_bid": "0.59", "best_ask": "0.6"}], "timestamp": "1769384512946", "event_type": "price_change"}}
{"_local_timestamp": "2026-01-25T23:41:53.336020+00:00", "data": {"market": "0xd4d9bcb52f55a0e27c5fadebac144007984dcd407a56615930b8bbe52dd2359d", "price_changes": [{"asset_id": "76418712614971261469498314114716528018971998780735744371581110753753413087239", "price": "0.01", "size": "85092.94", "side": "BUY", "hash": "776cb2c27ac4f54075799e00176577a16eec4428", "best_bid": "0.66", "best_ask": "0.67"}, {"asset_id": "9964490285825299588837478514707268004965150181418600205038710337274347942785", "price": "0.99", "size": "85092.94", "side": "SELL", "hash": "2c9d6a9c1ebe4314526f1bc9a5d851c8abb0cb20", "best_bid": "0.33", "best_ask": "0.34"}], "timestamp": "1769384512946", "event_type": "price_change"}}
{"_local_timestamp": "2026-01-25T23:41:53.336401+00:00", "data": {"market": "0x963b613e0a180d97fd95ab2888198451ab1bc95ff7d0e6ee73f09d1b09e0de1f", "price_changes": [{"asset_id": "110980537569511941616704894264795333457319548923980971693721257637833698078854", "price": "0.05", "size": "0", "side": "BUY", "hash": "c221d4a528216ec7fbc950960d20e21218d8025f", "best_bid": "0.4", "best_ask": "0.41"}, {"asset_id": "79949046760455713251066438838657730162489035049297788167127897388444279721277", "price": "0.95", "size": "0", "side": "SELL", "hash": "cd37f3b914f2db0ac9d3c46c0f3d005eef5a03db", "best_bid": "0.59", "best_ask": "0.6"}], "timestamp": "1769384512946", "event_type": "price_change"}}
{"_local_timestamp": "2026-01-25T23:41:53.336795+00:00", "data": {"market": "0xd4d9bcb52f55a0e27c5fadebac144007984dcd407a56615930b8bbe52dd2359d", "price_changes": [{"asset_id": "9964490285825299588837478514707268004965150181418600205038710337274347942785", "price": "0.02", "size": "0", "side": "BUY", "hash": "01a3f4a9ccf2dfb98f992ff37baf92ee8f5dc4c5", "best_bid": "0.33", "best_ask": "0.34"}, {"asset_id": "76418712614971261469498314114716528018971998780735744371581110753753413087239", "price": "0.98", "size": "0", "side": "SELL", "hash": "bcd1d9df8e2f454a1b8ed31348825e086f017968", "best_bid": "0.66", "best_ask": "0.67"}], "timestamp": "1769384512947", "event_type": "price_change"}}
{"_local_timestamp": "2026-01-25T23:41:53.337172+00:00", "data": {"market": "0x963b613e0a180d97fd95ab2888198451ab1bc95ff7d0e6ee73f09d1b09e0de1f", "price_changes": [{"asset_id": "110980537569511941616704894264795333457319548923980971693721257637833698078854", "price": "0.08", "size": "0", "side": "BUY", "hash": "c221d4a528216ec7fbc950960d20e21218d8025f", "best_bid": "0.4", "best_ask": "0.41"}, {"asset_id": "79949046760455713251066438838657730162489035049297788167127897388444279721277", "price": "0.92", "size": "0", "side": "SELL", "hash": "cd37f3b914f2db0ac9d3c46c0f3d005eef5a03db", "best_bid": "0.59", "best_ask": "0.6"}], "timestamp": "1769384512946", "event_type": "price_change"}}
{"_local_timestamp": "2026-01-25T23:41:53.337639+00:00", "data": {"market": "0xd4d9bcb52f55a0e27c5fadebac144007984dcd407a56615930b8bbe52dd2359d", "price_changes": [{"asset_id": "9964490285825299588837478514707268004965150181418600205038710337274347942785", "price": "0.01", "size": "85087.94", "side": "BUY", "hash": "01a3f4a9ccf2dfb98f992ff37baf92ee8f5dc4c5", "best_bid": "0.33", "best_ask": "0.34"}, {"asset_id": "76418712614971261469498314114716528018971998780735744371581110753753413087239", "price": "0.99", "size": "85087.94", "side": "SELL", "hash": "bcd1d9df8e2f454a1b8ed31348825e086f017968", "best_bid": "0.66", "best_ask": "0.67"}], "timestamp": "1769384512947", "event_type": "price_change"}}
{"_local_timestamp": "2026-01-25T23:41:53.338078+00:00", "data": {"market": "0x9ef8e68abf8b99acc0535904d4f6b7440785708eaf30886adf3964b59d10eecd", "price_changes": [{"asset_id": "52965116811613152921035598159047200647489117514672737861580989886710777523477", "price": "0.01", "size": "85092.94", "side": "BUY", "hash": "fbecff9afd91cf9cbe385c220bd5e1aeee79e43d", "best_bid": "0.19", "best_ask": "0.2"}, {"asset_id": "24057867081748792773041107807288251827673086125027887602768766868175027290676", "price": "0.99", "size": "85092.94", "side": "SELL", "hash": "537cf358d8f1958a87608a8d6ad62628e5876d11", "best_bid": "0.8", "best_ask": "0.81"}], "timestamp": "1769384512947", "event_type": "price_change"}}
{"_local_timestamp": "2026-01-25T23:41:53.338453+00:00", "data": {"market": "0x963b613e0a180d97fd95ab2888198451ab1bc95ff7d0e6ee73f09d1b09e0de1f", "price_changes": [{"asset_id": "110980537569511941616704894264795333457319548923980971693721257637833698078854", "price": "0.01", "size": "85092.94", "side": "BUY", "hash": "c221d4a528216ec7fbc950960d20e21218d8025f", "best_bid": "0.4", "best_ask": "0.41"}, {"asset_id": "79949046760455713251066438838657730162489035049297788167127897388444279721277", "price": "0.99", "size": "85092.94", "side": "SELL", "hash": "cd37f3b914f2db0ac9d3c46c0f3d005eef5a03db", "best_bid": "0.59", "best_ask": "0.6"}], "timestamp": "1769384512946", "event_type": "price_change"}}
{"_local_timestamp": "2026-01-25T23:41:53.338797+00:00", "data": {"market": "0xd4d9bcb52f55a0e27c5fadebac144007984dcd407a56615930b8bbe52dd2359d", "price_changes": [{"asset_id": "76418712614971261469498314114716528018971998780735744371581110753753413087239", "price": "0.05", "size": "0", "side": "BUY", "hash": "767f00d1bd01dd4b793d8e1a67817295ef72f87e", "best_bid": "0.66", "best_ask": "0.67"}, {"asset_id": "9964490285825299588837478514707268004965150181418600205038710337274347942785", "price": "0.95", "size": "0", "side": "SELL", "hash": "4f0a71a4e32c1c2b82dd35a99ea15e911c0f11c1", "best_bid": "0.33", "best_ask": "0.34"}], "timestamp": "1769384512950", "event_type": "price_change"}}
{"_local_timestamp": "2026-01-25T23:41:53.339231+00:00", "data": {"market": "0x963b613e0a180d97fd95ab2888198451ab1bc95ff7d0e6ee73f09d1b09e0de1f", "price_changes": [{"asset_id": "79949046760455713251066438838657730162489035049297788167127897388444279721277", "price": "0.02", "size": "0", "side": "BUY", "hash": "b31226fd4233b79d6a5ebc943df2ec84ea7f6b00", "best_bid": "0.59", "best_ask": "0.6"}, {"asset_id": "110980537569511941616704894264795333457319548923980971693721257637833698078854", "price": "0.98", "size": "0", "side": "SELL", "hash": "4680e8fa7cfb90f31dfec319a0abddf3fb9ef722", "best_bid": "0.4", "best_ask": "0.41"}], "timestamp": "1769384512947", "event_type": "price_change"}}
{"_local_timestamp": "2026-01-25T23:41:53.339598+00:00", "data": {"market": "0x963b613e0a180d97fd95ab2888198451ab1bc95ff7d0e6ee73f09d1b09e0de1f", "price_changes": [{"asset_id": "79949046760455713251066438838657730162489035049297788167127897388444279721277", "price": "0.05", "size": "0", "side": "BUY", "hash": "b31226fd4233b79d6a5ebc943df2ec84ea7f6b00", "best_bid": "0.59", "best_ask": "0.6"}, {"asset_id": "110980537569511941616704894264795333457319548923980971693721257637833698078854", "price": "0.95", "size": "0", "side": "SELL", "hash": "4680e8fa7cfb90f31dfec319a0abddf3fb9ef722", "best_bid": "0.4", "best_ask": "0.41"}], "timestamp": "1769384512947", "event_type": "price_change"}}
{"_local_timestamp": "2026-01-25T23:41:53.339972+00:00", "data": {"market": "0x963b613e0a180d97fd95ab2888198451ab1bc95ff7d0e6ee73f09d1b09e0de1f", "price_changes": [{"asset_id": "79949046760455713251066438838657730162489035049297788167127897388444279721277", "price": "0.08", "size": "0", "side": "BUY", "hash": "b31226fd4233b79d6a5ebc943df2ec84ea7f6b00", "best_bid": "0.59", "best_ask": "0.6"}, {"asset_id": "110980537569511941616704894264795333457319548923980971693721257637833698078854", "price": "0.92", "size": "0", "side": "SELL", "hash": "4680e8fa7cfb90f31dfec319a0abddf3fb9ef722", "best_bid": "0.4", "best_ask": "0.41"}], "timestamp": "1769384512947", "event_type": "price_change"}}
{"_local_timestamp": "2026-01-25T23:41:53.340321+00:00", "data": {"market": "0x62c2cd0d8ab95d020fdc98688b308848c7e448fd9f22f76963b82eed7cb84e9b", "price_changes": [{"asset_id": "53151935479456002558896079790416439542250294202986150197698195799837055065936", "price": "0.02", "size": "0", "side": "BUY", "hash": "123602198605fa40df2899afa9c99c236b5200d0", "best_bid": "0.58", "best_ask": "0.6"}, {"asset_id": "41077927390214569510726515466584037432389705623011759406747159087695148862357", "price": "0.98", "size": "0", "side": "SELL", "hash": "44fd8f97c9a766b46c9b597854c91f40300cf901", "best_bid": "0.4", "best_ask": "0.42"}], "timestamp": "1769384512951", "event_type": "price_change"}}
{"_local_timestamp": "2026-01-25T23:41:53.340666+00:00", "data": {"market": "0x963b613e0a180d97fd95ab2888198451ab1bc95ff7d0e6ee73f09d1b09e0de1f", "price_changes": [{"asset_id": "79949046760455713251066438838657730162489035049297788167127897388444279721277", "price": "0.01", "size": "85087.94", "side": "BUY", "hash": "b31226fd4233b79d6a5ebc943df2ec84ea7f6b00", "best_bid": "0.59", "best_ask": "0.6"}, {"asset_id": "110980537569511941616704894264795333457319548923980971693721257637833698078854", "price": "0.99", "size": "85087.94", "side": "SELL", "hash": "4680e8fa7cfb90f31dfec319a0abddf3fb9ef722", "best_bid": "0.4", "best_ask": "0.41"}], "timestamp": "1769384512947", "event_type": "price_change"}}
{"_local_timestamp": "2026-01-25T23:41:53.341111+00:00", "data": {"market": "0x62c2cd0d8ab95d020fdc98688b308848c7e448fd9f22f76963b82eed7cb84e9b", "price_changes": [{"asset_id": "53151935479456002558896079790416439542250294202986150197698195799837055065936", "price": "0.05", "size": "0", "side": "BUY", "hash": "123602198605fa40df2899afa9c99c236b5200d0", "best_bid": "0.58", "best_ask": "0.6"}, {"asset_id": "41077927390214569510726515466584037432389705623011759406747159087695148862357", "price": "0.95", "size": "0", "side": "SELL", "hash": "44fd8f97c9a766b46c9b597854c91f40300cf901", "best_bid": "0.4", "best_ask": "0.42"}], "timestamp": "1769384512951", "event_type": "price_change"}}
{"_local_timestamp": "2026-01-25T23:41:53.349841+00:00", "data": {"market": "0x62c2cd0d8ab95d020fdc98688b308848c7e448fd9f22f76963b82eed7cb84e9b", "price_changes": [{"asset_id": "53151935479456002558896079790416439542250294202986150197698195799837055065936", "price": "0.08", "size": "0", "side": "BUY", "hash": "123602198605fa40df2899afa9c99c236b5200d0", "best_bid": "0.58", "best_ask": "0.6"}, {"asset_id": "41077927390214569510726515466584037432389705623011759406747159087695148862357", "price": "0.92", "size": "0", "side": "SELL", "hash": "44fd8f97c9a766b46c9b597854c91f40300cf901", "best_bid": "0.4", "best_ask": "0.42"}], "timestamp": "1769384512951", "event_type": "price_change"}}
{"_local_timestamp": "2026-01-25T23:41:53.350413+00:00", "data": {"market": "0x62c2cd0d8ab95d020fdc98688b308848c7e448fd9f22f76963b82eed7cb84e9b", "price_changes": [{"asset_id": "53151935479456002558896079790416439542250294202986150197698195799837055065936", "price": "0.01", "size": "91087.05", "side": "BUY", "hash": "123602198605fa40df2899afa9c99c236b5200d0", "best_bid": "0.58", "best_ask": "0.6"}, {"asset_id": "41077927390214569510726515466584037432389705623011759406747159087695148862357", "price": "0.99", "size": "91087.05", "side": "SELL", "hash": "44fd8f97c9a766b46c9b597854c91f40300cf901", "best_bid": "0.4", "best_ask": "0.42"}], "timestamp": "1769384512951", "event_type": "price_change"}}
{"_local_timestamp": "2026-01-25T23:41:53.351255+00:00", "data": {"market": "0x62c2cd0d8ab95d020fdc98688b308848c7e448fd9f22f76963b82eed7cb84e9b", "price_changes": [{"asset_id": "41077927390214569510726515466584037432389705623011759406747159087695148862357", "price": "0.02", "size": "0", "side": "BUY", "hash": "250982d7bf66955cebd90acc104a27a19dc570e2", "best_bid": "0.4", "best_ask": "0.42"}, {"asset_id": "53151935479456002558896079790416439542250294202986150197698195799837055065936", "price": "0.98", "size": "0", "side": "SELL", "hash": "31320d4be187fe36c4c1aaaf5f6466ad50f1de9d", "best_bid": "0.58", "best_ask": "0.6"}], "timestamp": "1769384512951", "event_type": "price_change"}}
{"_local_timestamp": "2026-01-25T23:41:53.351766+00:00", "data": {"market": "0x62c2cd0d8ab95d020fdc98688b308848c7e448fd9f22f76963b82eed7cb84e9b", "price_changes": [{"asset_id": "41077927390214569510726515466584037432389705623011759406747159087695148862357", "price": "0.05", "size": "0", "side": "BUY", "hash": "250982d7bf66955cebd90acc104a27a19dc570e2", "best_bid": "0.4", "best_ask": "0.42"}, {"asset_id": "53151935479456002558896079790416439542250294202986150197698195799837055065936", "price": "0.95", "size": "0", "side": "SELL", "hash": "31320d4be187fe36c4c1aaaf5f6466ad50f1de9d", "best_bid": "0.58", "best_ask": "0.6"}], "timestamp": "1769384512951", "event_type": "price_change"}}
{"_local_timestamp": "2026-01-25T23:41:53.352238+00:00", "data": {"market": "0x62c2cd0d8ab95d020fdc98688b308848c7e448fd9f22f76963b82eed7cb84e9b", "price_changes": [{"asset_id": "41077927390214569510726515466584037432389705623011759406747159087695148862357", "price": "0.08", "size": "0", "side": "BUY", "hash": "250982d7bf66955cebd90acc104a27a19dc570e2", "best_bid": "0.4", "best_ask": "0.42"}, {"asset_id": "53151935479456002558896079790416439542250294202986150197698195799837055065936", "price": "0.92", "size": "0", "side": "SELL", "hash": "31320d4be187fe36c4c1aaaf5f6466ad50f1de9d", "best_bid": "0.58", "best_ask": "0.6"}], "timestamp": "1769384512951", "event_type": "price_change"}}
{"_local_timestamp": "2026-01-25T23:41:53.352780+00:00", "data": {"market": "0x62c2cd0d8ab95d020fdc98688b308848c7e448fd9f22f76963b82eed7cb84e9b", "price_changes": [{"asset_id": "41077927390214569510726515466584037432389705623011759406747159087695148862357", "price": "0.01", "size": "85092.94", "side": "BUY", "hash": "250982d7bf66955cebd90acc104a27a19dc570e2", "best_bid": "0.4", "best_ask": "0.42"}, {"asset_id": "53151935479456002558896079790416439542250294202986150197698195799837055065936", "price": "0.99", "size": "85092.94", "side": "SELL", "hash": "31320d4be187fe36c4c1aaaf5f6466ad50f1de9d", "best_bid": "0.58", "best_ask": "0.6"}], "timestamp": "1769384512951", "event_type": "price_change"}}
{"_local_timestamp": "2026-01-25T23:41:57.103658+00:00", "data": {"market": "0x62c2cd0d8ab95d020fdc98688b308848c7e448fd9f22f76963b82eed7cb84e9b", "price_changes": [{"asset_id": "53151935479456002558896079790416439542250294202986150197698195799837055065936", "price": "0.55", "size": "0", "side": "BUY", "hash": "9eb83a157574501d9722434809b2ee9a3458bee2", "best_bid": "0.58", "best_ask": "0.6"}, {"asset_id": "41077927390214569510726515466584037432389705623011759406747159087695148862357", "price": "0.45", "size": "0", "side": "SELL", "hash": "05c451b7a1b99f8d5d40f0ef6edca56bdebfabe6", "best_bid": "0.4", "best_ask": "0.42"}], "timestamp": "1769384517002", "event_type": "price_change"}}
{"_local_timestamp": "2026-01-25T23:41:57.106211+00:00", "data": {"market": "0x62c2cd0d8ab95d020fdc98688b308848c7e448fd9f22f76963b82eed7cb84e9b", "price_changes": [{"asset_id": "41077927390214569510726515466584037432389705623011759406747159087695148862357", "price": "0.38", "size": "10295.11", "side": "BUY", "hash": "f0e0c42672857322249789cb57db88042bc1c4a5", "best_bid": "0.4", "best_ask": "0.42"}, {"asset_id": "53151935479456002558896079790416439542250294202986150197698195799837055065936", "price": "0.62", "size": "10295.11", "side": "SELL", "hash": "56e77626a53ed4f487c6a873b696ae4d1f5eb212", "best_bid": "0.58", "best_ask": "0.6"}], "timestamp": "1769384517005", "event_type": "price_change"}}
{"_local_timestamp": "2026-01-25T23:41:57.492642+00:00", "data": {"market": "0x62c2cd0d8ab95d020fdc98688b308848c7e448fd9f22f76963b82eed7cb84e9b", "price_changes": [{"asset_id": "41077927390214569510726515466584037432389705623011759406747159087695148862357", "price": "0.39", "size": "9334.11", "side": "BUY", "hash": "a2e4077cbd98672322e8eafd7bfe3c107dbc0197", "best_bid": "0.4", "best_ask": "0.42"}, {"asset_id": "53151935479456002558896079790416439542250294202986150197698195799837055065936", "price": "0.61", "size": "9334.11", "side": "SELL", "hash": "08bff4f1d42cb8982bfac52445e3143b96648d96", "best_bid": "0.58", "best_ask": "0.6"}], "timestamp": "1769384517423", "event_type": "price_change"}}
{"_local_timestamp": "2026-01-25T23:41:57.524812+00:00", "data": {"market": "0x62c2cd0d8ab95d020fdc98688b308848c7e448fd9f22f76963b82eed7cb84e9b", "price_changes": [{"asset_id": "53151935479456002558896079790416439542250294202986150197698195799837055065936", "price": "0.55", "size": "200", "side": "BUY", "hash": "9a4205a7c9efcea6547e30fe390e662e41986530", "best_bid": "0.58", "best_ask": "0.6"}, {"asset_id": "41077927390214569510726515466584037432389705623011759406747159087695148862357", "price": "0.45", "size": "200", "side": "SELL", "hash": "1a3a5ee0fcc727ab9684b5e4b1b262943fb288a9", "best_bid": "0.4", "best_ask": "0.42"}], "timestamp": "1769384517455", "event_type": "price_change"}}
{"_local_timestamp": "2026-01-25T23:41:57.553056+00:00", "data": {"market": "0x62c2cd0d8ab95d020fdc98688b308848c7e448fd9f22f76963b82eed7cb84e9b", "price_changes": [{"asset_id": "41077927390214569510726515466584037432389705623011759406747159087695148862357", "price": "0.38", "size": "10495.11", "side": "BUY", "hash": "782b09d8edd13e1809d3f3e0683873e7724761a6", "best_bid": "0.4", "best_ask": "0.42"}, {"asset_id": "53151935479456002558896079790416439542250294202986150197698195799837055065936", "price": "0.62", "size": "10495.11", "side": "SELL", "hash": "cd87220947ec9ab5b2cc3bd1731f120e3bd9692a", "best_bid": "0.58", "best_ask": "0.6"}], "timestamp": "1769384517484", "event_type": "price_change"}}
{"_local_timestamp": "2026-01-25T23:41:59.804769+00:00", "data": {"market": "0x62c2cd0d8ab95d020fdc98688b308848c7e448fd9f22f76963b82eed7cb84e9b", "price_changes": [{"asset_id": "41077927390214569510726515466584037432389705623011759406747159087695148862357", "price": "0.39", "size": "9464.11", "side": "BUY", "hash": "f706613b3bf37d7578f3c3ac94e229218bfa3b44", "best_bid": "0.4", "best_ask": "0.42"}, {"asset_id": "53151935479456002558896079790416439542250294202986150197698195799837055065936", "price": "0.61", "size": "9464.11", "side": "SELL", "hash": "7c1c7ad4990602d73c7dc5cdd93904918cc5bbe8", "best_bid": "0.58", "best_ask": "0.6"}], "timestamp": "1769384519734", "event_type": "price_change"}}
{"_local_timestamp": "2026-01-25T23:42:02.336566+00:00", "data": {"market": "0x963b613e0a180d97fd95ab2888198451ab1bc95ff7d0e6ee73f09d1b09e0de1f", "price_changes": [{"asset_id": "110980537569511941616704894264795333457319548923980971693721257637833698078854", "price": "0.36", "size": "2653", "side": "BUY", "hash": "ceadf6951933ca3423625617dd306b29c3d18f5d", "best_bid": "0.4", "best_ask": "0.41"}, {"asset_id": "79949046760455713251066438838657730162489035049297788167127897388444279721277", "price": "0.64", "size": "2653", "side": "SELL", "hash": "ef9fcc6ca0efdc1b6a3dc2842a6fc9ea0dcb5363", "best_bid": "0.59", "best_ask": "0.6"}], "timestamp": "1769384522268", "event_type": "price_change"}}
{"_local_timestamp": "2026-01-25T23:42:02.360672+00:00", "data": {"market": "0x963b613e0a180d97fd95ab2888198451ab1bc95ff7d0e6ee73f09d1b09e0de1f", "price_changes": [{"asset_id": "110980537569511941616704894264795333457319548923980971693721257637833698078854", "price": "0.36", "size": "2537", "side": "BUY", "hash": "ef671ed6038c98fb582e43ec3da8450a08153051", "best_bid": "0.4", "best_ask": "0.41"}, {"asset_id": "79949046760455713251066438838657730162489035049297788167127897388444279721277", "price": "0.64", "size": "2537", "side": "SELL", "hash": "edf43d4338f552b314132f373650c66ac6281053", "best_bid": "0.59", "best_ask": "0.6"}], "timestamp": "1769384522291", "event_type": "price_change"}}
{"_local_timestamp": "2026-01-25T23:42:12.087313+00:00", "data": {"market": "0xd4d9bcb52f55a0e27c5fadebac144007984dcd407a56615930b8bbe52dd2359d", "price_changes": [{"asset_id": "9964490285825299588837478514707268004965150181418600205038710337274347942785", "price": "0.33", "size": "130.14", "side": "BUY", "hash": "304d14a329e2021fdd8ffa25a8232d1a9d06c093", "best_bid": "0.33", "best_ask": "0.34"}, {"asset_id": "76418712614971261469498314114716528018971998780735744371581110753753413087239", "price": "0.67", "size": "130.14", "side": "SELL", "hash": "92c14d4febf2e5d4bb380e13866115af2637d681", "best_bid": "0.66", "best_ask": "0.67"}], "timestamp": "1769384532003", "event_type": "price_change"}}
{"_local_timestamp": "2026-01-25T23:42:20.103887+00:00", "data": {"market": "0x289c846122abca691f40cb8791486e1ba2a33ca92c8ee124677f3ea91cbf0888", "price_changes": [{"asset_id": "113129058035948699866091850567707644337474123477681436742788604457339451548233", "price": "0.63", "size": "152.43", "side": "BUY", "hash": "6279b4bd9b997c1f85ea4e20b3e8db33e4d5034c", "best_bid": "0.64", "best_ask": "0.69"}, {"asset_id": "74857485727986914157751055585624894615373158391000091364285942356327212674239", "price": "0.37", "size": "152.43", "side": "SELL", "hash": "594886e355c04448d00d3f4df00bdc6b3942b4c0", "best_bid": "0.31", "best_ask": "0.36"}], "timestamp": "1769384540001", "event_type": "price_change"}}
{"_local_timestamp": "2026-01-25T23:42:28.042801+00:00", "data": {"market": "0x963b613e0a180d97fd95ab2888198451ab1bc95ff7d0e6ee73f09d1b09e0de1f", "price_changes": [{"asset_id": "110980537569511941616704894264795333457319548923980971693721257637833698078854", "price": "0.36", "size": "2651", "side": "BUY", "hash": "b3e14ca8da1e9bdcaf6c2ef9eee5d739562942df", "best_bid": "0.4", "best_ask": "0.41"}, {"asset_id": "79949046760455713251066438838657730162489035049297788167127897388444279721277", "price": "0.64", "size": "2651", "side": "SELL", "hash": "3865950e489cea651bf12d045144926e48b388dd", "best_bid": "0.59", "best_ask": "0.6"}], "timestamp": "1769384547941", "event_type": "price_change"}}
{"_local_timestamp": "2026-01-25T23:42:28.065145+00:00", "data": {"market": "0x963b613e0a180d97fd95ab2888198451ab1bc95ff7d0e6ee73f09d1b09e0de1f", "price_changes": [{"asset_id": "110980537569511941616704894264795333457319548923980971693721257637833698078854", "price": "0.36", "size": "2537", "side": "BUY", "hash": "6d472062d827eee86e67aae24c65c42b7fcca96b", "best_bid": "0.4", "best_ask": "0.41"}, {"asset_id": "79949046760455713251066438838657730162489035049297788167127897388444279721277", "price": "0.64", "size": "2537", "side": "SELL", "hash": "e06826ae14f151c015bb4fd52f4be520f06a3f83", "best_bid": "0.59", "best_ask": "0.6"}], "timestamp": "1769384547964", "event_type": "price_change"}}
{"_local_timestamp": "2026-01-25T23:42:28.505996+00:00", "data": {"market": "0x963b613e0a180d97fd95ab2888198451ab1bc95ff7d0e6ee73f09d1b09e0de1f", "price_changes": [{"asset_id": "110980537569511941616704894264795333457319548923980971693721257637833698078854", "price": "0.4", "size": "118.33", "side": "BUY", "hash": "c4a10c400e2319eac980cec3dc07da8c6646c1e5", "best_bid": "0.4", "best_ask": "0.41"}, {"asset_id": "79949046760455713251066438838657730162489035049297788167127897388444279721277", "price": "0.6", "size": "118.33", "side": "SELL", "hash": "c07a1e75389a719371684b2473e954cb9767b19c", "best_bid": "0.59", "best_ask": "0.6"}], "timestamp": "1769384548407", "event_type": "price_change"}}
{"_local_timestamp": "2026-01-25T23:42:28.506637+00:00", "data": {"market": "0x963b613e0a180d97fd95ab2888198451ab1bc95ff7d0e6ee73f09d1b09e0de1f", "asset_id": "110980537569511941616704894264795333457319548923980971693721257637833698078854", "bids": [{"price": "0.01", "size": "85092.94"}, {"price": "0.36", "size": "2537"}, {"price": "0.37", "size": "9089.11"}, {"price": "0.38", "size": "6398.11"}, {"price": "0.39", "size": "3006.18"}, {"price": "0.4", "size": "118.33"}], "asks": [{"price": "0.99", "size": "85087.94"}, {"price": "0.65", "size": "253.65"}, {"price": "0.44", "size": "2494"}, {"price": "0.43", "size": "7964.11"}, {"price": "0.42", "size": "10104.49"}, {"price": "0.41", "size": "2986.35"}], "hash": "c4a10c400e2319eac980cec3dc07da8c6646c1e5", "timestamp": "1769384548407", "event_type": "book"}}
{"_local_timestamp": "2026-01-25T23:42:28.507189+00:00", "data": {"market": "0x963b613e0a180d97fd95ab2888198451ab1bc95ff7d0e6ee73f09d1b09e0de1f", "asset_id": "79949046760455713251066438838657730162489035049297788167127897388444279721277", "bids": [{"price": "0.01", "size": "85087.94"}, {"price": "0.35", "size": "253.65"}, {"price": "0.56", "size": "2494"}, {"price": "0.57", "size": "7964.11"}, {"price": "0.58", "size": "10104.49"}, {"price": "0.59", "size": "2986.35"}], "asks": [{"price": "0.99", "size": "85092.94"}, {"price": "0.64", "size": "2537"}, {"price": "0.63", "size": "9089.11"}, {"price": "0.62", "size": "6398.11"}, {"price": "0.61", "size": "3006.18"}, {"price": "0.6", "size": "118.33"}], "hash": "c07a1e75389a719371684b2473e954cb9767b19c", "timestamp": "1769384548407", "event_type": "book"}}
{"_local_timestamp": "2026-01-25T23:42:28.530609+00:00", "data": {"market": "0x963b613e0a180d97fd95ab2888198451ab1bc95ff7d0e6ee73f09d1b09e0de1f", "asset_id": "79949046760455713251066438838657730162489035049297788167127897388444279721277", "price": "0.6", "size": "1.666665", "fee_rate_bps": "0", "side": "BUY", "timestamp": "1769384548434", "event_type": "last_trade_price", "transaction_hash": "0x7a7ef0fd9a61b84d34e2b2139018a16ac936bc54b52d97f4d4ca9871648f3480"}}
{"_local_timestamp": "2026-01-25T23:42:37.044718+00:00", "data": {"market": "0x62c2cd0d8ab95d020fdc98688b308848c7e448fd9f22f76963b82eed7cb84e9b", "price_changes": [{"asset_id": "41077927390214569510726515466584037432389705623011759406747159087695148862357", "price": "0.39", "size": "9334.11", "side": "BUY", "hash": "925938c710314adf7dd6f24c525886d7593f3a76", "best_bid": "0.4", "best_ask": "0.42"}, {"asset_id": "53151935479456002558896079790416439542250294202986150197698195799837055065936", "price": "0.61", "size": "9334.11", "side": "SELL", "hash": "278e4d08660efbec5836f70d5253c2f28a689057", "best_bid": "0.58", "best_ask": "0.6"}], "timestamp": "1769384556940", "event_type": "price_change"}}
{"_local_timestamp": "2026-01-25T23:42:43.195511+00:00", "data": {"market": "0x963b613e0a180d97fd95ab2888198451ab1bc95ff7d0e6ee73f09d1b09e0de1f", "price_changes": [{"asset_id": "110980537569511941616704894264795333457319548923980971693721257637833698078854", "price": "0.36", "size": "2622", "side": "BUY", "hash": "ecc0939a93125cac4688ff501fa1f78a3e1f4633", "best_bid": "0.4", "best_ask": "0.41"}, {"asset_id": "79949046760455713251066438838657730162489035049297788167127897388444279721277", "price": "0.64", "size": "2622", "side": "SELL", "hash": "99d95737f8c61b8064c596ee624ef297a7a5dcba", "best_bid": "0.59", "best_ask": "0.6"}], "timestamp": "1769384563084", "event_type": "price_change"}}
{"_local_timestamp": "2026-01-25T23:42:43.213628+00:00", "data": {"market": "0x963b613e0a180d97fd95ab2888198451ab1bc95ff7d0e6ee73f09d1b09e0de1f", "price_changes": [{"asset_id": "110980537569511941616704894264795333457319548923980971693721257637833698078854", "price": "0.36", "size": "2537", "side": "BUY", "hash": "3d5fc64b4b5e4ca8dd39dc703f968552f478e0ac", "best_bid": "0.4", "best_ask": "0.41"}, {"asset_id": "79949046760455713251066438838657730162489035049297788167127897388444279721277", "price": "0.64", "size": "2537", "side": "SELL", "hash": "a7fad4f851a57b4a0db893eb4067aaf1340760fa", "best_bid": "0.59", "best_ask": "0.6"}], "timestamp": "1769384563107", "event_type": "price_change"}}
{"_local_timestamp": "2026-01-25T23:42:43.289538+00:00", "data": {"market": "0x62c2cd0d8ab95d020fdc98688b308848c7e448fd9f22f76963b82eed7cb84e9b", "price_changes": [{"asset_id": "41077927390214569510726515466584037432389705623011759406747159087695148862357", "price": "0.39", "size": "9464.11", "side": "BUY", "hash": "0015fc17a66d4f9e0ffa9f4ae57a05bacc98c83b", "best_bid": "0.4", "best_ask": "0.42"}, {"asset_id": "53151935479456002558896079790416439542250294202986150197698195799837055065936", "price": "0.61", "size": "9464.11", "side": "SELL", "hash": "884344160c1588cfe70d1dafa3d69457e4ce7a58", "best_bid": "0.58", "best_ask": "0.6"}], "timestamp": "1769384563151", "event_type": "price_change"}}
{"_local_timestamp": "2026-01-25T23:42:57.967164+00:00", "data": {"market": "0x62c2cd0d8ab95d020fdc98688b308848c7e448fd9f22f76963b82eed7cb84e9b", "price_changes": [{"asset_id": "41077927390214569510726515466584037432389705623011759406747159087695148862357", "price": "0.38", "size": "10695.11", "side": "BUY", "hash": "14c221e11aa415e0e680cab227058e46ea6f4025", "best_bid": "0.4", "best_ask": "0.42"}, {"asset_id": "53151935479456002558896079790416439542250294202986150197698195799837055065936", "price": "0.62", "size": "10695.11", "side": "SELL", "hash": "73f353e89b7988ab7ef16088fbb17f40803b765b", "best_bid": "0.58", "best_ask": "0.6"}], "timestamp": "1769384577865", "event_type": "price_change"}}
{"_local_timestamp": "2026-01-25T23:42:58.049455+00:00", "data": {"market": "0x62c2cd0d8ab95d020fdc98688b308848c7e448fd9f22f76963b82eed7cb84e9b", "price_changes": [{"asset_id": "53151935479456002558896079790416439542250294202986150197698195799837055065936", "price": "0.55", "size": "400", "side": "BUY", "hash": "ed199aa59bd31c9a71ab0d0fc077403910a45e1b", "best_bid": "0.58", "best_ask": "0.6"}, {"asset_id": "41077927390214569510726515466584037432389705623011759406747159087695148862357", "price": "0.45", "size": "400", "side": "SELL", "hash": "ff48b92cdc430d9c5d97339ffb589b59f010db04", "best_bid": "0.4", "best_ask": "0.42"}], "timestamp": "1769384577955", "event_type": "price_change"}}
{"_local_timestamp": "2026-01-25T23:42:58.106411+00:00", "data": {"market": "0x62c2cd0d8ab95d020fdc98688b308848c7e448fd9f22f76963b82eed7cb84e9b", "price_changes": [{"asset_id": "41077927390214569510726515466584037432389705623011759406747159087695148862357", "price": "0.38", "size": "10495.11", "side": "BUY", "hash": "5ba705f68aaad5e8086b30e54100d1a34832dced", "best_bid": "0.4", "best_ask": "0.42"}, {"asset_id": "53151935479456002558896079790416439542250294202986150197698195799837055065936", "price": "0.62", "size": "10495.11", "side": "SELL", "hash": "5e7cfb941d68ef8d10e884a3e226b61e916bc51a", "best_bid": "0.58", "best_ask": "0.6"}], "timestamp": "1769384578000", "event_type": "price_change"}}
{"_local_timestamp": "2026-01-25T23:42:58.119799+00:00", "data": {"market": "0x62c2cd0d8ab95d020fdc98688b308848c7e448fd9f22f76963b82eed7cb84e9b", "price_changes": [{"asset_id": "53151935479456002558896079790416439542250294202986150197698195799837055065936", "price": "0.55", "size": "200", "side": "BUY", "hash": "09e5895105e2fe26a7663a102850c7add4ac0df8", "best_bid": "0.58", "best_ask": "0.6"}, {"asset_id": "41077927390214569510726515466584037432389705623011759406747159087695148862357", "price": "0.45", "size": "200", "side": "SELL", "hash": "4d91f6245ae080b39519eb9eb936090d1f4b8ecb", "best_bid": "0.4", "best_ask": "0.42"}], "timestamp": "1769384578002", "event_type": "price_change"}}
{"_local_timestamp": "2026-01-25T23:42:58.164590+00:00", "data": {"market": "0x963b613e0a180d97fd95ab2888198451ab1bc95ff7d0e6ee73f09d1b09e0de1f", "price_changes": [{"asset_id": "110980537569511941616704894264795333457319548923980971693721257637833698078854", "price": "0.36", "size": "2627", "side": "BUY", "hash": "12f3a2beceecfe1d11fe874c8d2c7c433d8cb1e3", "best_bid": "0.4", "best_ask": "0.41"}, {"asset_id": "79949046760455713251066438838657730162489035049297788167127897388444279721277", "price": "0.64", "size": "2627", "side": "SELL", "hash": "2ecbeb0e58451c13c60bb178e8f0e9a1f16d1fec", "best_bid": "0.59", "best_ask": "0.6"}], "timestamp": "1769384578069", "event_type": "price_change"}}
{"_local_timestamp": "2026-01-25T23:42:58.190251+00:00", "data": {"market": "0x963b613e0a180d97fd95ab2888198451ab1bc95ff7d0e6ee73f09d1b09e0de1f", "price_changes": [{"asset_id": "110980537569511941616704894264795333457319548923980971693721257637833698078854", "price": "0.36", "size": "2537", "side": "BUY", "hash": "98339f84147d25bcc0ec6fcf8157a84db4ada4d2", "best_bid": "0.4", "best_ask": "0.41"}, {"asset_id": "79949046760455713251066438838657730162489035049297788167127897388444279721277", "price": "0.64", "size": "2537", "side": "SELL", "hash": "c6f73bf12c4e2d6ef4d2a98cf34e1b2578d4edeb", "best_bid": "0.59", "best_ask": "0.6"}], "timestamp": "1769384578093", "event_type": "price_change"}}
{"_local_timestamp": "2026-01-25T23:42:59.153206+00:00", "data": {"market": "0x62c2cd0d8ab95d020fdc98688b308848c7e448fd9f22f76963b82eed7cb84e9b", "price_changes": [{"asset_id": "41077927390214569510726515466584037432389705623011759406747159087695148862357", "price": "0.39", "size": "9334.11", "side": "BUY", "hash": "2d701462950a711c7c68f0ad0fe0da547e9548a8", "best_bid": "0.4", "best_ask": "0.42"}, {"asset_id": "53151935479456002558896079790416439542250294202986150197698195799837055065936", "price": "0.61", "size": "9334.11", "side": "SELL", "hash": "1effdda97fddf958f65bcc4b883aea56e35b33ca", "best_bid": "0.58", "best_ask": "0.6"}], "timestamp": "1769384579006", "event_type": "price_change"}}
{"_local_timestamp": "2026-01-25T23:42:59.186172+00:00", "data": {"market": "0x963b613e0a180d97fd95ab2888198451ab1bc95ff7d0e6ee73f09d1b09e0de1f", "price_changes": [{"asset_id": "79949046760455713251066438838657730162489035049297788167127897388444279721277", "price": "0.59", "size": "3096.35", "side": "BUY", "hash": "fdc67c51b7bedc40a4af6ea6c0027c4ca3048665", "best_bid": "0.59", "best_ask": "0.6"}, {"asset_id": "110980537569511941616704894264795333457319548923980971693721257637833698078854", "price": "0.41", "size": "3096.35", "side": "SELL", "hash": "202d5d4ac6ee29f2e7b47030b1f5f67fec1f36cf", "best_bid": "0.4", "best_ask": "0.41"}], "timestamp": "1769384579080", "event_type": "price_change"}}
{"_local_timestamp": "2026-01-25T23:42:59.645571+00:00", "data": {"market": "0x62c2cd0d8ab95d020fdc98688b308848c7e448fd9f22f76963b82eed7cb84e9b", "price_changes": [{"asset_id": "41077927390214569510726515466584037432389705623011759406747159087695148862357", "price": "0.39", "size": "9464.11", "side": "BUY", "hash": "74cc173e527105b125e79885bab3cdae47d13a51", "best_bid": "0.4", "best_ask": "0.42"}, {"asset_id": "53151935479456002558896079790416439542250294202986150197698195799837055065936", "price": "0.61", "size": "9464.11", "side": "SELL", "hash": "488bf18aec3f9a1f88219b49acc15feee003e049", "best_bid": "0.58", "best_ask": "0.6"}], "timestamp": "1769384579532", "event_type": "price_change"}}
{"_local_timestamp": "2026-01-25T23:43:07.658318+00:00", "data": {"market": "0x62c2cd0d8ab95d020fdc98688b308848c7e448fd9f22f76963b82eed7cb84e9b", "price_changes": [{"asset_id": "41077927390214569510726515466584037432389705623011759406747159087695148862357", "price": "0.39", "size": "9334.11", "side": "BUY", "hash": "7c8fc85065619b6dbd1681dc278375e71cb23151", "best_bid": "0.4", "best_ask": "0.42"}, {"asset_id": "53151935479456002558896079790416439542250294202986150197698195799837055065936", "price": "0.61", "size": "9334.11", "side": "SELL", "hash": "dcd33434cc55a6253a1a793f625bdbfa932779df", "best_bid": "0.58", "best_ask": "0.6"}], "timestamp": "1769384587565", "event_type": "price_change"}}
{"_local_timestamp": "2026-01-25T23:43:09.505078+00:00", "data": {"market": "0x62c2cd0d8ab95d020fdc98688b308848c7e448fd9f22f76963b82eed7cb84e9b", "price_changes": [{"asset_id": "41077927390214569510726515466584037432389705623011759406747159087695148862357", "price": "0.39", "size": "9465.11", "side": "BUY", "hash": "0ad8035aa311aee365cadc5bebc3155a1c3d3505", "best_bid": "0.4", "best_ask": "0.42"}, {"asset_id": "53151935479456002558896079790416439542250294202986150197698195799837055065936", "price": "0.61", "size": "9465.11", "side": "SELL", "hash": "fc91fe272af42464e5ed7756ab8a20633a8bad70", "best_bid": "0.58", "best_ask": "0.6"}], "timestamp": "1769384589402", "event_type": "price_change"}}
{"_local_timestamp": "2026-01-25T23:43:09.711549+00:00", "data": {"market": "0xd4d9bcb52f55a0e27c5fadebac144007984dcd407a56615930b8bbe52dd2359d", "price_changes": [{"asset_id": "9964490285825299588837478514707268004965150181418600205038710337274347942785", "price": "0.33", "size": "2890.75", "side": "BUY", "hash": "a841b9f8d45838c1162016907d0ff5d2f1c5d530", "best_bid": "0.33", "best_ask": "0.34"}, {"asset_id": "76418712614971261469498314114716528018971998780735744371581110753753413087239", "price": "0.67", "size": "2890.75", "side": "SELL", "hash": "9ddb7733fde2fc4c35fd20184af9bd17cde15305", "best_bid": "0.66", "best_ask": "0.67"}], "timestamp": "1769384589607", "event_type": "price_change"}}
{"_local_timestamp": "2026-01-25T23:43:10.006581+00:00", "data": {"market": "0x289c846122abca691f40cb8791486e1ba2a33ca92c8ee124677f3ea91cbf0888", "price_changes": [{"asset_id": "113129058035948699866091850567707644337474123477681436742788604457339451548233", "price": "0.63", "size": "35.43", "side": "BUY", "hash": "09ea4541de7d67b12c2ba702fbd201351bf5cfa2", "best_bid": "0.64", "best_ask": "0.69"}, {"asset_id": "74857485727986914157751055585624894615373158391000091364285942356327212674239", "price": "0.37", "size": "35.43", "side": "SELL", "hash": "097c4c247c493c2ffc4bbe5fe973dd884d9e2012", "best_bid": "0.31", "best_ask": "0.36"}], "timestamp": "1769384589906", "event_type": "price_change"}}
{"_local_timestamp": "2026-01-25T23:43:10.007338+00:00", "data": {"market": "0x963b613e0a180d97fd95ab2888198451ab1bc95ff7d0e6ee73f09d1b09e0de1f", "price_changes": [{"asset_id": "110980537569511941616704894264795333457319548923980971693721257637833698078854", "price": "0.39", "size": "2902.18", "side": "BUY", "hash": "29e4baa06a6a5e2ad6b2de47c0ae814f278d5bc8", "best_bid": "0.4", "best_ask": "0.41"}, {"asset_id": "79949046760455713251066438838657730162489035049297788167127897388444279721277", "price": "0.61", "size": "2902.18", "side": "SELL", "hash": "ea121ef57d317d9ab3c21afdac02dd27e859ba19", "best_bid": "0.59", "best_ask": "0.6"}], "timestamp": "1769384589908", "event_type": "price_change"}}
{"_local_timestamp": "2026-01-25T23:43:10.032797+00:00", "data": {"market": "0x963b613e0a180d97fd95ab2888198451ab1bc95ff7d0e6ee73f09d1b09e0de1f", "price_changes": [{"asset_id": "110980537569511941616704894264795333457319548923980971693721257637833698078854", "price": "0.37", "size": "8982.11", "side": "BUY", "hash": "cf29f445d10c94443c9fd398cea59322628c6418", "best_bid": "0.4", "best_ask": "0.41"}, {"asset_id": "79949046760455713251066438838657730162489035049297788167127897388444279721277", "price": "0.63", "size": "8982.11", "side": "SELL", "hash": "f5b1301a8515892a25dc844f59e20f1fd3c4613f", "best_bid": "0.59", "best_ask": "0.6"}], "timestamp": "1769384589933", "event_type": "price_change"}}
{"_local_timestamp": "2026-01-25T23:43:10.057507+00:00", "data": {"market": "0x963b613e0a180d97fd95ab2888198451ab1bc95ff7d0e6ee73f09d1b09e0de1f", "price_changes": [{"asset_id": "110980537569511941616704894264795333457319548923980971693721257637833698078854", "price": "0.38", "size": "6314.11", "side": "BUY", "hash": "fd203203999ea3705f773c6ecc2c5b1c73e0a480", "best_bid": "0.4", "best_ask": "0.41"}, {"asset_id": "79949046760455713251066438838657730162489035049297788167127897388444279721277", "price": "0.62", "size": "6314.11", "side": "SELL", "hash": "ad9e1eb55542bb18314a933b1b0e2439fe9dd25f", "best_bid": "0.59", "best_ask": "0.6"}], "timestamp": "1769384589958", "event_type": "price_change"}}
{"_local_timestamp": "2026-01-25T23:43:10.081958+00:00", "data": {"market": "0x963b613e0a180d97fd95ab2888198451ab1bc95ff7d0e6ee73f09d1b09e0de1f", "price_changes": [{"asset_id": "110980537569511941616704894264795333457319548923980971693721257637833698078854", "price": "0.39", "size": "2808.18", "side": "BUY", "hash": "31961090e5563fa551b533db92d0b1782cdcfc0d", "best_bid": "0.4", "best_ask": "0.41"}, {"asset_id": "79949046760455713251066438838657730162489035049297788167127897388444279721277", "price": "0.61", "size": "2808.18", "side": "SELL", "hash": "62917d56e3eac9447d16ec7c404872cb1f44ebaf", "best_bid": "0.59", "best_ask": "0.6"}], "timestamp": "1769384589985", "event_type": "price_change"}}
{"_local_timestamp": "2026-01-25T23:43:10.140570+00:00", "data": {"market": "0x963b613e0a180d97fd95ab2888198451ab1bc95ff7d0e6ee73f09d1b09e0de1f", "price_changes": [{"asset_id": "110980537569511941616704894264795333457319548923980971693721257637833698078854", "price": "0.38", "size": "6419.11", "side": "BUY", "hash": "4a13fd88fad1fba39f9bde34b9a4e4a5c84050dd", "best_bid": "0.4", "best_ask": "0.41"}, {"asset_id": "79949046760455713251066438838657730162489035049297788167127897388444279721277", "price": "0.62", "size": "6419.11", "side": "SELL", "hash": "ff68b09aa4209ce342db661780975971a3f2e56d", "best_bid": "0.59", "best_ask": "0.6"}], "timestamp": "1769384590041", "event_type": "price_change"}}
{"_local_timestamp": "2026-01-25T23:43:10.202135+00:00", "data": {"market": "0x963b613e0a180d97fd95ab2888198451ab1bc95ff7d0e6ee73f09d1b09e0de1f", "price_changes": [{"asset_id": "79949046760455713251066438838657730162489035049297788167127897388444279721277", "price": "0.57", "size": "7619.11", "side": "BUY", "hash": "770c51c68b421920446d73ed8a2e0a6c178c63b8", "best_bid": "0.59", "best_ask": "0.6"}, {"asset_id": "110980537569511941616704894264795333457319548923980971693721257637833698078854", "price": "0.43", "size": "7619.11", "side": "SELL", "hash": "65d26b9ca06b5cc4b9debea0b962542f06bc78b0", "best_bid": "0.4", "best_ask": "0.41"}], "timestamp": "1769384590078", "event_type": "price_change"}}
{"_local_timestamp": "2026-01-25T23:43:10.202737+00:00", "data": {"market": "0x963b613e0a180d97fd95ab2888198451ab1bc95ff7d0e6ee73f09d1b09e0de1f", "price_changes": [{"asset_id": "110980537569511941616704894264795333457319548923980971693721257637833698078854", "price": "0.37", "size": "8627.11", "side": "BUY", "hash": "439b1abc4ada8939b135cc093a681b3084862ca0", "best_bid": "0.4", "best_ask": "0.41"}, {"asset_id": "79949046760455713251066438838657730162489035049297788167127897388444279721277", "price": "0.63", "size": "8627.11", "side": "SELL", "hash": "c5aa603485b1e293f3a692d924c5749f68daaaa0", "best_bid": "0.59", "best_ask": "0.6"}], "timestamp": "1769384590078", "event_type": "price_change"}}
{"_local_timestamp": "2026-01-25T23:43:10.294650+00:00", "data": {"market": "0xd4d9bcb52f55a0e27c5fadebac144007984dcd407a56615930b8bbe52dd2359d", "price_changes": [{"asset_id": "76418712614971261469498314114716528018971998780735744371581110753753413087239", "price": "0.65", "size": "2935.46", "side": "BUY", "hash": "dcb61a5f6a9ccd3ead9614ef544f215e7cd6889d", "best_bid": "0.66", "best_ask": "0.67"}, {"asset_id": "9964490285825299588837478514707268004965150181418600205038710337274347942785", "price": "0.35", "size": "2935.46", "side": "SELL", "hash": "c8502154c7f967a7bf02437e9ab0f60a9ad87597", "best_bid": "0.33", "best_ask": "0.34"}], "timestamp": "1769384590193", "event_type": "price_change"}}
{"_local_timestamp": "2026-01-25T23:43:10.308352+00:00", "data": {"market": "0x289c846122abca691f40cb8791486e1ba2a33ca92c8ee124677f3ea91cbf0888", "price_changes": [{"asset_id": "113129058035948699866091850567707644337474123477681436742788604457339451548233", "price": "0.63", "size": "107.43", "side": "BUY", "hash": "1df4644d0a3eabce9c5e7348b1cb9cb35ddd08fb", "best_bid": "0.64", "best_ask": "0.69"}, {"asset_id": "74857485727986914157751055585624894615373158391000091364285942356327212674239", "price": "0.37", "size": "107.43", "side": "SELL", "hash": "5bcd42f97c682e38c2b25fc99cd268af063b787c", "best_bid": "0.31", "best_ask": "0.36"}], "timestamp": "1769384590208", "event_type": "price_change"}}
{"_local_timestamp": "2026-01-25T23:43:10.315815+00:00", "data": {"market": "0x963b613e0a180d97fd95ab2888198451ab1bc95ff7d0e6ee73f09d1b09e0de1f", "price_changes": [{"asset_id": "79949046760455713251066438838657730162489035049297788167127897388444279721277", "price": "0.58", "size": "10443.49", "side": "BUY", "hash": "3284ddeff2bcbd96789171b14d3cfa931bb50547", "best_bid": "0.59", "best_ask": "0.6"}, {"asset_id": "110980537569511941616704894264795333457319548923980971693721257637833698078854", "price": "0.42", "size": "10443.49", "side": "SELL", "hash": "66c5fbab68438fcdc0c3e25911b5b3820fbe9a63", "best_bid": "0.4", "best_ask": "0.41"}], "timestamp": "1769384590212", "event_type": "price_change"}}
{"_local_timestamp": "2026-01-25T23:43:10.316471+00:00", "data": {"market": "0x963b613e0a180d97fd95ab2888198451ab1bc95ff7d0e6ee73f09d1b09e0de1f", "price_changes": [{"asset_id": "110980537569511941616704894264795333457319548923980971693721257637833698078854", "price": "0.36", "size": "2902", "side": "BUY", "hash": "a4b91c2d97133ce659d085932cac9f46c2b4a688", "best_bid": "0.4", "best_ask": "0.41"}, {"asset_id": "79949046760455713251066438838657730162489035049297788167127897388444279721277", "price": "0.64", "size": "2902", "side": "SELL", "hash": "b8cbdad317417d439bfa3fbb1d4d0d55268055ad", "best_bid": "0.59", "best_ask": "0.6"}], "timestamp": "1769384590212", "event_type": "price_change"}}
{"_local_timestamp": "2026-01-25T23:43:10.407667+00:00", "data": {"market": "0x9ef8e68abf8b99acc0535904d4f6b7440785708eaf30886adf3964b59d10eecd", "price_changes": [{"asset_id": "24057867081748792773041107807288251827673086125027887602768766868175027290676", "price": "0.79", "size": "8896.58", "side": "BUY", "hash": "615f852e5c53ae088fb52306b8ca48ace0d3fe55", "best_bid": "0.8", "best_ask": "0.81"}, {"asset_id": "52965116811613152921035598159047200647489117514672737861580989886710777523477", "price": "0.21", "size": "8896.58", "side": "SELL", "hash": "41871f68559bd429faf9a9c4cc7567284259fa8d", "best_bid": "0.19", "best_ask": "0.2"}], "timestamp": "1769384590301", "event_type": "price_change"}}
{"_local_timestamp": "2026-01-25T23:43:10.410110+00:00", "data": {"market": "0xd4d9bcb52f55a0e27c5fadebac144007984dcd407a56615930b8bbe52dd2359d", "price_changes": [{"asset_id": "76418712614971261469498314114716528018971998780735744371581110753753413087239", "price": "0.63", "size": "8654.11", "side": "BUY", "hash": "0a8617ab48861c955004e6c1b91c573e00498852", "best_bid": "0.66", "best_ask": "0.67"}, {"asset_id": "9964490285825299588837478514707268004965150181418600205038710337274347942785", "price": "0.37", "size": "8654.11", "side": "SELL", "hash": "f5911c6b47e7647a418c12d42dccb2e315d497d4", "best_bid": "0.33", "best_ask": "0.34"}], "timestamp": "1769384590301", "event_type": "price_change"}}
{"_local_timestamp": "2026-01-25T23:43:10.520420+00:00", "data": {"market": "0x9ef8e68abf8b99acc0535904d4f6b7440785708eaf30886adf3964b59d10eecd", "price_changes": [{"asset_id": "52965116811613152921035598159047200647489117514672737861580989886710777523477", "price": "0.15", "size": "102", "side": "BUY", "hash": "635ef7aafb100c359a8e1ec2571a9999f8608c20", "best_bid": "0.19", "best_ask": "0.2"}, {"asset_id": "24057867081748792773041107807288251827673086125027887602768766868175027290676", "price": "0.85", "size": "102", "side": "SELL", "hash": "3bab15a6cee4d7914303577cea96354e846d38c8", "best_bid": "0.8", "best_ask": "0.81"}], "timestamp": "1769384590412", "event_type": "price_change"}}
{"_local_timestamp": "2026-01-25T23:43:10.522109+00:00", "data": {"market": "0x9ef8e68abf8b99acc0535904d4f6b7440785708eaf30886adf3964b59d10eecd", "price_changes": [{"asset_id": "52965116811613152921035598159047200647489117514672737861580989886710777523477", "price": "0.17", "size": "9231.11", "side": "BUY", "hash": "0d0d1150e8401651f75e27fea736325a02161880", "best_bid": "0.19", "best_ask": "0.2"}, {"asset_id": "24057867081748792773041107807288251827673086125027887602768766868175027290676", "price": "0.83", "size": "9231.11", "side": "SELL", "hash": "30eadb306660e26ef391e5b8f5a43599078f744e", "best_bid": "0.8", "best_ask": "0.81"}], "timestamp": "1769384590416", "event_type": "price_change"}}
{"_local_timestamp": "2026-01-25T23:43:10.641227+00:00", "data": {"market": "0x9ef8e68abf8b99acc0535904d4f6b7440785708eaf30886adf3964b59d10eecd", "price_changes": [{"asset_id": "52965116811613152921035598159047200647489117514672737861580989886710777523477", "price": "0.16", "size": "3491", "side": "BUY", "hash": "a40b7ab61d6ec51f864642913a6d23215a0a4da6", "best_bid": "0.19", "best_ask": "0.2"}, {"asset_id": "24057867081748792773041107807288251827673086125027887602768766868175027290676", "price": "0.84", "size": "3491", "side": "SELL", "hash": "8af081ebb1be98e225d6950d713a8c39f758c937", "best_bid": "0.8", "best_ask": "0.81"}], "timestamp": "1769384590530", "event_type": "price_change"}}
{"_local_timestamp": "2026-01-25T23:43:10.678288+00:00", "data": {"market": "0x289c846122abca691f40cb8791486e1ba2a33ca92c8ee124677f3ea91cbf0888", "price_changes": [{"asset_id": "113129058035948699866091850567707644337474123477681436742788604457339451548233", "price": "0.64", "size": "0", "side": "BUY", "hash": "173e99febd52be8cf876778a93d2cbe3804941e8", "best_bid": "0.63", "best_ask": "0.69"}, {"asset_id": "74857485727986914157751055585624894615373158391000091364285942356327212674239", "price": "0.36", "size": "0", "side": "SELL", "hash": "cca870ee4ef417a9edd5ba68473adcf8fba63b26", "best_bid": "0.31", "best_ask": "0.37"}], "timestamp": "1769384590568", "event_type": "price_change"}}
{"_local_timestamp": "2026-01-25T23:43:10.717030+00:00", "data": {"market": "0x9ef8e68abf8b99acc0535904d4f6b7440785708eaf30886adf3964b59d10eecd", "price_changes": [{"asset_id": "52965116811613152921035598159047200647489117514672737861580989886710777523477", "price": "0.18", "size": "3206.22", "side": "BUY", "hash": "208f63d32323760e38557aee39d103d7227f719f", "best_bid": "0.19", "best_ask": "0.2"}, {"asset_id": "24057867081748792773041107807288251827673086125027887602768766868175027290676", "price": "0.82", "size": "3206.22", "side": "SELL", "hash": "c6f13b7a75e6be162b294e2e20f43565f5d4c2ab", "best_bid": "0.8", "best_ask": "0.81"}], "timestamp": "1769384590596", "event_type": "price_change"}}
{"_local_timestamp": "2026-01-25T23:43:11.331159+00:00", "data": {"market": "0x963b613e0a180d97fd95ab2888198451ab1bc95ff7d0e6ee73f09d1b09e0de1f", "price_changes": [{"asset_id": "110980537569511941616704894264795333457319548923980971693721257637833698078854", "price": "0.37", "size": "8743.11", "side": "BUY", "hash": "73fde3ce6c8110286070ed147bc95bc2b96c28cf", "best_bid": "0.4", "best_ask": "0.41"}, {"asset_id": "79949046760455713251066438838657730162489035049297788167127897388444279721277", "price": "0.63", "size": "8743.11", "side": "SELL", "hash": "90bcedf7f290f2091ebc3c079fe8c3743f2a1f92", "best_bid": "0.59", "best_ask": "0.6"}], "timestamp": "1769384591220", "event_type": "price_change"}}
{"_local_timestamp": "2026-01-25T23:43:11.542500+00:00", "data": {"market": "0x62c2cd0d8ab95d020fdc98688b308848c7e448fd9f22f76963b82eed7cb84e9b", "price_changes": [{"asset_id": "53151935479456002558896079790416439542250294202986150197698195799837055065936", "price": "0.56", "size": "3046", "side": "BUY", "hash": "2da8a29beb4d8bc57da68ac68ec55468835b2cbc", "best_bid": "0.58", "best_ask": "0.6"}, {"asset_id": "41077927390214569510726515466584037432389705623011759406747159087695148862357", "price": "0.44", "size": "3046", "side": "SELL", "hash": "5107d0c319a843b33eb281570d6b83213116663f", "best_bid": "0.4", "best_ask": "0.42"}], "timestamp": "1769384591428", "event_type": "price_change"}}
{"_local_timestamp": "2026-01-25T23:43:11.648820+00:00", "data": {"market": "0x62c2cd0d8ab95d020fdc98688b308848c7e448fd9f22f76963b82eed7cb84e9b", "price_changes": [{"asset_id": "53151935479456002558896079790416439542250294202986150197698195799837055065936", "price": "0.57", "size": "5507.6", "side": "BUY", "hash": "d51dacf7f27460ad05b2dd964f63c15a28141cf5", "best_bid": "0.58", "best_ask": "0.6"}, {"asset_id": "41077927390214569510726515466584037432389705623011759406747159087695148862357", "price": "0.43", "size": "5507.6", "side": "SELL", "hash": "0364097b07330960046c8d88100e79ff2bb2636c", "best_bid": "0.4", "best_ask": "0.42"}], "timestamp": "1769384591541", "event_type": "price_change"}}
{"_local_timestamp": "2026-01-25T23:43:11.742718+00:00", "data": {"market": "0x963b613e0a180d97fd95ab2888198451ab1bc95ff7d0e6ee73f09d1b09e0de1f", "price_changes": [{"asset_id": "110980537569511941616704894264795333457319548923980971693721257637833698078854", "price": "0.36", "size": "2984", "side": "BUY", "hash": "d8a5703266b6e09859a63a9b55f9e8952cbeae58", "best_bid": "0.4", "best_ask": "0.41"}, {"asset_id": "79949046760455713251066438838657730162489035049297788167127897388444279721277", "price": "0.64", "size": "2984", "side": "SELL", "hash": "4fd15a49431d2ecdbb2eabd5d0c2eef8bb31c8bd", "best_bid": "0.59", "best_ask": "0.6"}], "timestamp": "1769384591632", "event_type": "price_change"}}
{"_local_timestamp": "2026-01-25T23:43:12.056748+00:00", "data": {"market": "0xd4d9bcb52f55a0e27c5fadebac144007984dcd407a56615930b8bbe52dd2359d", "price_changes": [{"asset_id": "9964490285825299588837478514707268004965150181418600205038710337274347942785", "price": "0.3", "size": "7557.11", "side": "BUY", "hash": "889b870a366c47788d19ffb9583eb70155ba1f8e", "best_bid": "0.33", "best_ask": "0.34"}, {"asset_id": "76418712614971261469498314114716528018971998780735744371581110753753413087239", "price": "0.7", "size": "7557.11", "side": "SELL", "hash": "29f9b321542ca6a59ac21932bd9c323c1e97f9bc", "best_bid": "0.66", "best_ask": "0.67"}], "timestamp": "1769384591934", "event_type": "price_change"}}
{"_local_timestamp": "2026-01-25T23:43:12.180569+00:00", "data": {"market": "0xd4d9bcb52f55a0e27c5fadebac144007984dcd407a56615930b8bbe52dd2359d", "price_changes": [{"asset_id": "9964490285825299588837478514707268004965150181418600205038710337274347942785", "price": "0.31", "size": "8046.11", "side": "BUY", "hash": "7e7085e03c69953c6bf1cc906c3ea63e585527fe", "best_bid": "0.33", "best_ask": "0.34"}, {"asset_id": "76418712614971261469498314114716528018971998780735744371581110753753413087239", "price": "0.69", "size": "8046.11", "side": "SELL", "hash": "0f2da18b229aa65dcb98536040b8079ac1d48cf3", "best_bid": "0.66", "best_ask": "0.67"}], "timestamp": "1769384592056", "event_type": "price_change"}}
{"_local_timestamp": "2026-01-25T23:43:16.277778+00:00", "data": {"market": "0x62c2cd0d8ab95d020fdc98688b308848c7e448fd9f22f76963b82eed7cb84e9b", "price_changes": [{"asset_id": "53151935479456002558896079790416439542250294202986150197698195799837055065936", "price": "0.59", "size": "20", "side": "BUY", "hash": "19077eacc720d5b43dee435f2556c60037bd963a", "best_bid": "0.59", "best_ask": "0.6"}, {"asset_id": "41077927390214569510726515466584037432389705623011759406747159087695148862357", "price": "0.41", "size": "20", "side": "SELL", "hash": "a0193d00fd94361bf33703d75b29e9c0932ef79d", "best_bid": "0.4", "best_ask": "0.41"}], "timestamp": "1769384596143", "event_type": "price_change"}}
{"_local_timestamp": "2026-01-25T23:43:17.370283+00:00", "data": {"market": "0x62c2cd0d8ab95d020fdc98688b308848c7e448fd9f22f76963b82eed7cb84e9b", "price_changes": [{"asset_id": "53151935479456002558896079790416439542250294202986150197698195799837055065936", "price": "0.58", "size": "2877.59", "side": "BUY", "hash": "1ce19050f48704ba46a1f35a34728bc7a8f8e74d", "best_bid": "0.59", "best_ask": "0.6"}, {"asset_id": "41077927390214569510726515466584037432389705623011759406747159087695148862357", "price": "0.42", "size": "2877.59", "side": "SELL", "hash": "26bc095b2a2fcce1bd53b2638d970e09598882bf", "best_bid": "0.4", "best_ask": "0.41"}], "timestamp": "1769384597246", "event_type": "price_change"}}
