{"_local_timestamp": "2026-01-25T23:33:59.836660+00:00", "data": [{"market": "0xf625f3036075b3d302c9b1612fff1d6edba426a217c2b88c16b948c70482fbf7", "asset_id": "90994101603580962655894640711999808617435672366072159869675966479534218394063", "timestamp": "1769382483677", "hash": "37215465f46c48e0b4781a613c472ed44ecb284e", "bids": [{"price": "0.01", "size": "672.04"}, {"price": "0.02", "size": "160.48"}, {"price": "0.03", "size": "226.65"}, {"price": "0.04", "size": "54.95"}], "asks": [{"price": "0.99", "size": "664.79"}, {"price": "0.98", "size": "163.72"}, {"price": "0.97", "size": "75"}, {"price": "0.96", "size": "6.21"}, {"price": "0.95", "size": "30"}, {"price": "0.94", "size": "10.95"}], "event_type": "book", "last_trade_price": ""}, {"market": "0x20c2e15f71cbd329c515ba8afb915e2eff3408c8b287a373cdececcdb24d5302", "asset_id": "17752480648136806313861294809355542373485448146972199691443343886207682955679", "timestamp": "1769382483690", "hash": "c98767a66019cb0c2237992309aca162abcdafd8", "bids": [{"price": "0.01", "size": "550"}, {"price": "0.02", "size": "400"}], "asks": [{"price": "0.99", "size": "569.87"}, {"price": "0.98", "size": "155.77"}, {"price": "0.97", "size": "84.45"}, {"price": "0.95", "size": "15.31"}], "event_type": "book", "last_trade_price": ""}, {"market": "0x8e45896bfd278f4a92cb73793008bce8bbe8a923f38d45294c17bd1c525e07ef", "asset_id": "39966733366500986926808116697754885447043202754224406758286348706434738860621", "timestamp": "1769382484883", "hash": "73a78eb0a6f4d62bcf380e76ee179f2eef97206b", "bids": [{"price": "0.01", "size": "550"}, {"price": "0.02", "size": "400"}], "asks": [{"price": "0.99", "size": "570.14"}, {"price": "0.98", "size": "157.03"}, {"price": "0.97", "size": "8.7"}, {"price": "0.96", "size": "111"}, {"price": "0.95", "size": "7.94"}, {"price": "0.94", "size": "5.47"}], "event_type": "book", "last_trade_price": ""}, {"market": "0xc66bd00680667695eb39b7aa11dff6c8808242b86e3e46f6ce0476b6661757ea", "asset_id": "40069251835140226420273601030992733154879247613889253934601586766432751101343", "timestamp": "1769383128895", "hash": "9e3e9acadc8564678cac84a9cbf2e4bdf52d59dd", "bids": [{"price": "0.01", "size": "550"}, {"price": "0.02", "size": "400"}], "asks": [{"price": "0.99", "size": "569.87"}, {"price": "0.98", "size": "156.69"}, {"price": "0.97", "size": "218.96"}, {"price": "0.96", "size": "6.21"}, {"price": "0.95", "size": "5.47"}], "event_type": "book", "last_trade_price": ""}, {"market": "0xa81bd14ef7e0f8dbb378ec735032d2465e5634729d4c38d1794277a45af418d8", "asset_id": "99051748847172085349816389908181152945737077247196151322801591559489279977758", "timestamp": "1769382484881", "hash": "44e5773a7c44fc1c7ba45374f0a7aebe1520e5f9", "bids": [{"price": "0.01", "size": "564.79"}, {"price": "0.02", "size": "26.44"}, {"price": "0.03", "size": "212"}, {"price": "0.05", "size": "11.93"}], "asks": [{"price": "0.99", "size": "550"}, {"price": "0.98", "size": "250"}], "event_type": "book", "last_trade_price": ""}, {"market": "0xa81bd14ef7e0f8dbb378ec735032d2465e5634729d4c38d1794277a45af418d8", "asset_id": "38791994412772580302758550242263222724764462093375916675573424618121633222161", "timestamp": "1769382484881", "hash": "e274a6689693815f1d098ea1e3796d69487cceae", "bids": [{"price": "0.01", "size": "550"}, {"price": "0.02", "size": "250"}], "asks": [{"price": "0.99", "size": "564.79"}, {"price": "0.98", "size": "26.44"}, {"price": "0.97", "size": "212"}, {"price": "0.95", "size": "11.93"}], "event_type": "book", "last_trade_price": ""}, {"market": "0xf625f3036075b3d302c9b1612fff1d6edba426a217c2b88c16b948c70482fbf7", "asset_id": "39583531292925729380405403096647992775471901153044303622479615934690782354005", "timestamp": "1769382483677", "hash": "dfc2fe873f18e2d4a6cea89cf051c723116395d0", "bids": [{"price": "0.01", "size": "664.79"}, {"price": "0.02", "size": "163.72"}, {"price": "0.03", "size": "75"}, {"price": "0.04", "size": "6.21"}, {"price": "0.05", "size": "30"}, {"price": "0.06", "size": "10.95"}], "asks": [{"price": "0.99", "size": "672.04"}, {"price": "0.98", "size": "160.48"}, {"price": "0.97", "size": "226.65"}, {"price": "0.96", "size": "54.95"}], "event_type": "book", "last_trade_price": ""}, {"market": "0x20c2e15f71cbd329c515ba8afb915e2eff3408c8b287a373cdececcdb24d5302", "asset_id": "66713521023242604698585576351989975756457648549324939670059042464861047164360", "timestamp": "1769382483690", "hash": "194fe3f65d5fe85cc6bcb123d3a54e3547a11f51", "bids": [{"price": "0.01", "size": "569.87"}, {"price": "0.02", "size": "155.77"}, {"price": "0.03", "size": "84.45"}, {"price": "0.05", "size": "15.31"}], "asks": [{"price": "0.99", "size": "550"}, {"price": "0.98", "size": "400"}], "event_type": "book", "last_trade_price": ""}, {"market": "0xc66bd00680667695eb39b7aa11dff6c8808242b86e3e46f6ce0476b6661757ea", "asset_id": "65599447351917875064928736330588738286064034563965975914539247492065364662723", "timestamp": "1769383128895", "hash": "1d5ee4cf8ce1c0d567de5309a826112307324752", "bids": [{"price": "0.01", "size": "569.87"}, {"price": "0.02", "size": "156.69"}, {"price": "0.03", "size": "218.96"}, {"price": "0.04", "size": "6.21"}, {"price": "0.05", "size": "5.47"}], "asks": [{"price": "0.99", "size": "550"}, {"price": "0.98", "size": "400"}], "event_type": "book", "last_trade_price": ""}, {"market": "0x8e45896bfd278f4a92cb73793008bce8bbe8a923f38d45294c17bd1c525e07ef", "asset_id": "83523805954869951915380593741935842993592563065453868046059032056517127781400", "timestamp": "1769382484883", "hash": "fd4849cd6ee24ec34163a5d56f3a15c380f37544", "bids": [{"price": "0.01", "size": "570.14"}, {"price": "0.02", "size": "157.03"}, {"price": "0.03", "size": "8.7"}, {"price": "0.04", "size": "111"}, {"price": "0.05", "size": "7.94"}, {"price": "0.06", "size": "5.47"}], "asks": [{"price": "0.99", "size": "550"}, {"price": "0.98", "size": "400"}], "event_type": "book", "last_trade_price": ""}]}
