{"_local_timestamp": "2026-01-25T23:33:45.617860+00:00", "data": [{"market": "0xb3e540bed7f05b65dd8ec650207678de22e2ccb3c65f5e6ae3ccefded4361b3c", "asset_id": "21676301344285277057798674879566896208374169873577374251409485879776909883018", "timestamp": "1769384011558", "hash": "25e0e08064b24c546c361834bc35d4c77584d975", "bids": [{"price": "0.01", "size": "891.5"}, {"price": "0.02", "size": "700"}, {"price": "0.05", "size": "500"}, {"price": "0.08", "size": "300"}, {"price": "0.63", "size": "100"}, {"price": "0.65", "size": "2226"}, {"price": "0.66", "size": "2366"}, {"price": "0.67", "size": "111"}, {"price": "0.68", "size": "516"}, {"price": "0.69", "size": "2415.05"}], "asks": [{"price": "0.99", "size": "896.5"}, {"price": "0.98", "size": "700"}, {"price": "0.74", "size": "2336"}, {"price": "0.73", "size": "2281"}, {"price": "0.72", "size": "1945"}, {"price": "0.71", "size": "2710.34"}, {"price": "0.7", "size": "163"}], "event_type": "book", "last_trade_price": "0.690"}, {"market": "0x5cd62df873dd5f7195c4bdacf30f17b44f0862f0b1914e9cc97dd009b8f47d46", "asset_id": "81620006274912860786542136552485067786112215576828621363441123223528903532039", "timestamp": "1769383993847", "hash": "5feeb9ec93563b1ad30750db8ac5cd49dd22b3ce", "bids": [{"price": "0.01", "size": "896.5"}, {"price": "0.17", "size": "4245"}, {"price": "0.18", "size": "2882"}, {"price": "0.19", "size": "2883"}, {"price": "0.2", "size": "6332"}, {"price": "0.21", "size": "3149.71"}, {"price": "0.22", "size": "2485.16"}], "asks": [{"price": "0.99", "size": "891.5"}, {"price": "0.98", "size": "700"}, {"price": "0.95", "size": "500"}, {"price": "0.92", "size": "300"}, {"price": "0.29", "size": "100"}, {"price": "0.28", "size": "200"}, {"price": "0.26", "size": "3629"}, {"price": "0.25", "size": "4282"}, {"price": "0.23", "size": "3071.79"}], "event_type": "book", "last_trade_price": "0.220"}, {"market": "0x689f2bc7ca74f951f5ef5ee46c0b8f5eb4fcf184907dd9f69c19529844d6d416", "asset_id": "13688883295678001276792158244036912161301864636922709659029780709987533255655", "timestamp": "1769384019559", "hash": "e11ebb2e1182b85ee2a289aa574258fb15be4841", "bids": [{"price": "0.01", "size": "91938.55"}, {"price": "0.02", "size": "725"}, {"price": "0.05", "size": "520"}, {"price": "0.06", "size": "33"}, {"price": "0.37", "size": "241"}], "asks": [{"price": "0.99", "size": "188"}, {"price": "0.95", "size": "20"}, {"price": "0.94", "size": "33"}, {"price": "0.41", "size": "81"}, {"price": "0.4", "size": "131"}], "event_type": "book", "last_trade_price": ""}, {"market": "0x30b64a0a264971acb5a878da76e591d4eba46ec94ccf29a3efb4d2275de9879b", "asset_id": "79873671753091159203838713496689089974558055167116859765689808579056198783311", "timestamp": "1769383985295", "hash": "c0e71f0c8f58c82edd7689e2cf4a053dcd37d8e3", "bids": [{"price": "0.01", "size": "6095.61"}, {"price": "0.02", "size": "346"}, {"price": "0.03", "size": "3121"}, {"price": "0.04", "size": "3244.31"}], "asks": [{"price": "0.99", "size": "91887.05"}, {"price": "0.98", "size": "700"}, {"price": "0.95", "size": "500"}, {"price": "0.92", "size": "300"}, {"price": "0.14", "size": "194"}, {"price": "0.13", "size": "106"}, {"price": "0.12", "size": "103"}, {"price": "0.11", "size": "5.47"}, {"price": "0.06", "size": "2945.28"}, {"price": "0.05", "size": "2884.21"}], "event_type": "book", "last_trade_price": "0.050"}, {"market": "0x689f2bc7ca74f951f5ef5ee46c0b8f5eb4fcf184907dd9f69c19529844d6d416", "asset_id": "38406932137014719642745747955440768125753717099958648412630477673794359665653", "timestamp": "1769384019559", "hash": "945d12b5541e8a2fe105b62277153d655bd3548e", "bids": [{"price": "0.01", "size": "188"}, {"price": "0.05", "size": "20"}, {"price": "0.06", "size": "33"}, {"price": "0.59", "size": "81"}, {"price": "0.6", "size": "131"}], "asks": [{"price": "0.99", "size": "91938.55"}, {"price": "0.98", "size": "725"}, {"price": "0.95", "size": "520"}, {"price": "0.94", "size": "33"}, {"price": "0.63", "size": "241"}], "event_type": "book", "last_trade_price": ""}, {"market": "0x3b51467dceaf8571eb9e4cc006b1be943611133e44d9585c91cbc47debac2627", "asset_id": "8636272079981793301557198309297943148530912074503036159938727698085195103125", "timestamp": "1769384001479", "hash": "e232704095559858e4b748f816e87f1db9b08fb6", "bids": [{"price": "0.01", "size": "85887.94"}, {"price": "0.02", "size": "44697.33"}, {"price": "0.05", "size": "500"}, {"price": "0.08", "size": "300"}, {"price": "0.78", "size": "80"}, {"price": "0.79", "size": "184"}, {"price": "0.8", "size": "111"}, {"price": "0.83", "size": "2619"}, {"price": "0.84", "size": "8166.11"}, {"price": "0.85", "size": "6113.11"}, {"price": "0.86", "size": "2736.76"}], "asks": [{"price": "0.99", "size": "44093.83"}, {"price": "0.98", "size": "43997.33"}, {"price": "0.9", "size": "10562.11"}, {"price": "0.89", "size": "10238.11"}, {"price": "0.88", "size": "5703.67"}, {"price": "0.87", "size": "7.5"}], "event_type": "book", "last_trade_price": "0.860"}, {"market": "0xfcef865b5029310e23098b7052cf0c9f1a74e25c2ffc467b1762dba454d84d44", "asset_id": "73530143346776618068966941239072932088771296017010889161448179656872426721888", "timestamp": "1769383991943", "hash": "828241de0fd41de887acc11bb5e6f42b7f7a8e5c", "bids": [{"price": "0.01", "size": "85892.94"}, {"price": "0.02", "size": "700"}, {"price": "0.05", "size": "500"}, {"price": "0.08", "size": "300"}, {"price": "0.52", "size": "100"}, {"price": "0.53", "size": "405"}, {"price": "0.54", "size": "181"}, {"price": "0.55", "size": "7918.11"}, {"price": "0.56", "size": "10286.82"}, {"price": "0.57", "size": "2969.26"}], "asks": [{"price": "0.99", "size": "85887.94"}, {"price": "0.98", "size": "700"}, {"price": "0.95", "size": "500"}, {"price": "0.92", "size": "300"}, {"price": "0.63", "size": "100"}, {"price": "0.62", "size": "2471"}, {"price": "0.61", "size": "7960.11"}, {"price": "0.6", "size": "6109.11"}, {"price": "0.59", "size": "3578.54"}], "event_type": "book", "last_trade_price": "0.400"}, {"market": "0x3b51467dceaf8571eb9e4cc006b1be943611133e44d9585c91cbc47debac2627", "asset_id": "64665882400122406967045532440319085096613133609156314785403503793450026783030", "timestamp": "1769384001479", "hash": "3158fe20e05b6cc0bcbd7a43a0ddde0b6ffddbbb", "bids": [{"price": "0.01", "size": "44093.83"}, {"price": "0.02", "size": "43997.33"}, {"price": "0.1", "size": "10562.11"}, {"price": "0.11", "size": "10238.11"}, {"price": "0.12", "size": "5703.67"}, {"price": "0.13", "size": "7.5"}], "asks": [{"price": "0.99", "size": "85887.94"}, {"price": "0.98", "size": "44697.33"}, {"price": "0.95", "size": "500"}, {"price": "0.92", "size": "300"}, {"price": "0.22", "size": "80"}, {"price": "0.21", "size": "184"}, {"price": "0.2", "size": "111"}, {"price": "0.17", "size": "2619"}, {"price": "0.16", "size": "8166.11"}, {"price": "0.15", "size": "6113.11"}, {"price": "0.14", "size": "2736.76"}], "event_type": "book", "last_trade_price": "0.860"}, {"market": "0xfcef865b5029310e23098b7052cf0c9f1a74e25c2ffc467b1762dba454d84d44", "asset_id": "42135961816408133329427741739270935785240852940501743547559002335790549112042", "timestamp": "1769383991943", "hash": "790936edd871cda8db36709531f8f4af0ef6e5af", "bids": [{"price": "0.01", "size": "85887.94"}, {"price": "0.02", "size": "700"}, {"price": "0.05", "size": "500"}, {"price": "0.08", "size": "300"}, {"price": "0.37", "size": "100"}, {"price": "0.38", "size": "2471"}, {"price": "0.39", "size": "7960.11"}, {"price": "0.4", "size": "6109.11"}, {"price": "0.41", "size": "3578.54"}], "asks": [{"price": "0.99", "size": "85892.94"}, {"price": "0.98", "size": "700"}, {"price": "0.95", "size": "500"}, {"price": "0.92", "size": "300"}, {"price": "0.48", "size": "100"}, {"price": "0.47", "size": "405"}, {"price": "0.46", "size": "181"}, {"price": "0.45", "size": "7918.11"}, {"price": "0.44", "size": "10286.82"}, {"price": "0.43", "size": "2969.26"}], "event_type": "book", "last_trade_price": "0.400"}, {"market": "0x30b64a0a264971acb5a878da76e591d4eba46ec94ccf29a3efb4d2275de9879b", "asset_id": "94578379189492106683804466806128880108833141790850950184532667808133837881210", "timestamp": "1769383985295", "hash": "a3912ecdacc25247ffd2b71e199bbdb00b6b6bf8", "bids": [{"price": "0.01", "size": "91887.05"}, {"price": "0.02", "size": "700"}, {"price": "0.05", "size": "500"}, {"price": "0.08", "size": "300"}, {"price": "0.86", "size": "194"}, {"price": "0.87", "size": "106"}, {"price": "0.88", "size": "103"}, {"price": "0.89", "size": "5.47"}, {"price": "0.94", "size": "2945.28"}, {"price": "0.95", "size": "2884.21"}], "asks": [{"price": "0.99", "size": "6095.61"}, {"price": "0.98", "size": "346"}, {"price": "0.97", "size": "3121"}, {"price": "0.96", "size": "3244.31"}], "event_type": "book", "last_trade_price": "0.050"}, {"market": "0xb3e540bed7f05b65dd8ec650207678de22e2ccb3c65f5e6ae3ccefded4361b3c", "asset_id": "13809874271869862836605807588683128507943887680683234293697314933242421192771", "timestamp": "1769384011558", "hash": "9f789636b6248719bb1bc36f11eae21f50d8074a", "bids": [{"price": "0.01", "size": "896.5"}, {"price": "0.02", "size": "700"}, {"price": "0.26", "size": "2336"}, {"price": "0.27", "size": "2281"}, {"price": "0.28", "size": "1945"}, {"price": "0.29", "size": "2710.34"}, {"price": "0.3", "size": "163"}], "asks": [{"price": "0.99", "size": "891.5"}, {"price": "0.98", "size": "700"}, {"price": "0.95", "size": "500"}, {"price": "0.92", "size": "300"}, {"price": "0.37", "size": "100"}, {"price": "0.35", "size": "2226"}, {"price": "0.34", "size": "2366"}, {"price": "0.33", "size": "111"}, {"price": "0.32", "size": "516"}, {"price": "0.31", "size": "2415.05"}], "event_type": "book", "last_trade_price": "0.690"}, {"market": "0x5cd62df873dd5f7195c4bdacf30f17b44f0862f0b1914e9cc97dd009b8f47d46", "asset_id": "38277422968297124567044863236010446869930474064669700603324708469098709719609", "timestamp": "1769383993847", "hash": "b4071be34267e2e50a00fd720c21e0760e4edd3d", "bids": [{"price": "0.01", "size": "891.5"}, {"price": "0.02", "size": "700"}, {"price": "0.05", "size": "500"}, {"price": "0.08", "size": "300"}, {"price": "0.71", "size": "100"}, {"price": "0.72", "size": "200"}, {"price": "0.74", "size": "3629"}, {"price": "0.75", "size": "4282"}, {"price": "0.77", "size": "3071.79"}], "asks": [{"price": "0.99", "size": "896.5"}, {"price": "0.83", "size": "4245"}, {"price": "0.82", "size": "2882"}, {"price": "0.81", "size": "2883"}, {"price": "0.8", "size": "6332"}, {"price": "0.79", "size": "3149.71"}, {"price": "0.78", "size": "2485.16"}], "event_type": "book", "last_trade_price": "0.220"}]}
