{"_local_timestamp": "2026-01-25T23:41:19.422563+00:00", "data": [{"market": "0xd77a12200cd0e9b8cfb21d84e474275c3095ff844be0ee4dae46be16accf55b6", "asset_id": "74563681451534600553287289068325438981555578325428122557990934969938942199094", "timestamp": "1769383141823", "hash": "7e72d58beae3098bb91f47767a376bb76b875e2e", "bids": [{"price": "0.01", "size": "516.3"}, {"price": "0.02", "size": "158.03"}, {"price": "0.03", "size": "76.15"}, {"price": "0.04", "size": "325"}, {"price": "0.05", "size": "66.87"}, {"price": "0.06", "size": "33"}, {"price": "0.07", "size": "5.43"}, {"price": "0.08", "size": "84"}, {"price": "0.09", "size": "79"}, {"price": "0.1", "size": "6.48"}, {"price": "0.13", "size": "10"}], "asks": [{"price": "0.99", "size": "714.69"}, {"price": "0.98", "size": "163.64"}, {"price": "0.97", "size": "66"}, {"price": "0.96", "size": "39.17"}, {"price": "0.95", "size": "112.4"}, {"price": "0.94", "size": "5.47"}], "event_type": "book", "last_trade_price": ""}, {"market": "0xd77a12200cd0e9b8cfb21d84e474275c3095ff844be0ee4dae46be16accf55b6", "asset_id": "75454615600527292955940094973305769478782491650920736809033921924411648408236", "timestamp": "1769383141823", "hash": "d889f9ea62e66ed278fff898c0ca146920230516", "bids": [{"price": "0.01", "size": "714.69"}, {"price": "0.02", "size": "163.64"}, {"price": "0.03", "size": "66"}, {"price": "0.04", "size": "39.17"}, {"price": "0.05", "size": "112.4"}, {"price": "0.06", "size": "5.47"}], "asks": [{"price": "0.99", "size": "516.3"}, {"price": "0.98", "size": "158.03"}, {"price": "0.97", "size": "76.15"}, {"price": "0.96", "size": "325"}, {"price": "0.95", "size": "66.87"}, {"price": "0.94", "size": "33"}, {"price": "0.93", "size": "5.43"}, {"price": "0.92", "size": "84"}, {"price": "0.91", "size": "79"}, {"price": "0.9", "size": "6.48"}, {"price": "0.87", "size": "10"}], "event_type": "book", "last_trade_price": ""}, {"market": "0x9277a8e02f93c29e2bd28669e7a823f752ecef11bc68598bb7d68e16d1cc18b5", "asset_id": "21443940813453244444816933963358513403345749104243535289915524088762012573364", "timestamp": "1769383145451", "hash": "37c233a9b28122c6a97f0ba13d0beaa0ced32ae1", "bids": [{"price": "0.01", "size": "316.64"}, {"price": "0.02", "size": "159.71"}, {"price": "0.03", "size": "259.55"}, {"price": "0.04", "size": "325"}, {"price": "0.05", "size": "65.65"}, {"price": "0.06", "size": "33"}, {"price": "0.07", "size": "24.54"}, {"price": "0.09", "size": "79"}, {"price": "0.1", "size": "6.61"}, {"price": "0.14", "size": "10"}], "asks": [{"price": "0.99", "size": "712.54"}, {"price": "0.98", "size": "161.64"}, {"price": "0.97", "size": "66"}, {"price": "0.96", "size": "40.7"}, {"price": "0.95", "size": "110.5"}, {"price": "0.94", "size": "11.72"}], "event_type": "book", "last_trade_price": ""}, {"market": "0xc604b84fa6b2a4a9dcc7f1a7985598e396d51b4d6c00a2874bb4e500dcd259aa", "asset_id": "36118069883085142615340209890737600358012650873089819827110164059384296715309", "timestamp": "1769384187981", "hash": "bac26aa4c7029bfa06b9123f7f74a6ba98cc9e9a", "bids": [{"price": "0.01", "size": "712.54"}, {"price": "0.02", "size": "161.64"}, {"price": "0.03", "size": "66"}, {"price": "0.04", "size": "40.7"}, {"price": "0.05", "size": "110.5"}, {"price": "0.06", "size": "11.72"}], "asks": [{"price": "0.99", "size": "319.46"}, {"price": "0.98", "size": "159.71"}, {"price": "0.97", "size": "255.58"}, {"price": "0.96", "size": "8.88"}, {"price": "0.95", "size": "60"}, {"price": "0.94", "size": "33"}, {"price": "0.93", "size": "192.78"}, {"price": "0.91", "size": "125"}, {"price": "0.9", "size": "5.73"}, {"price": "0.86", "size": "10"}], "event_type": "book", "last_trade_price": ""}, {"market": "0xc604b84fa6b2a4a9dcc7f1a7985598e396d51b4d6c00a2874bb4e500dcd259aa", "asset_id": "67235357188630942053615568888483669580529917761103021638176497699069446772754", "timestamp": "1769384187981", "hash": "1cef3b3f0a553ff225566315ebb91c8641df881b", "bids": [{"price": "0.01", "size": "319.46"}, {"price": "0.02", "size": "159.71"}, {"price": "0.03", "size": "255.58"}, {"price": "0.04", "size": "8.88"}, {"price": "0.05", "size": "60"}, {"price": "0.06", "size": "33"}, {"price": "0.07", "size": "192.78"}, {"price": "0.09", "size": "125"}, {"price": "0.1", "size": "5.73"}, {"price": "0.14", "size": "10"}], "asks": [{"price": "0.99", "size": "712.54"}, {"price": "0.98", "size": "161.64"}, {"price": "0.97", "size": "66"}, {"price": "0.96", "size": "40.7"}, {"price": "0.95", "size": "110.5"}, {"price": "0.94", "size": "11.72"}], "event_type": "book", "last_trade_price": ""}, {"market": "0x9277a8e02f93c29e2bd28669e7a823f752ecef11bc68598bb7d68e16d1cc18b5", "asset_id": "37560638523599156459241429163803164547273696990494540214669926246641572299296", "timestamp": "1769383145451", "hash": "22194ee7fdb2f34504e6ada99281c378cf218e2d", "bids": [{"price": "0.01", "size": "712.54"}, {"price": "0.02", "size": "161.64"}, {"price": "0.03", "size": "66"}, {"price": "0.04", "size": "40.7"}, {"price": "0.05", "size": "110.5"}, {"price": "0.06", "size": "11.72"}], "asks": [{"price": "0.99", "size": "316.64"}, {"price": "0.98", "size": "159.71"}, {"price": "0.97", "size": "259.55"}, {"price": "0.96", "size": "325"}, {"price": "0.95", "size": "65.65"}, {"price": "0.94", "size": "33"}, {"price": "0.93", "size": "24.54"}, {"price": "0.91", "size": "79"}, {"price": "0.9", "size": "6.61"}, {"price": "0.86", "size": "10"}], "event_type": "book", "last_trade_price": ""}]}
{"_local_timestamp": "2026-01-25T23:41:27.093292+00:00", "data": {"market": "0x9277a8e02f93c29e2bd28669e7a823f752ecef11bc68598bb7d68e16d1cc18b5", "price_changes": [{"asset_id": "21443940813453244444816933963358513403345749104243535289915524088762012573364", "price": "0.02", "size": "9.71", "side": "BUY", "hash": "a46aedc0fbd58e3b9d54cea0c50dbdff488119a6", "best_bid": "0.14", "best_ask": "0.94"}, {"asset_id": "37560638523599156459241429163803164547273696990494540214669926246641572299296", "price": "0.98", "size": "9.71", "side": "SELL", "hash": "1f15e519586b7ccfbd2629fa3f2202dbe6125e58", "best_bid": "0.06", "best_ask": "0.86"}], "timestamp": "1769384487001", "event_type": "price_change"}}
{"_local_timestamp": "2026-01-25T23:41:27.096059+00:00", "data": {"market": "0x9277a8e02f93c29e2bd28669e7a823f752ecef11bc68598bb7d68e16d1cc18b5", "price_changes": [{"asset_id": "37560638523599156459241429163803164547273696990494540214669926246641572299296", "price": "0.02", "size": "11.64", "side": "BUY", "hash": "29570e00d522ff5f50bca798248a001a7fa87bc3", "best_bid": "0.06", "best_ask": "0.86"}, {"asset_id": "21443940813453244444816933963358513403345749104243535289915524088762012573364", "price": "0.98", "size": "11.64", "side": "SELL", "hash": "b8924e7beeea76647e5a0daaf9e50f5c6c72842f", "best_bid": "0.14", "best_ask": "0.94"}], "timestamp": "1769384487004", "event_type": "price_change"}}
{"_local_timestamp": "2026-01-25T23:41:36.143639+00:00", "data": {"market": "0x9277a8e02f93c29e2bd28669e7a823f752ecef11bc68598bb7d68e16d1cc18b5", "price_changes": [{"asset_id": "37560638523599156459241429163803164547273696990494540214669926246641572299296", "price": "0.02", "size": "161.64", "side": "BUY", "hash": "e3d07cbd4c5022e0e926e2a81da4ba19ec76a182", "best_bid": "0.06", "best_ask": "0.86"}, {"asset_id": "21443940813453244444816933963358513403345749104243535289915524088762012573364", "price": "0.98", "size": "161.64", "side": "SELL", "hash": "9b30f8e52a2740ef2e3b08dab5e544aa748a3d84", "best_bid": "0.14", "best_ask": "0.94"}], "timestamp": "1769384496060", "event_type": "price_change"}}
{"_local_timestamp": "2026-01-25T23:41:36.153799+00:00", "data": {"market": "0x9277a8e02f93c29e2bd28669e7a823f752ecef11bc68598bb7d68e16d1cc18b5", "price_changes": [{"asset_id": "21443940813453244444816933963358513403345749104243535289915524088762012573364", "price": "0.02", "size": "159.71", "side": "BUY", "hash": "6858febfe7aa26218fcb86baf2b2351cc3e65c54", "best_bid": "0.14", "best_ask": "0.94"}, {"asset_id": "37560638523599156459241429163803164547273696990494540214669926246641572299296", "price": "0.98", "size": "159.71", "side": "SELL", "hash": "d8ef29c72afe8527ecab4ed74fd5148869f6f2b5", "best_bid": "0.06", "best_ask": "0.86"}], "timestamp": "1769384496062", "event_type": "price_change"}}
