{"_local_timestamp": "2026-01-25T23:41:07.515157+00:00", "data": [{"market": "0x22e3165b1002b6c2827bb59e451357fc568360d6161c912a9c4ef267187dab47", "asset_id": "33692288922787908947394617477193737909575390751729594352871960151823840314662", "timestamp": "1769383072680", "hash": "6ad7cfa548444f14263416eda3a9f1de509330e1", "bids": [{"price": "0.01", "size": "566.74"}, {"price": "0.02", "size": "158.94"}, {"price": "0.03", "size": "200"}, {"price": "0.04", "size": "16.34"}, {"price": "0.05", "size": "5.47"}], "asks": [{"price": "0.99", "size": "571.38"}, {"price": "0.98", "size": "335.17"}, {"price": "0.97", "size": "42.05"}], "event_type": "book", "last_trade_price": ""}, {"market": "0xc9a60653db9dab33fa522e504f1f4bea6f325607d9c4a03da5cad8fa01b1e5b8", "asset_id": "109500847419653911919578497618462057007488249554961387174143597275117541413912", "timestamp": "1769382786206", "hash": "db13bf5f72a1b6a481a76cc1f429f4c7cb54a6f1", "bids": [{"price": "0.01", "size": "572.09"}, {"price": "0.02", "size": "160.48"}, {"price": "0.03", "size": "211.65"}, {"price": "0.04", "size": "9.25"}, {"price": "0.05", "size": "5.47"}], "asks": [{"price": "0.99", "size": "550"}, {"price": "0.98", "size": "400"}], "event_type": "book", "last_trade_price": ""}, {"market": "0x6fd9eda5c5c4c8c18901cc838e03cb507ed915419412d45436bae3706f904bd2", "asset_id": "111148255904447809416465758862146322412345470027082790674363847672617112405422", "timestamp": "1769382483672", "hash": "0990345cd7a2d8462710db1a7e2039eba17efd08", "bids": [{"price": "0.01", "size": "672.04"}, {"price": "0.02", "size": "160.48"}, {"price": "0.03", "size": "226.65"}, {"price": "0.04", "size": "54.95"}], "asks": [{"price": "0.99", "size": "664.79"}, {"price": "0.98", "size": "163.72"}, {"price": "0.97", "size": "75"}, {"price": "0.96", "size": "6.21"}, {"price": "0.95", "size": "30"}, {"price": "0.94", "size": "10.95"}], "event_type": "book", "last_trade_price": ""}, {"market": "0x296c8939bc413d9e9aba144bdd48c5c5907db331e79dcc3d28c6053a62ce2231", "asset_id": "25433786614512652027844012509597687808728303718323787104045079685565775715972", "timestamp": "1769382595344", "hash": "5169a3de59a82cf9bbccc1bbe37d38650823a620", "bids": [{"price": "0.01", "size": "550"}, {"price": "0.02", "size": "400"}], "asks": [{"price": "0.99", "size": "569.87"}, {"price": "0.98", "size": "158.78"}, {"price": "0.97", "size": "88.98"}, {"price": "0.95", "size": "11.39"}], "event_type": "book", "last_trade_price": ""}, {"market": "0xfecd89c98d33c6a7b8c530d536360fbacf5ea7d9a6e1b379ecdf1cae6afa0595", "asset_id": "86815126602090304234603657458099777470220318980586332814503459153389170174827", "timestamp": "1769382804706", "hash": "41e666e8658b8655f85513f8a03b5391993d5242", "bids": [{"price": "0.01", "size": "569.93"}, {"price": "0.02", "size": "156.37"}, {"price": "0.03", "size": "92.16"}, {"price": "0.04", "size": "6.21"}, {"price": "0.05", "size": "5.47"}], "asks": [{"price": "0.99", "size": "550"}, {"price": "0.98", "size": "400"}], "event_type": "book", "last_trade_price": ""}, {"market": "0x22e3165b1002b6c2827bb59e451357fc568360d6161c912a9c4ef267187dab47", "asset_id": "75999784598393163745262317690578995081137107444630678657756538939300896660377", "timestamp": "1769383072680", "hash": "8c41fae5d5f59178b7733e4ff79e8f2a3312a61b", "bids": [{"price": "0.01", "size": "571.38"}, {"price": "0.02", "size": "335.17"}, {"price": "0.03", "size": "42.05"}], "asks": [{"price": "0.99", "size": "566.74"}, {"price": "0.98", "size": "158.94"}, {"price": "0.97", "size": "200"}, {"price": "0.96", "size": "16.34"}, {"price": "0.95", "size": "5.47"}], "event_type": "book", "last_trade_price": ""}, {"market": "0x6fd9eda5c5c4c8c18901cc838e03cb507ed915419412d45436bae3706f904bd2", "asset_id": "41897427956528888911175620456920197131605519662867584873438490588746594368626", "timestamp": "1769382483672", "hash": "78034c227bfc15f39decd53028debfe79677ce3d", "bids": [{"price": "0.01", "size": "664.79"}, {"price": "0.02", "size": "163.72"}, {"price": "0.03", "size": "75"}, {"price": "0.04", "size": "6.21"}, {"price": "0.05", "size": "30"}, {"price": "0.06", "size": "10.95"}], "asks": [{"price": "0.99", "size": "672.04"}, {"price": "0.98", "size": "160.48"}, {"price": "0.97", "size": "226.65"}, {"price": "0.96", "size": "54.95"}], "event_type": "book", "last_trade_price": ""}, {"market": "0x296c8939bc413d9e9aba144bdd48c5c5907db331e79dcc3d28c6053a62ce2231", "asset_id": "41887374684320053421910457354885639231309732013649900149925526735955151704650", "timestamp": "1769382595344", "hash": "10becabc3e2116e8e8e28a10254c3ffd14c79edf", "bids": [{"price": "0.01", "size": "569.87"}, {"price": "0.02", "size": "158.78"}, {"price": "0.03", "size": "88.98"}, {"price": "0.05", "size": "11.39"}], "asks": [{"price": "0.99", "size": "550"}, {"price": "0.98", "size": "400"}], "event_type": "book", "last_trade_price": ""}, {"market": "0xfecd89c98d33c6a7b8c530d536360fbacf5ea7d9a6e1b379ecdf1cae6afa0595", "asset_id": "103966153412080456538939975264697583251125329855049632528388114974944853141349", "timestamp": "1769382804706", "hash": "5f1d736e22eda0dcc5e0fd47758510de74dcb24f", "bids": [{"price": "0.01", "size": "550"}, {"price": "0.02", "size": "400"}], "asks": [{"price": "0.99", "size": "569.93"}, {"price": "0.98", "size": "156.37"}, {"price": "0.97", "size": "92.16"}, {"price": "0.96", "size": "6.21"}, {"price": "0.95", "size": "5.47"}], "event_type": "book", "last_trade_price": ""}, {"market": "0xc9a60653db9dab33fa522e504f1f4bea6f325607d9c4a03da5cad8fa01b1e5b8", "asset_id": "20876262992952905075209578581762225155095921048082828045396661777045683771693", "timestamp": "1769382786206", "hash": "0a470bb55d56ee9f116782af49b86b36d836e463", "bids": [{"price": "0.01", "size": "550"}, {"price": "0.02", "size": "400"}], "asks": [{"price": "0.99", "size": "572.09"}, {"price": "0.98", "size": "160.48"}, {"price": "0.97", "size": "211.65"}, {"price": "0.96", "size": "9.25"}, {"price": "0.95", "size": "5.47"}], "event_type": "book", "last_trade_price": ""}]}
