{"_local_timestamp": "2026-01-25T23:34:26.828317+00:00", "data": [{"market": "0x969d9e7f55095c62f77b10cbeae5a2926ea47bb16fd4dbb6df308fb6084d30a3", "asset_id": "111723205630195916938988112945675370860724647149957557818279754450191417970559", "timestamp": "1769382484887", "hash": "54eff3c758a4b90cde5849e74c0a3118d070d65e", "bids": [{"price": "0.01", "size": "385.01"}, {"price": "0.02", "size": "32.49"}], "asks": [{"price": "0.99", "size": "568.13"}, {"price": "0.98", "size": "148.48"}, {"price": "0.97", "size": "20.3"}, {"price": "0.96", "size": "5.47"}], "event_type": "book", "last_trade_price": ""}, {"market": "0xb10014ead2adbbde43ddc3f3bf628c5419c5da432938b72a3c52aa5cbe32b6df", "asset_id": "7336676232399661390398327217997505947317516089738364457778250153001763992743", "timestamp": "1769383876352", "hash": "e04f6bdd1bf39759c7ec90ea6804b1893ea041bc", "bids": [{"price": "0.01", "size": "385.01"}, {"price": "0.02", "size": "32.49"}], "asks": [{"price": "0.99", "size": "570.74"}, {"price": "0.98", "size": "145.03"}, {"price": "0.97", "size": "21.73"}, {"price": "0.96", "size": "5.47"}], "event_type": "book", "last_trade_price": ""}, {"market": "0xa042b92eb9edf744d110bc18f21745e3135261f5c65566e252eb922d669a072f", "asset_id": "76776031602421358010333933331766183194515370629252201683516365072289303893610", "timestamp": "1769382483678", "hash": "604b9a6c41687345286d451c7362e96fadcca667", "bids": [{"price": "0.01", "size": "714.79"}, {"price": "0.02", "size": "26.16"}, {"price": "0.05", "size": "127"}, {"price": "0.06", "size": "43.95"}], "asks": [{"price": "0.99", "size": "722.04"}, {"price": "0.98", "size": "135.48"}, {"price": "0.97", "size": "275.65"}, {"price": "0.96", "size": "59.25"}], "event_type": "book", "last_trade_price": ""}, {"market": "0xed6619ae48690d9a1e254fdd8ff2df651a8b4ce3d22a08b9a8c4b79e6e9c4097", "asset_id": "42953789192467396059333412423252673787213318860165787421773716772774991708259", "timestamp": "1769383877200", "hash": "fdaf6222ed460925ed929dfcebfc273b26b58004", "bids": [{"price": "0.01", "size": "385.01"}, {"price": "0.02", "size": "32.49"}], "asks": [{"price": "0.99", "size": "569.75"}, {"price": "0.98", "size": "143.76"}, {"price": "0.97", "size": "22.91"}, {"price": "0.96", "size": "5.47"}], "event_type": "book", "last_trade_price": ""}, {"market": "0x0549d2c5a86a8a541b58b1fbd502886345ff9da16fb23a866de263b92db0bfc3", "asset_id": "108029478637604244212441681541971230219225629060207426923598421416152310002420", "timestamp": "1769383878285", "hash": "217ee53e75fd85a223416d1f169f6fc93c710bd1", "bids": [{"price": "0.01", "size": "385.01"}, {"price": "0.02", "size": "32.49"}], "asks": [{"price": "0.99", "size": "570.74"}, {"price": "0.98", "size": "145.03"}, {"price": "0.97", "size": "21.73"}, {"price": "0.96", "size": "5.47"}], "event_type": "book", "last_trade_price": ""}, {"market": "0x0549d2c5a86a8a541b58b1fbd502886345ff9da16fb23a866de263b92db0bfc3", "asset_id": "35995553468560365410131995505112892523357282954959514925006498937155018332633", "timestamp": "1769383878285", "hash": "1c7090261231a9aaa78727b7fc7da3b620478b89", "bids": [{"price": "0.01", "size": "570.74"}, {"price": "0.02", "size": "145.03"}, {"price": "0.03", "size": "21.73"}, {"price": "0.04", "size": "5.47"}], "asks": [{"price": "0.99", "size": "385.01"}, {"price": "0.98", "size": "32.49"}], "event_type": "book", "last_trade_price": ""}, {"market": "0xb10014ead2adbbde43ddc3f3bf628c5419c5da432938b72a3c52aa5cbe32b6df", "asset_id": "35709351226456894669195998706063174911313866456909269591746327026557445713980", "timestamp": "1769383876352", "hash": "e2705469065fe86bcf87015ff25572b4cc632dcf", "bids": [{"price": "0.01", "size": "570.74"}, {"price": "0.02", "size": "145.03"}, {"price": "0.03", "size": "21.73"}, {"price": "0.04", "size": "5.47"}], "asks": [{"price": "0.99", "size": "385.01"}, {"price": "0.98", "size": "32.49"}], "event_type": "book", "last_trade_price": ""}, {"market": "0xa042b92eb9edf744d110bc18f21745e3135261f5c65566e252eb922d669a072f", "asset_id": "52250236926469776369398173664699012677581112670017673707336089586625497504357", "timestamp": "1769382483678", "hash": "3f086845223ac46c16cbf2ecb754d800c42a8ffb", "bids": [{"price": "0.01", "size": "722.04"}, {"price": "0.02", "size": "135.48"}, {"price": "0.03", "size": "275.65"}, {"price": "0.04", "size": "59.25"}], "asks": [{"price": "0.99", "size": "714.79"}, {"price": "0.98", "size": "26.16"}, {"price": "0.95", "size": "127"}, {"price": "0.94", "size": "43.95"}], "event_type": "book", "last_trade_price": ""}, {"market": "0xed6619ae48690d9a1e254fdd8ff2df651a8b4ce3d22a08b9a8c4b79e6e9c4097", "asset_id": "113886030496655149274923122593410888236318484036047946191853984251167955564023", "timestamp": "1769383877200", "hash": "b8ff804e368b65c9c149b53c90f38adbc8c6a715", "bids": [{"price": "0.01", "size": "569.75"}, {"price": "0.02", "size": "143.76"}, {"price": "0.03", "size": "22.91"}, {"price": "0.04", "size": "5.47"}], "asks": [{"price": "0.99", "size": "385.01"}, {"price": "0.98", "size": "32.49"}], "event_type": "book", "last_trade_price": ""}, {"market": "0x969d9e7f55095c62f77b10cbeae5a2926ea47bb16fd4dbb6df308fb6084d30a3", "asset_id": "109273228589652966313280191788273458831613381088013436725585618351874351748323", "timestamp": "1769382484887", "hash": "91e393e9067cdfca65255f60dd0eefa0d2b094e0", "bids": [{"price": "0.01", "size": "568.13"}, {"price": "0.02", "size": "148.48"}, {"price": "0.03", "size": "20.3"}, {"price": "0.04", "size": "5.47"}], "asks": [{"price": "0.99", "size": "385.01"}, {"price": "0.98", "size": "32.49"}], "event_type": "book", "last_trade_price": ""}]}
