{"_local_timestamp": "2026-01-25T23:33:45.418744+00:00", "data": [{"market": "0x252c767812cf15e49ef0e17a59f99b494c73661d657f7886acbe9bc0030a03f7", "asset_id": "80826546403868320285301495076277690443687498994358609084887893237270320442013", "timestamp": "1769382792403", "hash": "3e1b523b430c3178d70ac2efba850423ca32cf63", "bids": [{"price": "0.01", "size": "527.55"}, {"price": "0.02", "size": "661.64"}, {"price": "0.03", "size": "200"}, {"price": "0.04", "size": "84.7"}, {"price": "0.05", "size": "32"}, {"price": "0.06", "size": "5.47"}], "asks": [{"price": "0.99", "size": "123.47"}, {"price": "0.98", "size": "182.15"}, {"price": "0.97", "size": "17.51"}, {"price": "0.96", "size": "500"}, {"price": "0.95", "size": "220"}, {"price": "0.94", "size": "33"}, {"price": "0.93", "size": "5.79"}, {"price": "0.92", "size": "162.5"}, {"price": "0.9", "size": "189"}, {"price": "0.89", "size": "7.19"}, {"price": "0.8", "size": "10"}], "event_type": "book", "last_trade_price": ""}, {"market": "0x89a893b3207bdbe469a171b0d15bc5fa107de18b3e9a5fb5fcfe34f64ca558a6", "asset_id": "95080424446780294038702991733504187171649770552748078155110892592918696384728", "timestamp": "1769383276772", "hash": "f5de2bd2270bca7446aecc0e82e12130ad941d89", "bids": [{"price": "0.01", "size": "1030.66"}, {"price": "0.02", "size": "188.05"}, {"price": "0.03", "size": "9.41"}, {"price": "0.04", "size": "500"}, {"price": "0.05", "size": "220"}, {"price": "0.06", "size": "41.45"}, {"price": "0.07", "size": "185.71"}, {"price": "0.08", "size": "85"}, {"price": "0.09", "size": "61.11"}, {"price": "0.1", "size": "8.13"}, {"price": "0.19", "size": "10"}], "asks": [{"price": "0.99", "size": "1434.54"}, {"price": "0.98", "size": "661.64"}, {"price": "0.97", "size": "200"}, {"price": "0.96", "size": "119.7"}, {"price": "0.95", "size": "32.4"}, {"price": "0.94", "size": "5.47"}], "event_type": "book", "last_trade_price": ""}, {"market": "0x7b672bcb907733b183c654cedcf0a6dff5fd09cb6770d5f7390fb53f987e64c0", "asset_id": "19552744153800421324663616226442387780156731919156087285690754999694108958009", "timestamp": "1769382588210", "hash": "4e75880076c4c6318e06f5adf00a1aae7ec86a03", "bids": [{"price": "0.01", "size": "1434.55"}, {"price": "0.02", "size": "855.96"}, {"price": "0.03", "size": "264.05"}, {"price": "0.04", "size": "12"}, {"price": "0.05", "size": "32.4"}, {"price": "0.06", "size": "5.47"}], "asks": [{"price": "0.99", "size": "1031.29"}, {"price": "0.98", "size": "181.89"}, {"price": "0.97", "size": "12.18"}, {"price": "0.96", "size": "500"}, {"price": "0.95", "size": "220"}, {"price": "0.94", "size": "33"}, {"price": "0.93", "size": "6.65"}, {"price": "0.91", "size": "144.44"}, {"price": "0.9", "size": "72"}, {"price": "0.89", "size": "100"}, {"price": "0.88", "size": "7.4"}, {"price": "0.79", "size": "10"}], "event_type": "book", "last_trade_price": ""}, {"market": "0x7b672bcb907733b183c654cedcf0a6dff5fd09cb6770d5f7390fb53f987e64c0", "asset_id": "47980216533540945878795234338123374183506578771254809239822072307725640410066", "timestamp": "1769382588210", "hash": "a9cbc80d6d2bb9b729b27458a538cc1c31bdad15", "bids": [{"price": "0.01", "size": "1031.29"}, {"price": "0.02", "size": "181.89"}, {"price": "0.03", "size": "12.18"}, {"price": "0.04", "size": "500"}, {"price": "0.05", "size": "220"}, {"price": "0.06", "size": "33"}, {"price": "0.07", "size": "6.65"}, {"price": "0.09", "size": "144.44"}, {"price": "0.1", "size": "72"}, {"price": "0.11", "size": "100"}, {"price": "0.12", "size": "7.4"}, {"price": "0.21", "size": "10"}], "asks": [{"price": "0.99", "size": "1434.55"}, {"price": "0.98", "size": "855.96"}, {"price": "0.97", "size": "264.05"}, {"price": "0.96", "size": "12"}, {"price": "0.95", "size": "32.4"}, {"price": "0.94", "size": "5.47"}], "event_type": "book", "last_trade_price": ""}, {"market": "0x252c767812cf15e49ef0e17a59f99b494c73661d657f7886acbe9bc0030a03f7", "asset_id": "105515568181122429964021556730456514725311672439326276617356850810860722060384", "timestamp": "1769382792403", "hash": "48ca630c01032a82e31902cae3afe09aa25330b5", "bids": [{"price": "0.01", "size": "123.47"}, {"price": "0.02", "size": "182.15"}, {"price": "0.03", "size": "17.51"}, {"price": "0.04", "size": "500"}, {"price": "0.05", "size": "220"}, {"price": "0.06", "size": "33"}, {"price": "0.07", "size": "5.79"}, {"price": "0.08", "size": "162.5"}, {"price": "0.1", "size": "189"}, {"price": "0.11", "size": "7.19"}, {"price": "0.2", "size": "10"}], "asks": [{"price": "0.99", "size": "527.55"}, {"price": "0.98", "size": "661.64"}, {"price": "0.97", "size": "200"}, {"price": "0.96", "size": "84.7"}, {"price": "0.95", "size": "32"}, {"price": "0.94", "size": "5.47"}], "event_type": "book", "last_trade_price": ""}, {"market": "0x89a893b3207bdbe469a171b0d15bc5fa107de18b3e9a5fb5fcfe34f64ca558a6", "asset_id": "22745941853190845255752180153260479377200890101663048692657115116120275281385", "timestamp": "1769383276772", "hash": "6ccc6aacd2b36b59dc7c97ea4ab9abd0fdcc9db1", "bids": [{"price": "0.01", "size": "1434.54"}, {"price": "0.02", "size": "661.64"}, {"price": "0.03", "size": "200"}, {"price": "0.04", "size": "119.7"}, {"price": "0.05", "size": "32.4"}, {"price": "0.06", "size": "5.47"}], "asks": [{"price": "0.99", "size": "1030.66"}, {"price": "0.98", "size": "188.05"}, {"price": "0.97", "size": "9.41"}, {"price": "0.96", "size": "500"}, {"price": "0.95", "size": "220"}, {"price": "0.94", "size": "41.45"}, {"price": "0.93", "size": "185.71"}, {"price": "0.92", "size": "85"}, {"price": "0.91", "size": "61.11"}, {"price": "0.9", "size": "8.13"}, {"price": "0.81", "size": "10"}], "event_type": "book", "last_trade_price": ""}]}
{"_local_timestamp": "2026-01-25T23:35:42.297985+00:00", "data": {"market": "0x7b672bcb907733b183c654cedcf0a6dff5fd09cb6770d5f7390fb53f987e64c0", "price_changes": [{"asset_id": "19552744153800421324663616226442387780156731919156087285690754999694108958009", "price": "0.02", "size": "155.96", "side": "BUY", "hash": "75a9f2952d4cd283838461b14955c38b247331b9", "best_bid": "0.06", "best_ask": "0.79"}, {"asset_id": "47980216533540945878795234338123374183506578771254809239822072307725640410066", "price": "0.98", "size": "155.96", "side": "SELL", "hash": "a400acdf92871825513a10addf8843f0e1f28799", "best_bid": "0.21", "best_ask": "0.94"}], "timestamp": "1769384142225", "event_type": "price_change"}}
{"_local_timestamp": "2026-01-25T23:35:42.301729+00:00", "data": {"market": "0x7b672bcb907733b183c654cedcf0a6dff5fd09cb6770d5f7390fb53f987e64c0", "price_changes": [{"asset_id": "47980216533540945878795234338123374183506578771254809239822072307725640410066", "price": "0.04", "size": "0", "side": "BUY", "hash": "74a765fc552281d664d3a1b64522aeeccbc1ae7a", "best_bid": "0.21", "best_ask": "0.94"}, {"asset_id": "19552744153800421324663616226442387780156731919156087285690754999694108958009", "price": "0.96", "size": "0", "side": "SELL", "hash": "cffe501e9d1097d30fa698c19a2cc0ef2f0fcd40", "best_bid": "0.06", "best_ask": "0.79"}], "timestamp": "1769384142225", "event_type": "price_change"}}
{"_local_timestamp": "2026-01-25T23:35:42.302268+00:00", "data": {"market": "0x7b672bcb907733b183c654cedcf0a6dff5fd09cb6770d5f7390fb53f987e64c0", "price_changes": [{"asset_id": "47980216533540945878795234338123374183506578771254809239822072307725640410066", "price": "0.05", "size": "20", "side": "BUY", "hash": "74a765fc552281d664d3a1b64522aeeccbc1ae7a", "best_bid": "0.21", "best_ask": "0.94"}, {"asset_id": "19552744153800421324663616226442387780156731919156087285690754999694108958009", "price": "0.95", "size": "20", "side": "SELL", "hash": "cffe501e9d1097d30fa698c19a2cc0ef2f0fcd40", "best_bid": "0.06", "best_ask": "0.79"}], "timestamp": "1769384142225", "event_type": "price_change"}}
{"_local_timestamp": "2026-01-25T23:35:44.350794+00:00", "data": {"market": "0x7b672bcb907733b183c654cedcf0a6dff5fd09cb6770d5f7390fb53f987e64c0", "price_changes": [{"asset_id": "19552744153800421324663616226442387780156731919156087285690754999694108958009", "price": "0.02", "size": "230.96", "side": "BUY", "hash": "97b5785feb32d3ff024bbe11b302bdf5a7cfbd4c", "best_bid": "0.06", "best_ask": "0.79"}, {"asset_id": "47980216533540945878795234338123374183506578771254809239822072307725640410066", "price": "0.98", "size": "230.96", "side": "SELL", "hash": "d520e1f584426befb36124d6fca22076e7130fa3", "best_bid": "0.21", "best_ask": "0.94"}], "timestamp": "1769384144286", "event_type": "price_change"}}
{"_local_timestamp": "2026-01-25T23:35:44.355279+00:00", "data": {"market": "0x7b672bcb907733b183c654cedcf0a6dff5fd09cb6770d5f7390fb53f987e64c0", "price_changes": [{"asset_id": "19552744153800421324663616226442387780156731919156087285690754999694108958009", "price": "0.01", "size": "1634.55", "side": "BUY", "hash": "51a56bcb9064c307545868831f13671911b99c89", "best_bid": "0.06", "best_ask": "0.79"}, {"asset_id": "47980216533540945878795234338123374183506578771254809239822072307725640410066", "price": "0.99", "size": "1634.55", "side": "SELL", "hash": "71a41147bf86c9b1ab1d99d93b41c624c18de10e", "best_bid": "0.21", "best_ask": "0.94"}], "timestamp": "1769384144288", "event_type": "price_change"}}
{"_local_timestamp": "2026-01-25T23:35:44.355725+00:00", "data": {"market": "0x7b672bcb907733b183c654cedcf0a6dff5fd09cb6770d5f7390fb53f987e64c0", "price_changes": [{"asset_id": "19552744153800421324663616226442387780156731919156087285690754999694108958009", "price": "0.01", "size": "1934.55", "side": "BUY", "hash": "02ff941f6f6642696d987ad5aba5ee7123eff4a9", "best_bid": "0.06", "best_ask": "0.79"}, {"asset_id": "47980216533540945878795234338123374183506578771254809239822072307725640410066", "price": "0.99", "size": "1934.55", "side": "SELL", "hash": "08dc11d43cc9c5e90da244aa6680eedd90786d8b", "best_bid": "0.21", "best_ask": "0.94"}], "timestamp": "1769384144289", "event_type": "price_change"}}
{"_local_timestamp": "2026-01-25T23:35:44.358952+00:00", "data": {"market": "0x7b672bcb907733b183c654cedcf0a6dff5fd09cb6770d5f7390fb53f987e64c0", "price_changes": [{"asset_id": "19552744153800421324663616226442387780156731919156087285690754999694108958009", "price": "0.02", "size": "355.96", "side": "BUY", "hash": "1bee42d5beb9c53db4a7e194ce2ae1d52e768644", "best_bid": "0.06", "best_ask": "0.79"}, {"asset_id": "47980216533540945878795234338123374183506578771254809239822072307725640410066", "price": "0.98", "size": "355.96", "side": "SELL", "hash": "aad994fb13cb7bc20e151460768adf2d9b1c8db9", "best_bid": "0.21", "best_ask": "0.94"}], "timestamp": "1769384144291", "event_type": "price_change"}}
{"_local_timestamp": "2026-01-25T23:35:44.359435+00:00", "data": {"market": "0x7b672bcb907733b183c654cedcf0a6dff5fd09cb6770d5f7390fb53f987e64c0", "price_changes": [{"asset_id": "47980216533540945878795234338123374183506578771254809239822072307725640410066", "price": "0.06", "size": "233", "side": "BUY", "hash": "cfcc4172ae0e80bcf2dec492f1492b5a494a4608", "best_bid": "0.21", "best_ask": "0.94"}, {"asset_id": "19552744153800421324663616226442387780156731919156087285690754999694108958009", "price": "0.94", "size": "233", "side": "SELL", "hash": "2ad0553cdc4dd47985acdd21470c6299bc058c3a", "best_bid": "0.06", "best_ask": "0.79"}], "timestamp": "1769384144293", "event_type": "price_change"}}
{"_local_timestamp": "2026-01-25T23:35:44.359785+00:00", "data": {"market": "0x7b672bcb907733b183c654cedcf0a6dff5fd09cb6770d5f7390fb53f987e64c0", "price_changes": [{"asset_id": "47980216533540945878795234338123374183506578771254809239822072307725640410066", "price": "0.06", "size": "358", "side": "BUY", "hash": "cf7209aad62e9fe2f58d971869b200f13e4e197f", "best_bid": "0.21", "best_ask": "0.94"}, {"asset_id": "19552744153800421324663616226442387780156731919156087285690754999694108958009", "price": "0.94", "size": "358", "side": "SELL", "hash": "9cee80e436fc502b4bfc988eeb1676b523ce801c", "best_bid": "0.06", "best_ask": "0.79"}], "timestamp": "1769384144294", "event_type": "price_change"}}
{"_local_timestamp": "2026-01-25T23:35:44.363096+00:00", "data": {"market": "0x7b672bcb907733b183c654cedcf0a6dff5fd09cb6770d5f7390fb53f987e64c0", "price_changes": [{"asset_id": "47980216533540945878795234338123374183506578771254809239822072307725640410066", "price": "0.05", "size": "320", "side": "BUY", "hash": "c9a341bbb067e0b37e7dff64acb8b2243fcee3dc", "best_bid": "0.21", "best_ask": "0.94"}, {"asset_id": "19552744153800421324663616226442387780156731919156087285690754999694108958009", "price": "0.95", "size": "320", "side": "SELL", "hash": "ea71bb5c06829ce96b43f3a40f574dff3184d210", "best_bid": "0.06", "best_ask": "0.79"}], "timestamp": "1769384144296", "event_type": "price_change"}}
{"_local_timestamp": "2026-01-25T23:35:44.363417+00:00", "data": {"market": "0x7b672bcb907733b183c654cedcf0a6dff5fd09cb6770d5f7390fb53f987e64c0", "price_changes": [{"asset_id": "47980216533540945878795234338123374183506578771254809239822072307725640410066", "price": "0.07", "size": "81.65", "side": "BUY", "hash": "e8c66393ec7135e718688cf5307c6e44f9bfd63e", "best_bid": "0.21", "best_ask": "0.94"}, {"asset_id": "19552744153800421324663616226442387780156731919156087285690754999694108958009", "price": "0.93", "size": "81.65", "side": "SELL", "hash": "f5901c69ffc0d03cbac1744539c2760be888d6d2", "best_bid": "0.06", "best_ask": "0.79"}], "timestamp": "1769384144297", "event_type": "price_change"}}
{"_local_timestamp": "2026-01-25T23:35:44.547655+00:00", "data": {"market": "0x252c767812cf15e49ef0e17a59f99b494c73661d657f7886acbe9bc0030a03f7", "price_changes": [{"asset_id": "80826546403868320285301495076277690443687498994358609084887893237270320442013", "price": "0.02", "size": "161.64", "side": "BUY", "hash": "60edc97c53d0ab8e7f06f58f0c84f2d612b2464c", "best_bid": "0.06", "best_ask": "0.8"}, {"asset_id": "105515568181122429964021556730456514725311672439326276617356850810860722060384", "price": "0.98", "size": "161.64", "side": "SELL", "hash": "c7461727b0be52f7ad7fb93aff15eb5e156bdea1", "best_bid": "0.2", "best_ask": "0.94"}], "timestamp": "1769384144483", "event_type": "price_change"}}
{"_local_timestamp": "2026-01-25T23:35:44.551620+00:00", "data": {"market": "0x252c767812cf15e49ef0e17a59f99b494c73661d657f7886acbe9bc0030a03f7", "price_changes": [{"asset_id": "80826546403868320285301495076277690443687498994358609084887893237270320442013", "price": "0.03", "size": "0", "side": "BUY", "hash": "60edc97c53d0ab8e7f06f58f0c84f2d612b2464c", "best_bid": "0.06", "best_ask": "0.8"}, {"asset_id": "105515568181122429964021556730456514725311672439326276617356850810860722060384", "price": "0.97", "size": "0", "side": "SELL", "hash": "c7461727b0be52f7ad7fb93aff15eb5e156bdea1", "best_bid": "0.2", "best_ask": "0.94"}], "timestamp": "1769384144483", "event_type": "price_change"}}
{"_local_timestamp": "2026-01-25T23:35:44.552056+00:00", "data": {"market": "0x252c767812cf15e49ef0e17a59f99b494c73661d657f7886acbe9bc0030a03f7", "price_changes": [{"asset_id": "105515568181122429964021556730456514725311672439326276617356850810860722060384", "price": "0.05", "size": "20", "side": "BUY", "hash": "1d555bf420b9bc2d1a03e4b90b8947bce19c78a9", "best_bid": "0.2", "best_ask": "0.94"}, {"asset_id": "80826546403868320285301495076277690443687498994358609084887893237270320442013", "price": "0.95", "size": "20", "side": "SELL", "hash": "a5f8a196ec8e7e5c1f60131da532d0adc4f69060", "best_bid": "0.06", "best_ask": "0.8"}], "timestamp": "1769384144484", "event_type": "price_change"}}
{"_local_timestamp": "2026-01-25T23:35:44.552389+00:00", "data": {"market": "0x252c767812cf15e49ef0e17a59f99b494c73661d657f7886acbe9bc0030a03f7", "price_changes": [{"asset_id": "105515568181122429964021556730456514725311672439326276617356850810860722060384", "price": "0.04", "size": "0", "side": "BUY", "hash": "1d555bf420b9bc2d1a03e4b90b8947bce19c78a9", "best_bid": "0.2", "best_ask": "0.94"}, {"asset_id": "80826546403868320285301495076277690443687498994358609084887893237270320442013", "price": "0.96", "size": "0", "side": "SELL", "hash": "a5f8a196ec8e7e5c1f60131da532d0adc4f69060", "best_bid": "0.06", "best_ask": "0.8"}], "timestamp": "1769384144484", "event_type": "price_change"}}
{"_local_timestamp": "2026-01-25T23:35:46.778796+00:00", "data": {"market": "0x252c767812cf15e49ef0e17a59f99b494c73661d657f7886acbe9bc0030a03f7", "price_changes": [{"asset_id": "80826546403868320285301495076277690443687498994358609084887893237270320442013", "price": "0.02", "size": "236.64", "side": "BUY", "hash": "130c88c78de9cc45be67db449c2ea6eb4edf9ecd", "best_bid": "0.06", "best_ask": "0.8"}, {"asset_id": "105515568181122429964021556730456514725311672439326276617356850810860722060384", "price": "0.98", "size": "236.64", "side": "SELL", "hash": "8e1298b3a5e72b1277ab8dd37761081f83145295", "best_bid": "0.2", "best_ask": "0.94"}], "timestamp": "1769384146715", "event_type": "price_change"}}
{"_local_timestamp": "2026-01-25T23:35:46.785752+00:00", "data": {"market": "0x252c767812cf15e49ef0e17a59f99b494c73661d657f7886acbe9bc0030a03f7", "price_changes": [{"asset_id": "80826546403868320285301495076277690443687498994358609084887893237270320442013", "price": "0.02", "size": "436.64", "side": "BUY", "hash": "a7ebb5a94029266137c2a647f8622e796008773b", "best_bid": "0.06", "best_ask": "0.8"}, {"asset_id": "105515568181122429964021556730456514725311672439326276617356850810860722060384", "price": "0.98", "size": "436.64", "side": "SELL", "hash": "0ac433e99335f27c3b8b3e265d1a185e5b3847f1", "best_bid": "0.2", "best_ask": "0.94"}], "timestamp": "1769384146716", "event_type": "price_change"}}
{"_local_timestamp": "2026-01-25T23:35:46.786151+00:00", "data": {"market": "0x252c767812cf15e49ef0e17a59f99b494c73661d657f7886acbe9bc0030a03f7", "price_changes": [{"asset_id": "105515568181122429964021556730456514725311672439326276617356850810860722060384", "price": "0.04", "size": "200", "side": "BUY", "hash": "5f30999acdd6b70b9ce140edb88e58c4e7d0290b", "best_bid": "0.2", "best_ask": "0.94"}, {"asset_id": "80826546403868320285301495076277690443687498994358609084887893237270320442013", "price": "0.96", "size": "200", "side": "SELL", "hash": "9330ce85e32836d9aa313f6614d2f3d0aa58be7f", "best_bid": "0.06", "best_ask": "0.8"}], "timestamp": "1769384146718", "event_type": "price_change"}}
{"_local_timestamp": "2026-01-25T23:35:46.786518+00:00", "data": {"market": "0x252c767812cf15e49ef0e17a59f99b494c73661d657f7886acbe9bc0030a03f7", "price_changes": [{"asset_id": "80826546403868320285301495076277690443687498994358609084887893237270320442013", "price": "0.02", "size": "561.64", "side": "BUY", "hash": "af7f00c443944dd60cde85b6b16f58767abf3558", "best_bid": "0.06", "best_ask": "0.8"}, {"asset_id": "105515568181122429964021556730456514725311672439326276617356850810860722060384", "price": "0.98", "size": "561.64", "side": "SELL", "hash": "08ff155871c48defcc286e2b4f6d384fe48b436e", "best_bid": "0.2", "best_ask": "0.94"}], "timestamp": "1769384146719", "event_type": "price_change"}}
{"_local_timestamp": "2026-01-25T23:35:46.786815+00:00", "data": {"market": "0x252c767812cf15e49ef0e17a59f99b494c73661d657f7886acbe9bc0030a03f7", "price_changes": [{"asset_id": "105515568181122429964021556730456514725311672439326276617356850810860722060384", "price": "0.05", "size": "95", "side": "BUY", "hash": "9a778c703ed0130f3f5542c8169573781ad80a42", "best_bid": "0.2", "best_ask": "0.94"}, {"asset_id": "80826546403868320285301495076277690443687498994358609084887893237270320442013", "price": "0.95", "size": "95", "side": "SELL", "hash": "fd092f9f9ea6f19eaf3f2776fb5b9fb756cc14a0", "best_bid": "0.06", "best_ask": "0.8"}], "timestamp": "1769384146721", "event_type": "price_change"}}
{"_local_timestamp": "2026-01-25T23:35:46.787111+00:00", "data": {"market": "0x252c767812cf15e49ef0e17a59f99b494c73661d657f7886acbe9bc0030a03f7", "price_changes": [{"asset_id": "105515568181122429964021556730456514725311672439326276617356850810860722060384", "price": "0.05", "size": "220", "side": "BUY", "hash": "e4ea03420e5515ada2c71edbba2ef36a0501b17b", "best_bid": "0.2", "best_ask": "0.94"}, {"asset_id": "80826546403868320285301495076277690443687498994358609084887893237270320442013", "price": "0.95", "size": "220", "side": "SELL", "hash": "41cceb684b147c68e2bc9d5f98016dfaba3bcfd4", "best_bid": "0.06", "best_ask": "0.8"}], "timestamp": "1769384146722", "event_type": "price_change"}}
{"_local_timestamp": "2026-01-25T23:35:46.792075+00:00", "data": {"market": "0x252c767812cf15e49ef0e17a59f99b494c73661d657f7886acbe9bc0030a03f7", "price_changes": [{"asset_id": "105515568181122429964021556730456514725311672439326276617356850810860722060384", "price": "0.04", "size": "500", "side": "BUY", "hash": "eebd696becbb57db78501f4385b3c5abdaa51042", "best_bid": "0.2", "best_ask": "0.94"}, {"asset_id": "80826546403868320285301495076277690443687498994358609084887893237270320442013", "price": "0.96", "size": "500", "side": "SELL", "hash": "cd99bdd85b06b2ce1e5d7381ec8597ec9ef8dd38", "best_bid": "0.06", "best_ask": "0.8"}], "timestamp": "1769384146724", "event_type": "price_change"}}
{"_local_timestamp": "2026-01-25T23:35:46.996873+00:00", "data": {"market": "0x252c767812cf15e49ef0e17a59f99b494c73661d657f7886acbe9bc0030a03f7", "price_changes": [{"asset_id": "80826546403868320285301495076277690443687498994358609084887893237270320442013", "price": "0.01", "size": "827.55", "side": "BUY", "hash": "147bebb394b381af79db2ac73394dadd071f1dc4", "best_bid": "0.06", "best_ask": "0.8"}, {"asset_id": "105515568181122429964021556730456514725311672439326276617356850810860722060384", "price": "0.99", "size": "827.55", "side": "SELL", "hash": "7634ee56a6437a86cd836dbcef5d4e94503ee6d1", "best_bid": "0.2", "best_ask": "0.94"}], "timestamp": "1769384146725", "event_type": "price_change"}}
{"_local_timestamp": "2026-01-25T23:35:46.997404+00:00", "data": {"market": "0x89a893b3207bdbe469a171b0d15bc5fa107de18b3e9a5fb5fcfe34f64ca558a6", "price_changes": [{"asset_id": "95080424446780294038702991733504187171649770552748078155110892592918696384728", "price": "0.05", "size": "20", "side": "BUY", "hash": "ef6fc6cb011c5088e7cc9714166f1a3b83e2c779", "best_bid": "0.19", "best_ask": "0.94"}, {"asset_id": "22745941853190845255752180153260479377200890101663048692657115116120275281385", "price": "0.95", "size": "20", "side": "SELL", "hash": "0788af22877a84a025915c4cd1cfa6497a6819f6", "best_bid": "0.06", "best_ask": "0.81"}], "timestamp": "1769384146900", "event_type": "price_change"}}
{"_local_timestamp": "2026-01-25T23:35:46.997735+00:00", "data": {"market": "0x89a893b3207bdbe469a171b0d15bc5fa107de18b3e9a5fb5fcfe34f64ca558a6", "price_changes": [{"asset_id": "95080424446780294038702991733504187171649770552748078155110892592918696384728", "price": "0.04", "size": "0", "side": "BUY", "hash": "ef6fc6cb011c5088e7cc9714166f1a3b83e2c779", "best_bid": "0.19", "best_ask": "0.94"}, {"asset_id": "22745941853190845255752180153260479377200890101663048692657115116120275281385", "price": "0.96", "size": "0", "side": "SELL", "hash": "0788af22877a84a025915c4cd1cfa6497a6819f6", "best_bid": "0.06", "best_ask": "0.81"}], "timestamp": "1769384146900", "event_type": "price_change"}}
{"_local_timestamp": "2026-01-25T23:35:46.998092+00:00", "data": {"market": "0x89a893b3207bdbe469a171b0d15bc5fa107de18b3e9a5fb5fcfe34f64ca558a6", "price_changes": [{"asset_id": "22745941853190845255752180153260479377200890101663048692657115116120275281385", "price": "0.03", "size": "0", "side": "BUY", "hash": "be61affc95e3d9133fb2bca17a41a63e110a654d", "best_bid": "0.06", "best_ask": "0.81"}, {"asset_id": "95080424446780294038702991733504187171649770552748078155110892592918696384728", "price": "0.97", "size": "0", "side": "SELL", "hash": "11f3138e7028071647d87d9bb141612aa7b1f096", "best_bid": "0.19", "best_ask": "0.94"}], "timestamp": "1769384146900", "event_type": "price_change"}}
{"_local_timestamp": "2026-01-25T23:35:46.998487+00:00", "data": {"market": "0x89a893b3207bdbe469a171b0d15bc5fa107de18b3e9a5fb5fcfe34f64ca558a6", "price_changes": [{"asset_id": "22745941853190845255752180153260479377200890101663048692657115116120275281385", "price": "0.02", "size": "161.64", "side": "BUY", "hash": "be61affc95e3d9133fb2bca17a41a63e110a654d", "best_bid": "0.06", "best_ask": "0.81"}, {"asset_id": "95080424446780294038702991733504187171649770552748078155110892592918696384728", "price": "0.98", "size": "161.64", "side": "SELL", "hash": "11f3138e7028071647d87d9bb141612aa7b1f096", "best_bid": "0.19", "best_ask": "0.94"}], "timestamp": "1769384146900", "event_type": "price_change"}}
{"_local_timestamp": "2026-01-25T23:35:48.984182+00:00", "data": {"market": "0x89a893b3207bdbe469a171b0d15bc5fa107de18b3e9a5fb5fcfe34f64ca558a6", "price_changes": [{"asset_id": "22745941853190845255752180153260479377200890101663048692657115116120275281385", "price": "0.01", "size": "1734.54", "side": "BUY", "hash": "349fa7a193fde2d2672554bd3b06adac37d97c65", "best_bid": "0.06", "best_ask": "0.81"}, {"asset_id": "95080424446780294038702991733504187171649770552748078155110892592918696384728", "price": "0.99", "size": "1734.54", "side": "SELL", "hash": "64565a4d71418949b3aded98f09058905ee11bb7", "best_bid": "0.19", "best_ask": "0.94"}], "timestamp": "1769384148915", "event_type": "price_change"}}
{"_local_timestamp": "2026-01-25T23:35:48.984710+00:00", "data": {"market": "0x89a893b3207bdbe469a171b0d15bc5fa107de18b3e9a5fb5fcfe34f64ca558a6", "price_changes": [{"asset_id": "22745941853190845255752180153260479377200890101663048692657115116120275281385", "price": "0.02", "size": "236.64", "side": "BUY", "hash": "f122b9ef7852c93a74207b823279458b84cf17ef", "best_bid": "0.06", "best_ask": "0.81"}, {"asset_id": "95080424446780294038702991733504187171649770552748078155110892592918696384728", "price": "0.98", "size": "236.64", "side": "SELL", "hash": "4542c08870cbd0d9c04374d25936d1f468f7d080", "best_bid": "0.19", "best_ask": "0.94"}], "timestamp": "1769384148917", "event_type": "price_change"}}
{"_local_timestamp": "2026-01-25T23:35:48.985069+00:00", "data": {"market": "0x89a893b3207bdbe469a171b0d15bc5fa107de18b3e9a5fb5fcfe34f64ca558a6", "price_changes": [{"asset_id": "95080424446780294038702991733504187171649770552748078155110892592918696384728", "price": "0.04", "size": "300", "side": "BUY", "hash": "6a5aa6d6f3c55fd7b9113f6618e53fe5f4967578", "best_bid": "0.19", "best_ask": "0.94"}, {"asset_id": "22745941853190845255752180153260479377200890101663048692657115116120275281385", "price": "0.96", "size": "300", "side": "SELL", "hash": "8c1b8e3292f2985afa1136326b0ff6d25ec5b19b", "best_bid": "0.06", "best_ask": "0.81"}], "timestamp": "1769384148919", "event_type": "price_change"}}
{"_local_timestamp": "2026-01-25T23:35:48.986788+00:00", "data": {"market": "0x89a893b3207bdbe469a171b0d15bc5fa107de18b3e9a5fb5fcfe34f64ca558a6", "price_changes": [{"asset_id": "22745941853190845255752180153260479377200890101663048692657115116120275281385", "price": "0.02", "size": "436.64", "side": "BUY", "hash": "c9ad7a06ca956b3ad059bd439c1b2e7982846472", "best_bid": "0.06", "best_ask": "0.81"}, {"asset_id": "95080424446780294038702991733504187171649770552748078155110892592918696384728", "price": "0.98", "size": "436.64", "side": "SELL", "hash": "a3e44416720a8a6c00367c36f286c5cb6a5ee075", "best_bid": "0.19", "best_ask": "0.94"}], "timestamp": "1769384148920", "event_type": "price_change"}}
{"_local_timestamp": "2026-01-25T23:35:48.988990+00:00", "data": {"market": "0x89a893b3207bdbe469a171b0d15bc5fa107de18b3e9a5fb5fcfe34f64ca558a6", "price_changes": [{"asset_id": "95080424446780294038702991733504187171649770552748078155110892592918696384728", "price": "0.05", "size": "145", "side": "BUY", "hash": "8e3a20b7aa6dfa8af0c787f4d228b4379d348a54", "best_bid": "0.19", "best_ask": "0.94"}, {"asset_id": "22745941853190845255752180153260479377200890101663048692657115116120275281385", "price": "0.95", "size": "145", "side": "SELL", "hash": "7ab7460e824066e5bec9d9f9c1fb568835262f7a", "best_bid": "0.06", "best_ask": "0.81"}], "timestamp": "1769384148922", "event_type": "price_change"}}
{"_local_timestamp": "2026-01-25T23:35:48.994374+00:00", "data": {"market": "0x89a893b3207bdbe469a171b0d15bc5fa107de18b3e9a5fb5fcfe34f64ca558a6", "price_changes": [{"asset_id": "22745941853190845255752180153260479377200890101663048692657115116120275281385", "price": "0.02", "size": "561.64", "side": "BUY", "hash": "66f7f56f7014d20825bbd3d56732338e77e94a4e", "best_bid": "0.06", "best_ask": "0.81"}, {"asset_id": "95080424446780294038702991733504187171649770552748078155110892592918696384728", "price": "0.98", "size": "561.64", "side": "SELL", "hash": "53f56887d98b997506d6aa22b470c477d273f434", "best_bid": "0.19", "best_ask": "0.94"}], "timestamp": "1769384148924", "event_type": "price_change"}}
{"_local_timestamp": "2026-01-25T23:35:48.994878+00:00", "data": {"market": "0x89a893b3207bdbe469a171b0d15bc5fa107de18b3e9a5fb5fcfe34f64ca558a6", "price_changes": [{"asset_id": "95080424446780294038702991733504187171649770552748078155110892592918696384728", "price": "0.04", "size": "500", "side": "BUY", "hash": "a15785a0394bd6761449d431e5f1b7aa02f81235", "best_bid": "0.19", "best_ask": "0.94"}, {"asset_id": "22745941853190845255752180153260479377200890101663048692657115116120275281385", "price": "0.96", "size": "500", "side": "SELL", "hash": "4de1d1deb0ec7a0d05d468d12a761276553da095", "best_bid": "0.06", "best_ask": "0.81"}], "timestamp": "1769384148925", "event_type": "price_change"}}
{"_local_timestamp": "2026-01-25T23:35:48.998812+00:00", "data": {"market": "0x89a893b3207bdbe469a171b0d15bc5fa107de18b3e9a5fb5fcfe34f64ca558a6", "price_changes": [{"asset_id": "95080424446780294038702991733504187171649770552748078155110892592918696384728", "price": "0.05", "size": "220", "side": "BUY", "hash": "9ca2e2c9d91f83e01d3eb494336f93fcbb0cf714", "best_bid": "0.19", "best_ask": "0.94"}, {"asset_id": "22745941853190845255752180153260479377200890101663048692657115116120275281385", "price": "0.95", "size": "220", "side": "SELL", "hash": "e63d149ee29a4d4a6571b81672cf0f04b4638570", "best_bid": "0.06", "best_ask": "0.81"}], "timestamp": "1769384148927", "event_type": "price_change"}}
