{"_local_timestamp": "2026-01-25T23:33:55.413287+00:00", "data": [{"market": "0x87e30a1e304145006ef25ddb0f6d6796f62aa364cf729f5cb7580f072d0cf4a3", "asset_id": "62001572807941766776829295410973147907580323476638861287568547847023432875374", "timestamp": "1769383525563", "hash": "8b27e366098efc300d98fba37025c079100ecf1e", "bids": [{"price": "0.01", "size": "572.54"}, {"price": "0.02", "size": "736.64"}, {"price": "0.03", "size": "200"}, {"price": "0.04", "size": "229.7"}, {"price": "0.05", "size": "7.5"}, {"price": "0.06", "size": "10.72"}], "asks": [{"price": "0.99", "size": "174.48"}, {"price": "0.98", "size": "163.72"}, {"price": "0.97", "size": "183.33"}, {"price": "0.96", "size": "531.52"}, {"price": "0.95", "size": "210"}, {"price": "0.94", "size": "6.81"}, {"price": "0.93", "size": "185.71"}, {"price": "0.91", "size": "162"}, {"price": "0.9", "size": "9.11"}, {"price": "0.81", "size": "10"}], "event_type": "book", "last_trade_price": ""}, {"market": "0x3655cf481e14d1e19a726fb2e40d33bdcea8694d7e8cb69458f214217eaee103", "asset_id": "4711764067932588530459333472248488273683906482250258710814728829127741077956", "timestamp": "1769382483681", "hash": "190f019f3390ec879f614aea61eeda8b2aaf774a", "bids": [{"price": "0.01", "size": "261.05"}, {"price": "0.02", "size": "430.33"}, {"price": "0.03", "size": "12.64"}, {"price": "0.04", "size": "650"}, {"price": "0.05", "size": "85"}, {"price": "0.06", "size": "5.75"}, {"price": "0.07", "size": "185.71"}, {"price": "0.08", "size": "92"}, {"price": "0.09", "size": "11.76"}, {"price": "0.19", "size": "10"}], "asks": [{"price": "0.99", "size": "662.54"}, {"price": "0.98", "size": "930.96"}, {"price": "0.97", "size": "14.06"}, {"price": "0.96", "size": "222"}, {"price": "0.94", "size": "17.97"}], "event_type": "book", "last_trade_price": ""}, {"market": "0x87e30a1e304145006ef25ddb0f6d6796f62aa364cf729f5cb7580f072d0cf4a3", "asset_id": "98835581966858897428063573903777055034387839894681182192350930158599997635901", "timestamp": "1769383525563", "hash": "a738415f68783a4a5da859350907409fc7c31b25", "bids": [{"price": "0.01", "size": "174.48"}, {"price": "0.02", "size": "163.72"}, {"price": "0.03", "size": "183.33"}, {"price": "0.04", "size": "531.52"}, {"price": "0.05", "size": "210"}, {"price": "0.06", "size": "6.81"}, {"price": "0.07", "size": "185.71"}, {"price": "0.09", "size": "162"}, {"price": "0.1", "size": "9.11"}, {"price": "0.19", "size": "10"}], "asks": [{"price": "0.99", "size": "572.54"}, {"price": "0.98", "size": "736.64"}, {"price": "0.97", "size": "200"}, {"price": "0.96", "size": "229.7"}, {"price": "0.95", "size": "7.5"}, {"price": "0.94", "size": "10.72"}], "event_type": "book", "last_trade_price": ""}, {"market": "0x3655cf481e14d1e19a726fb2e40d33bdcea8694d7e8cb69458f214217eaee103", "asset_id": "115058527071949211009694591739889270737295714476306475324285164364023938850696", "timestamp": "1769382483681", "hash": "3952f2fa868c1e3500e071103cea5cb095f5ab62", "bids": [{"price": "0.01", "size": "662.54"}, {"price": "0.02", "size": "930.96"}, {"price": "0.03", "size": "14.06"}, {"price": "0.04", "size": "222"}, {"price": "0.06", "size": "17.97"}], "asks": [{"price": "0.99", "size": "261.05"}, {"price": "0.98", "size": "430.33"}, {"price": "0.97", "size": "12.64"}, {"price": "0.96", "size": "650"}, {"price": "0.95", "size": "85"}, {"price": "0.94", "size": "5.75"}, {"price": "0.93", "size": "185.71"}, {"price": "0.92", "size": "92"}, {"price": "0.91", "size": "11.76"}, {"price": "0.81", "size": "10"}], "event_type": "book", "last_trade_price": ""}, {"market": "0x4bf2007709ef44dbcdb58fceb606c3536e3b618d4a62f5feaed0792b3958eb2f", "asset_id": "44151257885006186752064883684641137168973590663048418912471268653695287353500", "timestamp": "1769382745052", "hash": "6406a9249584776e7d614f9178e89a9d95454b15", "bids": [{"price": "0.01", "size": "259.44"}, {"price": "0.02", "size": "163.63"}, {"price": "0.03", "size": "183.33"}, {"price": "0.04", "size": "656.83"}, {"price": "0.05", "size": "85"}, {"price": "0.06", "size": "5.85"}, {"price": "0.07", "size": "185.71"}, {"price": "0.08", "size": "92"}, {"price": "0.09", "size": "11.2"}, {"price": "0.19", "size": "10"}], "asks": [{"price": "0.99", "size": "662.54"}, {"price": "0.98", "size": "930.96"}, {"price": "0.97", "size": "14.06"}, {"price": "0.96", "size": "222"}, {"price": "0.95", "size": "6.46"}, {"price": "0.94", "size": "14.52"}], "event_type": "book", "last_trade_price": ""}, {"market": "0x4bf2007709ef44dbcdb58fceb606c3536e3b618d4a62f5feaed0792b3958eb2f", "asset_id": "5127652475295342281324168104756420215528177408119167749425273760372118133428", "timestamp": "1769382745052", "hash": "10b9d4fa3659ec62b8a094571ac02e97e2d068eb", "bids": [{"price": "0.01", "size": "662.54"}, {"price": "0.02", "size": "930.96"}, {"price": "0.03", "size": "14.06"}, {"price": "0.04", "size": "222"}, {"price": "0.05", "size": "6.46"}, {"price": "0.06", "size": "14.52"}], "asks": [{"price": "0.99", "size": "259.44"}, {"price": "0.98", "size": "163.63"}, {"price": "0.97", "size": "183.33"}, {"price": "0.96", "size": "656.83"}, {"price": "0.95", "size": "85"}, {"price": "0.94", "size": "5.85"}, {"price": "0.93", "size": "185.71"}, {"price": "0.92", "size": "92"}, {"price": "0.91", "size": "11.2"}, {"price": "0.81", "size": "10"}], "event_type": "book", "last_trade_price": ""}]}
