{"_local_timestamp": "2026-01-25T23:40:54.118685+00:00", "data": [{"market": "0xfcef865b5029310e23098b7052cf0c9f1a74e25c2ffc467b1762dba454d84d44", "asset_id": "73530143346776618068966941239072932088771296017010889161448179656872426721888", "timestamp": "1769384370327", "hash": "1ee85e4cbf9fd1c14493e21c7a0779c7754c7f22", "bids": [{"price": "0.01", "size": "85892.94"}, {"price": "0.02", "size": "700"}, {"price": "0.05", "size": "500"}, {"price": "0.08", "size": "300"}, {"price": "0.52", "size": "100"}, {"price": "0.53", "size": "405"}, {"price": "0.54", "size": "181"}, {"price": "0.55", "size": "8276.11"}, {"price": "0.56", "size": "9934.82"}, {"price": "0.57", "size": "164"}], "asks": [{"price": "0.99", "size": "85887.94"}, {"price": "0.98", "size": "700"}, {"price": "0.95", "size": "500"}, {"price": "0.92", "size": "300"}, {"price": "0.63", "size": "100"}, {"price": "0.62", "size": "2126"}, {"price": "0.61", "size": "8297.11"}, {"price": "0.6", "size": "7396.11"}, {"price": "0.59", "size": "3578.54"}], "event_type": "book", "last_trade_price": "0.400"}, {"market": "0x689f2bc7ca74f951f5ef5ee46c0b8f5eb4fcf184907dd9f69c19529844d6d416", "asset_id": "13688883295678001276792158244036912161301864636922709659029780709987533255655", "timestamp": "1769384387262", "hash": "5e22b04bccbb95f40bc31bcd4ca4dc36d9976abd", "bids": [{"price": "0.01", "size": "91938.55"}, {"price": "0.02", "size": "725"}, {"price": "0.05", "size": "520"}, {"price": "0.06", "size": "33"}, {"price": "0.36", "size": "116"}, {"price": "0.37", "size": "131"}], "asks": [{"price": "0.99", "size": "91983.55"}, {"price": "0.98", "size": "700"}, {"price": "0.95", "size": "520"}, {"price": "0.94", "size": "33"}, {"price": "0.92", "size": "300"}, {"price": "0.41", "size": "81"}, {"price": "0.4", "size": "131"}], "event_type": "book", "last_trade_price": ""}, {"market": "0xfcef865b5029310e23098b7052cf0c9f1a74e25c2ffc467b1762dba454d84d44", "asset_id": "42135961816408133329427741739270935785240852940501743547559002335790549112042", "timestamp": "1769384370327", "hash": "a93505afcc7e5230e3c1e683a230e90a993c8be0", "bids": [{"price": "0.01", "size": "85887.94"}, {"price": "0.02", "size": "700"}, {"price": "0.05", "size": "500"}, {"price": "0.08", "size": "300"}, {"price": "0.37", "size": "100"}, {"price": "0.38", "size": "2126"}, {"price": "0.39", "size": "8297.11"}, {"price": "0.4", "size": "7396.11"}, {"price": "0.41", "size": "3578.54"}], "asks": [{"price": "0.99", "size": "85892.94"}, {"price": "0.98", "size": "700"}, {"price": "0.95", "size": "500"}, {"price": "0.92", "size": "300"}, {"price": "0.48", "size": "100"}, {"price": "0.47", "size": "405"}, {"price": "0.46", "size": "181"}, {"price": "0.45", "size": "8276.11"}, {"price": "0.44", "size": "9934.82"}, {"price": "0.43", "size": "164"}], "event_type": "book", "last_trade_price": "0.400"}, {"market": "0x5cd62df873dd5f7195c4bdacf30f17b44f0862f0b1914e9cc97dd009b8f47d46", "asset_id": "38277422968297124567044863236010446869930474064669700603324708469098709719609", "timestamp": "1769384422755", "hash": "33f29d10d87acfa1f40e2a4329bd129c9c49cdf7", "bids": [{"price": "0.01", "size": "85887.94"}, {"price": "0.02", "size": "700"}, {"price": "0.05", "size": "500"}, {"price": "0.08", "size": "300"}, {"price": "0.71", "size": "100"}, {"price": "0.72", "size": "200"}, {"price": "0.74", "size": "3629"}, {"price": "0.75", "size": "10281.11"}, {"price": "0.76", "size": "8445.11"}, {"price": "0.77", "size": "3071.79"}], "asks": [{"price": "0.99", "size": "85892.94"}, {"price": "0.83", "size": "4245"}, {"price": "0.82", "size": "8881.11"}, {"price": "0.81", "size": "9671.11"}, {"price": "0.8", "size": "5594"}, {"price": "0.79", "size": "2949.71"}], "event_type": "book", "last_trade_price": "0.220"}, {"market": "0xb3e540bed7f05b65dd8ec650207678de22e2ccb3c65f5e6ae3ccefded4361b3c", "asset_id": "13809874271869862836605807588683128507943887680683234293697314933242421192771", "timestamp": "1769384445547", "hash": "3c8e926d2b51ce3c36feb3c76fd72b2ebec3c453", "bids": [{"price": "0.01", "size": "96.5"}, {"price": "0.02", "size": "700"}, {"price": "0.26", "size": "2336"}, {"price": "0.27", "size": "2628"}, {"price": "0.28", "size": "1610"}, {"price": "0.29", "size": "2710.34"}, {"price": "0.3", "size": "164"}], "asks": [{"price": "0.99", "size": "91.5"}, {"price": "0.98", "size": "700"}, {"price": "0.95", "size": "500"}, {"price": "0.92", "size": "300"}, {"price": "0.37", "size": "100"}, {"price": "0.35", "size": "2226"}, {"price": "0.34", "size": "2466"}, {"price": "0.33", "size": "1580"}, {"price": "0.32", "size": "516"}, {"price": "0.31", "size": "2355.05"}], "event_type": "book", "last_trade_price": "0.690"}, {"market": "0x3b51467dceaf8571eb9e4cc006b1be943611133e44d9585c91cbc47debac2627", "asset_id": "64665882400122406967045532440319085096613133609156314785403503793450026783030", "timestamp": "1769384221191", "hash": "bb39b8ce065b29ad819adc532ffd350d3884e620", "bids": [{"price": "0.01", "size": "44093.83"}, {"price": "0.1", "size": "10562.11"}, {"price": "0.11", "size": "10238.11"}, {"price": "0.12", "size": "2961.67"}, {"price": "0.13", "size": "7.5"}], "asks": [{"price": "0.99", "size": "85887.94"}, {"price": "0.98", "size": "700"}, {"price": "0.95", "size": "500"}, {"price": "0.92", "size": "300"}, {"price": "0.22", "size": "80"}, {"price": "0.21", "size": "184"}, {"price": "0.2", "size": "111"}, {"price": "0.17", "size": "2619"}, {"price": "0.16", "size": "8166.11"}, {"price": "0.15", "size": "6113.11"}, {"price": "0.14", "size": "2736.76"}], "event_type": "book", "last_trade_price": "0.860"}, {"market": "0x5cd62df873dd5f7195c4bdacf30f17b44f0862f0b1914e9cc97dd009b8f47d46", "asset_id": "81620006274912860786542136552485067786112215576828621363441123223528903532039", "timestamp": "1769384422755", "hash": "9a0dde40f04e2bfaae6e19176bfc8e11fec7af42", "bids": [{"price": "0.01", "size": "85892.94"}, {"price": "0.17", "size": "4245"}, {"price": "0.18", "size": "8881.11"}, {"price": "0.19", "size": "9671.11"}, {"price": "0.2", "size": "5594"}, {"price": "0.21", "size": "2949.71"}], "asks": [{"price": "0.99", "size": "85887.94"}, {"price": "0.98", "size": "700"}, {"price": "0.95", "size": "500"}, {"price": "0.92", "size": "300"}, {"price": "0.29", "size": "100"}, {"price": "0.28", "size": "200"}, {"price": "0.26", "size": "3629"}, {"price": "0.25", "size": "10281.11"}, {"price": "0.24", "size": "8445.11"}, {"price": "0.23", "size": "3071.79"}], "event_type": "book", "last_trade_price": "0.220"}, {"market": "0x30b64a0a264971acb5a878da76e591d4eba46ec94ccf29a3efb4d2275de9879b", "asset_id": "79873671753091159203838713496689089974558055167116859765689808579056198783311", "timestamp": "1769384176130", "hash": "c29d1e6119b6fb3f4852d6f5f51656d8716d73ca", "bids": [{"price": "0.01", "size": "6095.61"}, {"price": "0.02", "size": "346"}, {"price": "0.03", "size": "3121"}, {"price": "0.04", "size": "3238.91"}], "asks": [{"price": "0.99", "size": "91887.05"}, {"price": "0.98", "size": "700"}, {"price": "0.95", "size": "500"}, {"price": "0.92", "size": "300"}, {"price": "0.14", "size": "194"}, {"price": "0.13", "size": "106"}, {"price": "0.12", "size": "103"}, {"price": "0.11", "size": "5.47"}, {"price": "0.06", "size": "2945.28"}, {"price": "0.05", "size": "2884.21"}], "event_type": "book", "last_trade_price": "0.040"}, {"market": "0x689f2bc7ca74f951f5ef5ee46c0b8f5eb4fcf184907dd9f69c19529844d6d416", "asset_id": "38406932137014719642745747955440768125753717099958648412630477673794359665653", "timestamp": "1769384387262", "hash": "af485188e44616f523b318e5f2fcf12450f1d4cd", "bids": [{"price": "0.01", "size": "91983.55"}, {"price": "0.02", "size": "700"}, {"price": "0.05", "size": "520"}, {"price": "0.06", "size": "33"}, {"price": "0.08", "size": "300"}, {"price": "0.59", "size": "81"}, {"price": "0.6", "size": "131"}], "asks": [{"price": "0.99", "size": "91938.55"}, {"price": "0.98", "size": "725"}, {"price": "0.95", "size": "520"}, {"price": "0.94", "size": "33"}, {"price": "0.64", "size": "116"}, {"price": "0.63", "size": "131"}], "event_type": "book", "last_trade_price": ""}, {"market": "0x3b51467dceaf8571eb9e4cc006b1be943611133e44d9585c91cbc47debac2627", "asset_id": "8636272079981793301557198309297943148530912074503036159938727698085195103125", "timestamp": "1769384221191", "hash": "dc56e275bd657a18f8cc3fe148c169ce259aeee2", "bids": [{"price": "0.01", "size": "85887.94"}, {"price": "0.02", "size": "700"}, {"price": "0.05", "size": "500"}, {"price": "0.08", "size": "300"}, {"price": "0.78", "size": "80"}, {"price": "0.79", "size": "184"}, {"price": "0.8", "size": "111"}, {"price": "0.83", "size": "2619"}, {"price": "0.84", "size": "8166.11"}, {"price": "0.85", "size": "6113.11"}, {"price": "0.86", "size": "2736.76"}], "asks": [{"price": "0.99", "size": "44093.83"}, {"price": "0.9", "size": "10562.11"}, {"price": "0.89", "size": "10238.11"}, {"price": "0.88", "size": "2961.67"}, {"price": "0.87", "size": "7.5"}], "event_type": "book", "last_trade_price": "0.860"}, {"market": "0xb3e540bed7f05b65dd8ec650207678de22e2ccb3c65f5e6ae3ccefded4361b3c", "asset_id": "21676301344285277057798674879566896208374169873577374251409485879776909883018", "timestamp": "1769384445547", "hash": "c0a49c4e1c6960c816a557ca1720e3ed6a3bad19", "bids": [{"price": "0.01", "size": "91.5"}, {"price": "0.02", "size": "700"}, {"price": "0.05", "size": "500"}, {"price": "0.08", "size": "300"}, {"price": "0.63", "size": "100"}, {"price": "0.65", "size": "2226"}, {"price": "0.66", "size": "2466"}, {"price": "0.67", "size": "1580"}, {"price": "0.68", "size": "516"}, {"price": "0.69", "size": "2355.05"}], "asks": [{"price": "0.99", "size": "96.5"}, {"price": "0.98", "size": "700"}, {"price": "0.74", "size": "2336"}, {"price": "0.73", "size": "2628"}, {"price": "0.72", "size": "1610"}, {"price": "0.71", "size": "2710.34"}, {"price": "0.7", "size": "164"}], "event_type": "book", "last_trade_price": "0.690"}, {"market": "0x30b64a0a264971acb5a878da76e591d4eba46ec94ccf29a3efb4d2275de9879b", "asset_id": "94578379189492106683804466806128880108833141790850950184532667808133837881210", "timestamp": "1769384176130", "hash": "fc027b2b05f8e87d2a894a0b70ca45e8b1d0f8ed", "bids": [{"price": "0.01", "size": "91887.05"}, {"price": "0.02", "size": "700"}, {"price": "0.05", "size": "500"}, {"price": "0.08", "size": "300"}, {"price": "0.86", "size": "194"}, {"price": "0.87", "size": "106"}, {"price": "0.88", "size": "103"}, {"price": "0.89", "size": "5.47"}, {"price": "0.94", "size": "2945.28"}, {"price": "0.95", "size": "2884.21"}], "asks": [{"price": "0.99", "size": "6095.61"}, {"price": "0.98", "size": "346"}, {"price": "0.97", "size": "3121"}, {"price": "0.96", "size": "3238.91"}], "event_type": "book", "last_trade_price": "0.040"}]}
{"_local_timestamp": "2026-01-25T23:40:57.077161+00:00", "data": {"market": "0x5cd62df873dd5f7195c4bdacf30f17b44f0862f0b1914e9cc97dd009b8f47d46", "price_changes": [{"asset_id": "38277422968297124567044863236010446869930474064669700603324708469098709719609", "price": "0.72", "size": "0", "side": "BUY", "hash": "35c914ed46e3a6a3f239c96e4a23e9a4f66a75ef", "best_bid": "0.77", "best_ask": "0.79"}, {"asset_id": "81620006274912860786542136552485067786112215576828621363441123223528903532039", "price": "0.28", "size": "0", "side": "SELL", "hash": "fd9cd8ce34b3fd987ae7f49106833de83306d04f", "best_bid": "0.21", "best_ask": "0.23"}], "timestamp": "1769384457000", "event_type": "price_change"}}
{"_local_timestamp": "2026-01-25T23:40:57.099880+00:00", "data": {"market": "0x5cd62df873dd5f7195c4bdacf30f17b44f0862f0b1914e9cc97dd009b8f47d46", "price_changes": [{"asset_id": "81620006274912860786542136552485067786112215576828621363441123223528903532039", "price": "0.2", "size": "5394", "side": "BUY", "hash": "07f56d210c939e71b9e935d57770f180bc78b8c0", "best_bid": "0.21", "best_ask": "0.23"}, {"asset_id": "38277422968297124567044863236010446869930474064669700603324708469098709719609", "price": "0.8", "size": "5394", "side": "SELL", "hash": "da7ba90240d130480dc8a92d000d869e668f2a52", "best_bid": "0.77", "best_ask": "0.79"}], "timestamp": "1769384457003", "event_type": "price_change"}}
{"_local_timestamp": "2026-01-25T23:40:57.197537+00:00", "data": {"market": "0x5cd62df873dd5f7195c4bdacf30f17b44f0862f0b1914e9cc97dd009b8f47d46", "price_changes": [{"asset_id": "81620006274912860786542136552485067786112215576828621363441123223528903532039", "price": "0.2", "size": "5594", "side": "BUY", "hash": "e9a0425ff916fa32ab3e31fe77f2baf52a068b65", "best_bid": "0.21", "best_ask": "0.23"}, {"asset_id": "38277422968297124567044863236010446869930474064669700603324708469098709719609", "price": "0.8", "size": "5594", "side": "SELL", "hash": "f02a9835b58282e910505e7cbb38f2ff43e0e7a9", "best_bid": "0.77", "best_ask": "0.79"}], "timestamp": "1769384457124", "event_type": "price_change"}}
{"_local_timestamp": "2026-01-25T23:40:57.198077+00:00", "data": {"market": "0x5cd62df873dd5f7195c4bdacf30f17b44f0862f0b1914e9cc97dd009b8f47d46", "price_changes": [{"asset_id": "38277422968297124567044863236010446869930474064669700603324708469098709719609", "price": "0.72", "size": "200", "side": "BUY", "hash": "c3eb006239f70e4a487c3cf34daa387ede47f347", "best_bid": "0.77", "best_ask": "0.79"}, {"asset_id": "81620006274912860786542136552485067786112215576828621363441123223528903532039", "price": "0.28", "size": "200", "side": "SELL", "hash": "db43d476058fe7c9d1515ee6fe33a7d196adb538", "best_bid": "0.21", "best_ask": "0.23"}], "timestamp": "1769384457124", "event_type": "price_change"}}
{"_local_timestamp": "2026-01-25T23:41:07.266867+00:00", "data": {"market": "0x5cd62df873dd5f7195c4bdacf30f17b44f0862f0b1914e9cc97dd009b8f47d46", "price_changes": [{"asset_id": "38277422968297124567044863236010446869930474064669700603324708469098709719609", "price": "0.77", "size": "2907.79", "side": "BUY", "hash": "cd22163b809b3c2c4a4cf9fe7ca0edec7a628380", "best_bid": "0.77", "best_ask": "0.79"}, {"asset_id": "81620006274912860786542136552485067786112215576828621363441123223528903532039", "price": "0.23", "size": "2907.79", "side": "SELL", "hash": "de3a6fd2c9f404d3b8c5ea0ba475e69b09bdbf95", "best_bid": "0.21", "best_ask": "0.23"}], "timestamp": "1769384467188", "event_type": "price_change"}}
{"_local_timestamp": "2026-01-25T23:41:10.124327+00:00", "data": {"market": "0x5cd62df873dd5f7195c4bdacf30f17b44f0862f0b1914e9cc97dd009b8f47d46", "price_changes": [{"asset_id": "38277422968297124567044863236010446869930474064669700603324708469098709719609", "price": "0.77", "size": "3071.79", "side": "BUY", "hash": "f7bcff9561d2a40b4cb65cc6ffe0976fb5cb6b21", "best_bid": "0.77", "best_ask": "0.79"}, {"asset_id": "81620006274912860786542136552485067786112215576828621363441123223528903532039", "price": "0.23", "size": "3071.79", "side": "SELL", "hash": "a14047cb8bbd680139ebfc75c175c1ccda4992be", "best_bid": "0.21", "best_ask": "0.23"}], "timestamp": "1769384469414", "event_type": "price_change"}}
{"_local_timestamp": "2026-01-25T23:41:13.889306+00:00", "data": {"market": "0x5cd62df873dd5f7195c4bdacf30f17b44f0862f0b1914e9cc97dd009b8f47d46", "price_changes": [{"asset_id": "38277422968297124567044863236010446869930474064669700603324708469098709719609", "price": "0.77", "size": "2907.79", "side": "BUY", "hash": "667144cec79bfa9edf39ef89f0094cf45b5c489e", "best_bid": "0.77", "best_ask": "0.79"}, {"asset_id": "81620006274912860786542136552485067786112215576828621363441123223528903532039", "price": "0.23", "size": "2907.79", "side": "SELL", "hash": "9f5bdd21d6c94158c6bd59a0e90f8a22927e81d4", "best_bid": "0.21", "best_ask": "0.23"}], "timestamp": "1769384473820", "event_type": "price_change"}}
{"_local_timestamp": "2026-01-25T23:41:20.271071+00:00", "data": {"market": "0x5cd62df873dd5f7195c4bdacf30f17b44f0862f0b1914e9cc97dd009b8f47d46", "price_changes": [{"asset_id": "38277422968297124567044863236010446869930474064669700603324708469098709719609", "price": "0.77", "size": "3071.79", "side": "BUY", "hash": "f34b2de3b9544e6d4caad12fa619035767a131a8", "best_bid": "0.77", "best_ask": "0.79"}, {"asset_id": "81620006274912860786542136552485067786112215576828621363441123223528903532039", "price": "0.23", "size": "3071.79", "side": "SELL", "hash": "38da50c555c64890278ea1549f532fbecdcd9ef8", "best_bid": "0.21", "best_ask": "0.23"}], "timestamp": "1769384480190", "event_type": "price_change"}}
{"_local_timestamp": "2026-01-25T23:41:21.135747+00:00", "data": {"market": "0x5cd62df873dd5f7195c4bdacf30f17b44f0862f0b1914e9cc97dd009b8f47d46", "price_changes": [{"asset_id": "38277422968297124567044863236010446869930474064669700603324708469098709719609", "price": "0.77", "size": "2907.79", "side": "BUY", "hash": "46cca599e0520f74bd135f4c8d3998d05ba66fbb", "best_bid": "0.77", "best_ask": "0.79"}, {"asset_id": "81620006274912860786542136552485067786112215576828621363441123223528903532039", "price": "0.23", "size": "2907.79", "side": "SELL", "hash": "bb03d2a1e77bcd65da879bf28075ac434e21a495", "best_bid": "0.21", "best_ask": "0.23"}], "timestamp": "1769384481021", "event_type": "price_change"}}
{"_local_timestamp": "2026-01-25T23:41:28.296573+00:00", "data": {"market": "0xb3e540bed7f05b65dd8ec650207678de22e2ccb3c65f5e6ae3ccefded4361b3c", "price_changes": [{"asset_id": "21676301344285277057798674879566896208374169873577374251409485879776909883018", "price": "0.68", "size": "352", "side": "BUY", "hash": "021bf8cfcf80ad489971e05417b6037fc4f58939", "best_bid": "0.69", "best_ask": "0.7"}, {"asset_id": "13809874271869862836605807588683128507943887680683234293697314933242421192771", "price": "0.32", "size": "352", "side": "SELL", "hash": "84c6ae370044f59e0fca88f35d5f2436b5aa0a6f", "best_bid": "0.3", "best_ask": "0.31"}], "timestamp": "1769384488184", "event_type": "price_change"}}
{"_local_timestamp": "2026-01-25T23:41:28.338125+00:00", "data": {"market": "0x5cd62df873dd5f7195c4bdacf30f17b44f0862f0b1914e9cc97dd009b8f47d46", "price_changes": [{"asset_id": "38277422968297124567044863236010446869930474064669700603324708469098709719609", "price": "0.77", "size": "3071.79", "side": "BUY", "hash": "1fa74e18c2f2ea8398cc9abba256607198d5b1af", "best_bid": "0.77", "best_ask": "0.79"}, {"asset_id": "81620006274912860786542136552485067786112215576828621363441123223528903532039", "price": "0.23", "size": "3071.79", "side": "SELL", "hash": "ea9c16e88c8fc60af01a85a20f01cb0cc820d960", "best_bid": "0.21", "best_ask": "0.23"}], "timestamp": "1769384488270", "event_type": "price_change"}}
{"_local_timestamp": "2026-01-25T23:41:28.758340+00:00", "data": {"market": "0xb3e540bed7f05b65dd8ec650207678de22e2ccb3c65f5e6ae3ccefded4361b3c", "price_changes": [{"asset_id": "21676301344285277057798674879566896208374169873577374251409485879776909883018", "price": "0.68", "size": "516", "side": "BUY", "hash": "37572265cadde662e4f6ae478cd2a8e0bb5728ea", "best_bid": "0.69", "best_ask": "0.7"}, {"asset_id": "13809874271869862836605807588683128507943887680683234293697314933242421192771", "price": "0.32", "size": "516", "side": "SELL", "hash": "4bd23b4f17989e3f14c01a7b2afe7749f745f1d0", "best_bid": "0.3", "best_ask": "0.31"}], "timestamp": "1769384488691", "event_type": "price_change"}}
{"_local_timestamp": "2026-01-25T23:41:28.842123+00:00", "data": {"market": "0x5cd62df873dd5f7195c4bdacf30f17b44f0862f0b1914e9cc97dd009b8f47d46", "price_changes": [{"asset_id": "38277422968297124567044863236010446869930474064669700603324708469098709719609", "price": "0.77", "size": "2907.79", "side": "BUY", "hash": "28da8f9fab8ff0ef3fdd7f9a845413b96cbd1e9b", "best_bid": "0.77", "best_ask": "0.79"}, {"asset_id": "81620006274912860786542136552485067786112215576828621363441123223528903532039", "price": "0.23", "size": "2907.79", "side": "SELL", "hash": "7c67d749c774b231b17f09708d5aafd2d9c96786", "best_bid": "0.21", "best_ask": "0.23"}], "timestamp": "1769384488776", "event_type": "price_change"}}
{"_local_timestamp": "2026-01-25T23:41:34.491435+00:00", "data": {"market": "0xb3e540bed7f05b65dd8ec650207678de22e2ccb3c65f5e6ae3ccefded4361b3c", "price_changes": [{"asset_id": "21676301344285277057798674879566896208374169873577374251409485879776909883018", "price": "0.68", "size": "352", "side": "BUY", "hash": "01c42605218569dfe01bfacb9c9b344f398965bb", "best_bid": "0.69", "best_ask": "0.7"}, {"asset_id": "13809874271869862836605807588683128507943887680683234293697314933242421192771", "price": "0.32", "size": "352", "side": "SELL", "hash": "56ca6f3eb673f73bb9c7f09328712e3f528a338b", "best_bid": "0.3", "best_ask": "0.31"}], "timestamp": "1769384494416", "event_type": "price_change"}}
{"_local_timestamp": "2026-01-25T23:41:37.902797+00:00", "data": {"market": "0x5cd62df873dd5f7195c4bdacf30f17b44f0862f0b1914e9cc97dd009b8f47d46", "price_changes": [{"asset_id": "38277422968297124567044863236010446869930474064669700603324708469098709719609", "price": "0.77", "size": "3071.79", "side": "BUY", "hash": "7c3118efbfc78f64692f18b0e7b5087abfa9f304", "best_bid": "0.77", "best_ask": "0.79"}, {"asset_id": "81620006274912860786542136552485067786112215576828621363441123223528903532039", "price": "0.23", "size": "3071.79", "side": "SELL", "hash": "20f69da07512481c7902a3e13cf82ef5fd47e614", "best_bid": "0.21", "best_ask": "0.23"}], "timestamp": "1769384497829", "event_type": "price_change"}}
{"_local_timestamp": "2026-01-25T23:41:38.091505+00:00", "data": {"market": "0xb3e540bed7f05b65dd8ec650207678de22e2ccb3c65f5e6ae3ccefded4361b3c", "price_changes": [{"asset_id": "21676301344285277057798674879566896208374169873577374251409485879776909883018", "price": "0.68", "size": "516", "side": "BUY", "hash": "11dbb05d98df89271bf1283e57483805085fb3fa", "best_bid": "0.69", "best_ask": "0.7"}, {"asset_id": "13809874271869862836605807588683128507943887680683234293697314933242421192771", "price": "0.32", "size": "516", "side": "SELL", "hash": "5d393600cbb39c33d6e7d8b65e246fb27961bc99", "best_bid": "0.3", "best_ask": "0.31"}], "timestamp": "1769384498010", "event_type": "price_change"}}
{"_local_timestamp": "2026-01-25T23:41:53.209430+00:00", "data": {"market": "0x5cd62df873dd5f7195c4bdacf30f17b44f0862f0b1914e9cc97dd009b8f47d46", "price_changes": [{"asset_id": "38277422968297124567044863236010446869930474064669700603324708469098709719609", "price": "0.08", "size": "0", "side": "BUY", "hash": "52dc819e358967e1a0242e38246b584237c0f97a", "best_bid": "0.77", "best_ask": "0.79"}, {"asset_id": "81620006274912860786542136552485067786112215576828621363441123223528903532039", "price": "0.92", "size": "0", "side": "SELL", "hash": "e55715e32b4329198fabaa787bb745322b3736e6", "best_bid": "0.21", "best_ask": "0.23"}], "timestamp": "1769384512938", "event_type": "price_change"}}
{"_local_timestamp": "2026-01-25T23:41:53.210352+00:00", "data": {"market": "0x689f2bc7ca74f951f5ef5ee46c0b8f5eb4fcf184907dd9f69c19529844d6d416", "price_changes": [{"asset_id": "13688883295678001276792158244036912161301864636922709659029780709987533255655", "price": "0.05", "size": "20", "side": "BUY", "hash": "373fa841bd86d3eb04388343176bbbed1f1b737f", "best_bid": "0.37", "best_ask": "0.4"}, {"asset_id": "38406932137014719642745747955440768125753717099958648412630477673794359665653", "price": "0.95", "size": "20", "side": "SELL", "hash": "8951303ec44c45bdace1e82295d9b1613d60ce1e", "best_bid": "0.6", "best_ask": "0.63"}], "timestamp": "1769384512938", "event_type": "price_change"}}
{"_local_timestamp": "2026-01-25T23:41:53.210842+00:00", "data": {"market": "0x689f2bc7ca74f951f5ef5ee46c0b8f5eb4fcf184907dd9f69c19529844d6d416", "price_changes": [{"asset_id": "13688883295678001276792158244036912161301864636922709659029780709987533255655", "price": "0.02", "size": "25", "side": "BUY", "hash": "373fa841bd86d3eb04388343176bbbed1f1b737f", "best_bid": "0.37", "best_ask": "0.4"}, {"asset_id": "38406932137014719642745747955440768125753717099958648412630477673794359665653", "price": "0.98", "size": "25", "side": "SELL", "hash": "8951303ec44c45bdace1e82295d9b1613d60ce1e", "best_bid": "0.6", "best_ask": "0.63"}], "timestamp": "1769384512938", "event_type": "price_change"}}
{"_local_timestamp": "2026-01-25T23:41:53.211518+00:00", "data": {"market": "0x689f2bc7ca74f951f5ef5ee46c0b8f5eb4fcf184907dd9f69c19529844d6d416", "price_changes": [{"asset_id": "13688883295678001276792158244036912161301864636922709659029780709987533255655", "price": "0.01", "size": "91138.55", "side": "BUY", "hash": "373fa841bd86d3eb04388343176bbbed1f1b737f", "best_bid": "0.37", "best_ask": "0.4"}, {"asset_id": "38406932137014719642745747955440768125753717099958648412630477673794359665653", "price": "0.99", "size": "91138.55", "side": "SELL", "hash": "8951303ec44c45bdace1e82295d9b1613d60ce1e", "best_bid": "0.6", "best_ask": "0.63"}], "timestamp": "1769384512938", "event_type": "price_change"}}
{"_local_timestamp": "2026-01-25T23:41:53.212043+00:00", "data": {"market": "0x3b51467dceaf8571eb9e4cc006b1be943611133e44d9585c91cbc47debac2627", "price_changes": [{"asset_id": "8636272079981793301557198309297943148530912074503036159938727698085195103125", "price": "0.08", "size": "0", "side": "BUY", "hash": "5aeb53461e5fd4ca77d3b3a7d29d11708ea94a24", "best_bid": "0.86", "best_ask": "0.87"}, {"asset_id": "64665882400122406967045532440319085096613133609156314785403503793450026783030", "price": "0.92", "size": "0", "side": "SELL", "hash": "95f3fbdce6e564c229cddba91d6269a19c85be94", "best_bid": "0.13", "best_ask": "0.14"}], "timestamp": "1769384512938", "event_type": "price_change"}}
{"_local_timestamp": "2026-01-25T23:41:53.212531+00:00", "data": {"market": "0x3b51467dceaf8571eb9e4cc006b1be943611133e44d9585c91cbc47debac2627", "price_changes": [{"asset_id": "8636272079981793301557198309297943148530912074503036159938727698085195103125", "price": "0.05", "size": "0", "side": "BUY", "hash": "5aeb53461e5fd4ca77d3b3a7d29d11708ea94a24", "best_bid": "0.86", "best_ask": "0.87"}, {"asset_id": "64665882400122406967045532440319085096613133609156314785403503793450026783030", "price": "0.95", "size": "0", "side": "SELL", "hash": "95f3fbdce6e564c229cddba91d6269a19c85be94", "best_bid": "0.13", "best_ask": "0.14"}], "timestamp": "1769384512938", "event_type": "price_change"}}
{"_local_timestamp": "2026-01-25T23:41:53.212975+00:00", "data": {"market": "0x5cd62df873dd5f7195c4bdacf30f17b44f0862f0b1914e9cc97dd009b8f47d46", "price_changes": [{"asset_id": "81620006274912860786542136552485067786112215576828621363441123223528903532039", "price": "0.01", "size": "85092.94", "side": "BUY", "hash": "d4e62b249b6566c936df59fa2df45949801e72ec", "best_bid": "0.21", "best_ask": "0.23"}, {"asset_id": "38277422968297124567044863236010446869930474064669700603324708469098709719609", "price": "0.99", "size": "85092.94", "side": "SELL", "hash": "621ab71e9cd71146353b79536a81e08f8f6e2e04", "best_bid": "0.77", "best_ask": "0.79"}], "timestamp": "1769384512938", "event_type": "price_change"}}
{"_local_timestamp": "2026-01-25T23:41:53.213447+00:00", "data": {"market": "0x30b64a0a264971acb5a878da76e591d4eba46ec94ccf29a3efb4d2275de9879b", "price_changes": [{"asset_id": "94578379189492106683804466806128880108833141790850950184532667808133837881210", "price": "0.05", "size": "0", "side": "BUY", "hash": "d68f56734bbfae06c94ae42c3b98542009363bd0", "best_bid": "0.95", "best_ask": "0.96"}, {"asset_id": "79873671753091159203838713496689089974558055167116859765689808579056198783311", "price": "0.95", "size": "0", "side": "SELL", "hash": "571b1ec321babfefe0e04694053a16ba2dc9dd2d", "best_bid": "0.04", "best_ask": "0.05"}], "timestamp": "1769384512938", "event_type": "price_change"}}
{"_local_timestamp": "2026-01-25T23:41:53.213897+00:00", "data": {"market": "0x3b51467dceaf8571eb9e4cc006b1be943611133e44d9585c91cbc47debac2627", "price_changes": [{"asset_id": "8636272079981793301557198309297943148530912074503036159938727698085195103125", "price": "0.02", "size": "0", "side": "BUY", "hash": "5aeb53461e5fd4ca77d3b3a7d29d11708ea94a24", "best_bid": "0.86", "best_ask": "0.87"}, {"asset_id": "64665882400122406967045532440319085096613133609156314785403503793450026783030", "price": "0.98", "size": "0", "side": "SELL", "hash": "95f3fbdce6e564c229cddba91d6269a19c85be94", "best_bid": "0.13", "best_ask": "0.14"}], "timestamp": "1769384512938", "event_type": "price_change"}}
{"_local_timestamp": "2026-01-25T23:41:53.214363+00:00", "data": {"market": "0x30b64a0a264971acb5a878da76e591d4eba46ec94ccf29a3efb4d2275de9879b", "price_changes": [{"asset_id": "94578379189492106683804466806128880108833141790850950184532667808133837881210", "price": "0.02", "size": "0", "side": "BUY", "hash": "d68f56734bbfae06c94ae42c3b98542009363bd0", "best_bid": "0.95", "best_ask": "0.96"}, {"asset_id": "79873671753091159203838713496689089974558055167116859765689808579056198783311", "price": "0.98", "size": "0", "side": "SELL", "hash": "571b1ec321babfefe0e04694053a16ba2dc9dd2d", "best_bid": "0.04", "best_ask": "0.05"}], "timestamp": "1769384512938", "event_type": "price_change"}}
{"_local_timestamp": "2026-01-25T23:41:53.215160+00:00", "data": {"market": "0x3b51467dceaf8571eb9e4cc006b1be943611133e44d9585c91cbc47debac2627", "price_changes": [{"asset_id": "8636272079981793301557198309297943148530912074503036159938727698085195103125", "price": "0.01", "size": "85087.94", "side": "BUY", "hash": "5aeb53461e5fd4ca77d3b3a7d29d11708ea94a24", "best_bid": "0.86", "best_ask": "0.87"}, {"asset_id": "64665882400122406967045532440319085096613133609156314785403503793450026783030", "price": "0.99", "size": "85087.94", "side": "SELL", "hash": "95f3fbdce6e564c229cddba91d6269a19c85be94", "best_bid": "0.13", "best_ask": "0.14"}], "timestamp": "1769384512938", "event_type": "price_change"}}
{"_local_timestamp": "2026-01-25T23:41:53.217542+00:00", "data": {"market": "0x30b64a0a264971acb5a878da76e591d4eba46ec94ccf29a3efb4d2275de9879b", "price_changes": [{"asset_id": "94578379189492106683804466806128880108833141790850950184532667808133837881210", "price": "0.08", "size": "0", "side": "BUY", "hash": "d68f56734bbfae06c94ae42c3b98542009363bd0", "best_bid": "0.95", "best_ask": "0.96"}, {"asset_id": "79873671753091159203838713496689089974558055167116859765689808579056198783311", "price": "0.92", "size": "0", "side": "SELL", "hash": "571b1ec321babfefe0e04694053a16ba2dc9dd2d", "best_bid": "0.04", "best_ask": "0.05"}], "timestamp": "1769384512938", "event_type": "price_change"}}
{"_local_timestamp": "2026-01-25T23:41:53.355708+00:00", "data": {"market": "0x689f2bc7ca74f951f5ef5ee46c0b8f5eb4fcf184907dd9f69c19529844d6d416", "price_changes": [{"asset_id": "38406932137014719642745747955440768125753717099958648412630477673794359665653", "price": "0.01", "size": "91183.55", "side": "BUY", "hash": "067218e060c67bb9a273f6a34bef70c355cae8a2", "best_bid": "0.6", "best_ask": "0.63"}, {"asset_id": "13688883295678001276792158244036912161301864636922709659029780709987533255655", "price": "0.99", "size": "91183.55", "side": "SELL", "hash": "84b5a36ba8803594c4ce921540cba60930c2f65f", "best_bid": "0.37", "best_ask": "0.4"}], "timestamp": "1769384512938", "event_type": "price_change"}}
{"_local_timestamp": "2026-01-25T23:41:53.356335+00:00", "data": {"market": "0x30b64a0a264971acb5a878da76e591d4eba46ec94ccf29a3efb4d2275de9879b", "price_changes": [{"asset_id": "94578379189492106683804466806128880108833141790850950184532667808133837881210", "price": "0.01", "size": "91087.05", "side": "BUY", "hash": "d68f56734bbfae06c94ae42c3b98542009363bd0", "best_bid": "0.95", "best_ask": "0.96"}, {"asset_id": "79873671753091159203838713496689089974558055167116859765689808579056198783311", "price": "0.99", "size": "91087.05", "side": "SELL", "hash": "571b1ec321babfefe0e04694053a16ba2dc9dd2d", "best_bid": "0.04", "best_ask": "0.05"}], "timestamp": "1769384512938", "event_type": "price_change"}}
{"_local_timestamp": "2026-01-25T23:41:53.356950+00:00", "data": {"market": "0x689f2bc7ca74f951f5ef5ee46c0b8f5eb4fcf184907dd9f69c19529844d6d416", "price_changes": [{"asset_id": "38406932137014719642745747955440768125753717099958648412630477673794359665653", "price": "0.05", "size": "20", "side": "BUY", "hash": "067218e060c67bb9a273f6a34bef70c355cae8a2", "best_bid": "0.6", "best_ask": "0.63"}, {"asset_id": "13688883295678001276792158244036912161301864636922709659029780709987533255655", "price": "0.95", "size": "20", "side": "SELL", "hash": "84b5a36ba8803594c4ce921540cba60930c2f65f", "best_bid": "0.37", "best_ask": "0.4"}], "timestamp": "1769384512938", "event_type": "price_change"}}
{"_local_timestamp": "2026-01-25T23:41:53.357478+00:00", "data": {"market": "0x689f2bc7ca74f951f5ef5ee46c0b8f5eb4fcf184907dd9f69c19529844d6d416", "price_changes": [{"asset_id": "38406932137014719642745747955440768125753717099958648412630477673794359665653", "price": "0.08", "size": "0", "side": "BUY", "hash": "067218e060c67bb9a273f6a34bef70c355cae8a2", "best_bid": "0.6", "best_ask": "0.63"}, {"asset_id": "13688883295678001276792158244036912161301864636922709659029780709987533255655", "price": "0.92", "size": "0", "side": "SELL", "hash": "84b5a36ba8803594c4ce921540cba60930c2f65f", "best_bid": "0.37", "best_ask": "0.4"}], "timestamp": "1769384512938", "event_type": "price_change"}}
{"_local_timestamp": "2026-01-25T23:41:53.357993+00:00", "data": {"market": "0x689f2bc7ca74f951f5ef5ee46c0b8f5eb4fcf184907dd9f69c19529844d6d416", "price_changes": [{"asset_id": "38406932137014719642745747955440768125753717099958648412630477673794359665653", "price": "0.02", "size": "0", "side": "BUY", "hash": "067218e060c67bb9a273f6a34bef70c355cae8a2", "best_bid": "0.6", "best_ask": "0.63"}, {"asset_id": "13688883295678001276792158244036912161301864636922709659029780709987533255655", "price": "0.98", "size": "0", "side": "SELL", "hash": "84b5a36ba8803594c4ce921540cba60930c2f65f", "best_bid": "0.37", "best_ask": "0.4"}], "timestamp": "1769384512938", "event_type": "price_change"}}
{"_local_timestamp": "2026-01-25T23:41:53.358489+00:00", "data": {"market": "0xb3e540bed7f05b65dd8ec650207678de22e2ccb3c65f5e6ae3ccefded4361b3c", "price_changes": [{"asset_id": "21676301344285277057798674879566896208374169873577374251409485879776909883018", "price": "0.05", "size": "0", "side": "BUY", "hash": "5a62c5f5c60596def87d1055895cec98104b3df0", "best_bid": "0.69", "best_ask": "0.7"}, {"asset_id": "13809874271869862836605807588683128507943887680683234293697314933242421192771", "price": "0.95", "size": "0", "side": "SELL", "hash": "b8c553ba6a7f3ace1325a377a300ae97bc20465a", "best_bid": "0.3", "best_ask": "0.31"}], "timestamp": "1769384512942", "event_type": "price_change"}}
{"_local_timestamp": "2026-01-25T23:41:53.358957+00:00", "data": {"market": "0x5cd62df873dd5f7195c4bdacf30f17b44f0862f0b1914e9cc97dd009b8f47d46", "price_changes": [{"asset_id": "38277422968297124567044863236010446869930474064669700603324708469098709719609", "price": "0.05", "size": "0", "side": "BUY", "hash": "6ffb2306d8c394359a1389054d26c9c64afa12ef", "best_bid": "0.77", "best_ask": "0.79"}, {"asset_id": "81620006274912860786542136552485067786112215576828621363441123223528903532039", "price": "0.95", "size": "0", "side": "SELL", "hash": "d9387b779a0d786a332d3061e5653bfa28d5476a", "best_bid": "0.21", "best_ask": "0.23"}], "timestamp": "1769384512942", "event_type": "price_change"}}
{"_local_timestamp": "2026-01-25T23:41:53.359426+00:00", "data": {"market": "0xb3e540bed7f05b65dd8ec650207678de22e2ccb3c65f5e6ae3ccefded4361b3c", "price_changes": [{"asset_id": "21676301344285277057798674879566896208374169873577374251409485879776909883018", "price": "0.08", "size": "0", "side": "BUY", "hash": "5a62c5f5c60596def87d1055895cec98104b3df0", "best_bid": "0.69", "best_ask": "0.7"}, {"asset_id": "13809874271869862836605807588683128507943887680683234293697314933242421192771", "price": "0.92", "size": "0", "side": "SELL", "hash": "b8c553ba6a7f3ace1325a377a300ae97bc20465a", "best_bid": "0.3", "best_ask": "0.31"}], "timestamp": "1769384512942", "event_type": "price_change"}}
{"_local_timestamp": "2026-01-25T23:41:53.359886+00:00", "data": {"market": "0x5cd62df873dd5f7195c4bdacf30f17b44f0862f0b1914e9cc97dd009b8f47d46", "price_changes": [{"asset_id": "38277422968297124567044863236010446869930474064669700603324708469098709719609", "price": "0.02", "size": "0", "side": "BUY", "hash": "6ffb2306d8c394359a1389054d26c9c64afa12ef", "best_bid": "0.77", "best_ask": "0.79"}, {"asset_id": "81620006274912860786542136552485067786112215576828621363441123223528903532039", "price": "0.98", "size": "0", "side": "SELL", "hash": "d9387b779a0d786a332d3061e5653bfa28d5476a", "best_bid": "0.21", "best_ask": "0.23"}], "timestamp": "1769384512942", "event_type": "price_change"}}
{"_local_timestamp": "2026-01-25T23:41:53.360595+00:00", "data": {"market": "0xb3e540bed7f05b65dd8ec650207678de22e2ccb3c65f5e6ae3ccefded4361b3c", "price_changes": [{"asset_id": "21676301344285277057798674879566896208374169873577374251409485879776909883018", "price": "0.02", "size": "0", "side": "BUY", "hash": "5a62c5f5c60596def87d1055895cec98104b3df0", "best_bid": "0.69", "best_ask": "0.7"}, {"asset_id": "13809874271869862836605807588683128507943887680683234293697314933242421192771", "price": "0.98", "size": "0", "side": "SELL", "hash": "b8c553ba6a7f3ace1325a377a300ae97bc20465a", "best_bid": "0.3", "best_ask": "0.31"}], "timestamp": "1769384512942", "event_type": "price_change"}}
{"_local_timestamp": "2026-01-25T23:41:53.361232+00:00", "data": {"market": "0xfcef865b5029310e23098b7052cf0c9f1a74e25c2ffc467b1762dba454d84d44", "price_changes": [{"asset_id": "73530143346776618068966941239072932088771296017010889161448179656872426721888", "price": "0.02", "size": "0", "side": "BUY", "hash": "2bdf1a86d2529304fd4de12fb8b25d17710596c5", "best_bid": "0.57", "best_ask": "0.59"}, {"asset_id": "42135961816408133329427741739270935785240852940501743547559002335790549112042", "price": "0.98", "size": "0", "side": "SELL", "hash": "6692f23adfc1e33bd580ba8276af2c1cd70d92ee", "best_bid": "0.41", "best_ask": "0.43"}], "timestamp": "1769384512942", "event_type": "price_change"}}
{"_local_timestamp": "2026-01-25T23:41:53.361737+00:00", "data": {"market": "0x5cd62df873dd5f7195c4bdacf30f17b44f0862f0b1914e9cc97dd009b8f47d46", "price_changes": [{"asset_id": "38277422968297124567044863236010446869930474064669700603324708469098709719609", "price": "0.01", "size": "85087.94", "side": "BUY", "hash": "6ffb2306d8c394359a1389054d26c9c64afa12ef", "best_bid": "0.77", "best_ask": "0.79"}, {"asset_id": "81620006274912860786542136552485067786112215576828621363441123223528903532039", "price": "0.99", "size": "85087.94", "side": "SELL", "hash": "d9387b779a0d786a332d3061e5653bfa28d5476a", "best_bid": "0.21", "best_ask": "0.23"}], "timestamp": "1769384512942", "event_type": "price_change"}}
{"_local_timestamp": "2026-01-25T23:41:53.362238+00:00", "data": {"market": "0xfcef865b5029310e23098b7052cf0c9f1a74e25c2ffc467b1762dba454d84d44", "price_changes": [{"asset_id": "73530143346776618068966941239072932088771296017010889161448179656872426721888", "price": "0.05", "size": "0", "side": "BUY", "hash": "2bdf1a86d2529304fd4de12fb8b25d17710596c5", "best_bid": "0.57", "best_ask": "0.59"}, {"asset_id": "42135961816408133329427741739270935785240852940501743547559002335790549112042", "price": "0.95", "size": "0", "side": "SELL", "hash": "6692f23adfc1e33bd580ba8276af2c1cd70d92ee", "best_bid": "0.41", "best_ask": "0.43"}], "timestamp": "1769384512942", "event_type": "price_change"}}
{"_local_timestamp": "2026-01-25T23:41:53.362730+00:00", "data": {"market": "0xfcef865b5029310e23098b7052cf0c9f1a74e25c2ffc467b1762dba454d84d44", "price_changes": [{"asset_id": "73530143346776618068966941239072932088771296017010889161448179656872426721888", "price": "0.08", "size": "0", "side": "BUY", "hash": "2bdf1a86d2529304fd4de12fb8b25d17710596c5", "best_bid": "0.57", "best_ask": "0.59"}, {"asset_id": "42135961816408133329427741739270935785240852940501743547559002335790549112042", "price": "0.92", "size": "0", "side": "SELL", "hash": "6692f23adfc1e33bd580ba8276af2c1cd70d92ee", "best_bid": "0.41", "best_ask": "0.43"}], "timestamp": "1769384512942", "event_type": "price_change"}}
{"_local_timestamp": "2026-01-25T23:41:53.385327+00:00", "data": {"market": "0xfcef865b5029310e23098b7052cf0c9f1a74e25c2ffc467b1762dba454d84d44", "price_changes": [{"asset_id": "73530143346776618068966941239072932088771296017010889161448179656872426721888", "price": "0.01", "size": "85092.94", "side": "BUY", "hash": "2bdf1a86d2529304fd4de12fb8b25d17710596c5", "best_bid": "0.57", "best_ask": "0.59"}, {"asset_id": "42135961816408133329427741739270935785240852940501743547559002335790549112042", "price": "0.99", "size": "85092.94", "side": "SELL", "hash": "6692f23adfc1e33bd580ba8276af2c1cd70d92ee", "best_bid": "0.41", "best_ask": "0.43"}], "timestamp": "1769384512942", "event_type": "price_change"}}
{"_local_timestamp": "2026-01-25T23:41:53.386060+00:00", "data": {"market": "0xb3e540bed7f05b65dd8ec650207678de22e2ccb3c65f5e6ae3ccefded4361b3c", "price_changes": [{"asset_id": "13809874271869862836605807588683128507943887680683234293697314933242421192771", "price": "0.02", "size": "0", "side": "BUY", "hash": "bfb83b0fdbad2527531e0a674bac55a9361e5ee9", "best_bid": "0.3", "best_ask": "0.31"}, {"asset_id": "21676301344285277057798674879566896208374169873577374251409485879776909883018", "price": "0.98", "size": "0", "side": "SELL", "hash": "e277826aa0265225134902ba0286464a32e1a6cc", "best_bid": "0.69", "best_ask": "0.7"}], "timestamp": "1769384512942", "event_type": "price_change"}}
{"_local_timestamp": "2026-01-25T23:41:53.386656+00:00", "data": {"market": "0xfcef865b5029310e23098b7052cf0c9f1a74e25c2ffc467b1762dba454d84d44", "price_changes": [{"asset_id": "42135961816408133329427741739270935785240852940501743547559002335790549112042", "price": "0.02", "size": "0", "side": "BUY", "hash": "99641029f62a17f12cde1af9285fe61e7a75f2ba", "best_bid": "0.41", "best_ask": "0.43"}, {"asset_id": "73530143346776618068966941239072932088771296017010889161448179656872426721888", "price": "0.98", "size": "0", "side": "SELL", "hash": "1a9ab4bb948562d8e4c1bbd0f653c7fde095eee9", "best_bid": "0.57", "best_ask": "0.59"}], "timestamp": "1769384512942", "event_type": "price_change"}}
{"_local_timestamp": "2026-01-25T23:41:53.387227+00:00", "data": {"market": "0xfcef865b5029310e23098b7052cf0c9f1a74e25c2ffc467b1762dba454d84d44", "price_changes": [{"asset_id": "42135961816408133329427741739270935785240852940501743547559002335790549112042", "price": "0.05", "size": "0", "side": "BUY", "hash": "99641029f62a17f12cde1af9285fe61e7a75f2ba", "best_bid": "0.41", "best_ask": "0.43"}, {"asset_id": "73530143346776618068966941239072932088771296017010889161448179656872426721888", "price": "0.95", "size": "0", "side": "SELL", "hash": "1a9ab4bb948562d8e4c1bbd0f653c7fde095eee9", "best_bid": "0.57", "best_ask": "0.59"}], "timestamp": "1769384512942", "event_type": "price_change"}}
{"_local_timestamp": "2026-01-25T23:41:53.387892+00:00", "data": {"market": "0xfcef865b5029310e23098b7052cf0c9f1a74e25c2ffc467b1762dba454d84d44", "price_changes": [{"asset_id": "42135961816408133329427741739270935785240852940501743547559002335790549112042", "price": "0.08", "size": "0", "side": "BUY", "hash": "99641029f62a17f12cde1af9285fe61e7a75f2ba", "best_bid": "0.41", "best_ask": "0.43"}, {"asset_id": "73530143346776618068966941239072932088771296017010889161448179656872426721888", "price": "0.92", "size": "0", "side": "SELL", "hash": "1a9ab4bb948562d8e4c1bbd0f653c7fde095eee9", "best_bid": "0.57", "best_ask": "0.59"}], "timestamp": "1769384512942", "event_type": "price_change"}}
{"_local_timestamp": "2026-01-25T23:41:53.388462+00:00", "data": {"market": "0xfcef865b5029310e23098b7052cf0c9f1a74e25c2ffc467b1762dba454d84d44", "price_changes": [{"asset_id": "42135961816408133329427741739270935785240852940501743547559002335790549112042", "price": "0.01", "size": "85087.94", "side": "BUY", "hash": "99641029f62a17f12cde1af9285fe61e7a75f2ba", "best_bid": "0.41", "best_ask": "0.43"}, {"asset_id": "73530143346776618068966941239072932088771296017010889161448179656872426721888", "price": "0.99", "size": "85087.94", "side": "SELL", "hash": "1a9ab4bb948562d8e4c1bbd0f653c7fde095eee9", "best_bid": "0.57", "best_ask": "0.59"}], "timestamp": "1769384512942", "event_type": "price_change"}}
{"_local_timestamp": "2026-01-25T23:41:57.095677+00:00", "data": {"market": "0x5cd62df873dd5f7195c4bdacf30f17b44f0862f0b1914e9cc97dd009b8f47d46", "price_changes": [{"asset_id": "81620006274912860786542136552485067786112215576828621363441123223528903532039", "price": "0.2", "size": "5394", "side": "BUY", "hash": "aecc041f58ee0e4b3cfe6280c40894ba816af6df", "best_bid": "0.21", "best_ask": "0.23"}, {"asset_id": "38277422968297124567044863236010446869930474064669700603324708469098709719609", "price": "0.8", "size": "5394", "side": "SELL", "hash": "c53dbbb2b8f71abad93e059b1d4cf0dee550bd0d", "best_bid": "0.77", "best_ask": "0.79"}], "timestamp": "1769384517003", "event_type": "price_change"}}
{"_local_timestamp": "2026-01-25T23:41:57.099327+00:00", "data": {"market": "0x5cd62df873dd5f7195c4bdacf30f17b44f0862f0b1914e9cc97dd009b8f47d46", "price_changes": [{"asset_id": "38277422968297124567044863236010446869930474064669700603324708469098709719609", "price": "0.72", "size": "0", "side": "BUY", "hash": "ecb09740016afb22d674e223f010e8182f00c989", "best_bid": "0.77", "best_ask": "0.79"}, {"asset_id": "81620006274912860786542136552485067786112215576828621363441123223528903532039", "price": "0.28", "size": "0", "side": "SELL", "hash": "7db40bd51fc38d4c8ce3ec8bffa41b376036d16d", "best_bid": "0.21", "best_ask": "0.23"}], "timestamp": "1769384517004", "event_type": "price_change"}}
{"_local_timestamp": "2026-01-25T23:41:57.207380+00:00", "data": {"market": "0xb3e540bed7f05b65dd8ec650207678de22e2ccb3c65f5e6ae3ccefded4361b3c", "price_changes": [{"asset_id": "21676301344285277057798674879566896208374169873577374251409485879776909883018", "price": "0.68", "size": "352", "side": "BUY", "hash": "6813d5e1906c9a4c84e617a31fe7b119ceb5a44a", "best_bid": "0.69", "best_ask": "0.7"}, {"asset_id": "13809874271869862836605807588683128507943887680683234293697314933242421192771", "price": "0.32", "size": "352", "side": "SELL", "hash": "0232d2fa256f191aa469c8da80b72ba0fd655479", "best_bid": "0.3", "best_ask": "0.31"}], "timestamp": "1769384517144", "event_type": "price_change"}}
{"_local_timestamp": "2026-01-25T23:41:57.567453+00:00", "data": {"market": "0x5cd62df873dd5f7195c4bdacf30f17b44f0862f0b1914e9cc97dd009b8f47d46", "price_changes": [{"asset_id": "81620006274912860786542136552485067786112215576828621363441123223528903532039", "price": "0.2", "size": "5594", "side": "BUY", "hash": "43fbf4c52d10df5443338f14782b9a545d28ec85", "best_bid": "0.21", "best_ask": "0.23"}, {"asset_id": "38277422968297124567044863236010446869930474064669700603324708469098709719609", "price": "0.8", "size": "5594", "side": "SELL", "hash": "0ec9646ac660b34a458368d1f3dfb562747e4b8c", "best_bid": "0.77", "best_ask": "0.79"}], "timestamp": "1769384517497", "event_type": "price_change"}}
{"_local_timestamp": "2026-01-25T23:41:57.591252+00:00", "data": {"market": "0x5cd62df873dd5f7195c4bdacf30f17b44f0862f0b1914e9cc97dd009b8f47d46", "price_changes": [{"asset_id": "38277422968297124567044863236010446869930474064669700603324708469098709719609", "price": "0.72", "size": "200", "side": "BUY", "hash": "ed7eac557d9bd3e139d417c6c23b886ba2f05ae9", "best_bid": "0.77", "best_ask": "0.79"}, {"asset_id": "81620006274912860786542136552485067786112215576828621363441123223528903532039", "price": "0.28", "size": "200", "side": "SELL", "hash": "9500809e5e913164bb2fcfd0d3768419659277bd", "best_bid": "0.21", "best_ask": "0.23"}], "timestamp": "1769384517520", "event_type": "price_change"}}
{"_local_timestamp": "2026-01-25T23:41:58.280685+00:00", "data": {"market": "0x5cd62df873dd5f7195c4bdacf30f17b44f0862f0b1914e9cc97dd009b8f47d46", "price_changes": [{"asset_id": "38277422968297124567044863236010446869930474064669700603324708469098709719609", "price": "0.77", "size": "2907.79", "side": "BUY", "hash": "c7a1e0e3207de3d6819e59a572e82e8d69948e1f", "best_bid": "0.77", "best_ask": "0.79"}, {"asset_id": "81620006274912860786542136552485067786112215576828621363441123223528903532039", "price": "0.23", "size": "2907.79", "side": "SELL", "hash": "cb62fe30b73dd206a52f83184f0127562f00ea03", "best_bid": "0.21", "best_ask": "0.23"}], "timestamp": "1769384518210", "event_type": "price_change"}}
{"_local_timestamp": "2026-01-25T23:42:00.316189+00:00", "data": {"market": "0xb3e540bed7f05b65dd8ec650207678de22e2ccb3c65f5e6ae3ccefded4361b3c", "price_changes": [{"asset_id": "21676301344285277057798674879566896208374169873577374251409485879776909883018", "price": "0.68", "size": "516", "side": "BUY", "hash": "7ef1778d52d30b25ab692e6b9ae9fc0fe4be09f5", "best_bid": "0.69", "best_ask": "0.7"}, {"asset_id": "13809874271869862836605807588683128507943887680683234293697314933242421192771", "price": "0.32", "size": "516", "side": "SELL", "hash": "1f0e8194dae9379a70b1a1fccd1f1815e27444dc", "best_bid": "0.3", "best_ask": "0.31"}], "timestamp": "1769384520241", "event_type": "price_change"}}
{"_local_timestamp": "2026-01-25T23:42:09.271380+00:00", "data": {"market": "0x5cd62df873dd5f7195c4bdacf30f17b44f0862f0b1914e9cc97dd009b8f47d46", "price_changes": [{"asset_id": "38277422968297124567044863236010446869930474064669700603324708469098709719609", "price": "0.77", "size": "3071.79", "side": "BUY", "hash": "de7a1f98143aa870ffb4a31f2c065fe46e4e8095", "best_bid": "0.77", "best_ask": "0.79"}, {"asset_id": "81620006274912860786542136552485067786112215576828621363441123223528903532039", "price": "0.23", "size": "3071.79", "side": "SELL", "hash": "5f8af541d581424f0a4e68707a406e01931fb9f0", "best_bid": "0.21", "best_ask": "0.23"}], "timestamp": "1769384529200", "event_type": "price_change"}}
{"_local_timestamp": "2026-01-25T23:42:57.984178+00:00", "data": {"market": "0x5cd62df873dd5f7195c4bdacf30f17b44f0862f0b1914e9cc97dd009b8f47d46", "price_changes": [{"asset_id": "38277422968297124567044863236010446869930474064669700603324708469098709719609", "price": "0.72", "size": "400", "side": "BUY", "hash": "33bcacc829db00a925d6cb0698587418fbc8e7d6", "best_bid": "0.77", "best_ask": "0.79"}, {"asset_id": "81620006274912860786542136552485067786112215576828621363441123223528903532039", "price": "0.28", "size": "400", "side": "SELL", "hash": "6e4ca9a26cb3f62790209234bd952009c578a886", "best_bid": "0.21", "best_ask": "0.23"}], "timestamp": "1769384577868", "event_type": "price_change"}}
{"_local_timestamp": "2026-01-25T23:42:58.024682+00:00", "data": {"market": "0x5cd62df873dd5f7195c4bdacf30f17b44f0862f0b1914e9cc97dd009b8f47d46", "price_changes": [{"asset_id": "81620006274912860786542136552485067786112215576828621363441123223528903532039", "price": "0.2", "size": "5794", "side": "BUY", "hash": "959ca580d004c972d8dcedd455b65a54b8c26c92", "best_bid": "0.21", "best_ask": "0.23"}, {"asset_id": "38277422968297124567044863236010446869930474064669700603324708469098709719609", "price": "0.8", "size": "5794", "side": "SELL", "hash": "48dd96f3be3957d23692a53a6ea43ccde639c244", "best_bid": "0.77", "best_ask": "0.79"}], "timestamp": "1769384577923", "event_type": "price_change"}}
{"_local_timestamp": "2026-01-25T23:42:58.098556+00:00", "data": {"market": "0x5cd62df873dd5f7195c4bdacf30f17b44f0862f0b1914e9cc97dd009b8f47d46", "price_changes": [{"asset_id": "38277422968297124567044863236010446869930474064669700603324708469098709719609", "price": "0.72", "size": "200", "side": "BUY", "hash": "cd7b3ded0d1b8b8067e8f2038d5866c4ca5dfcae", "best_bid": "0.77", "best_ask": "0.79"}, {"asset_id": "81620006274912860786542136552485067786112215576828621363441123223528903532039", "price": "0.28", "size": "200", "side": "SELL", "hash": "d2fcb3d12e064b215c3ac651ef88124fa09150c9", "best_bid": "0.21", "best_ask": "0.23"}], "timestamp": "1769384578000", "event_type": "price_change"}}
{"_local_timestamp": "2026-01-25T23:42:58.119757+00:00", "data": {"market": "0x5cd62df873dd5f7195c4bdacf30f17b44f0862f0b1914e9cc97dd009b8f47d46", "price_changes": [{"asset_id": "81620006274912860786542136552485067786112215576828621363441123223528903532039", "price": "0.2", "size": "5594", "side": "BUY", "hash": "b9cc1a701623ca4755e33f64969d00aea65b121d", "best_bid": "0.21", "best_ask": "0.23"}, {"asset_id": "38277422968297124567044863236010446869930474064669700603324708469098709719609", "price": "0.8", "size": "5594", "side": "SELL", "hash": "f6acd810dec3fb40e7abbb371a2fb48ea69095aa", "best_bid": "0.77", "best_ask": "0.79"}], "timestamp": "1769384578002", "event_type": "price_change"}}
{"_local_timestamp": "2026-01-25T23:43:02.257191+00:00", "data": {"market": "0x5cd62df873dd5f7195c4bdacf30f17b44f0862f0b1914e9cc97dd009b8f47d46", "price_changes": [{"asset_id": "38277422968297124567044863236010446869930474064669700603324708469098709719609", "price": "0.77", "size": "2907.79", "side": "BUY", "hash": "389a2f44bdcb6c3a451e1ce3491acdf1d39b6cc4", "best_bid": "0.77", "best_ask": "0.79"}, {"asset_id": "81620006274912860786542136552485067786112215576828621363441123223528903532039", "price": "0.23", "size": "2907.79", "side": "SELL", "hash": "4e4871a9f94cb998922545c682d6f032b593c949", "best_bid": "0.21", "best_ask": "0.23"}], "timestamp": "1769384582126", "event_type": "price_change"}}
{"_local_timestamp": "2026-01-25T23:43:09.491340+00:00", "data": {"market": "0x5cd62df873dd5f7195c4bdacf30f17b44f0862f0b1914e9cc97dd009b8f47d46", "price_changes": [{"asset_id": "38277422968297124567044863236010446869930474064669700603324708469098709719609", "price": "0.77", "size": "3072.79", "side": "BUY", "hash": "cce6a0d47d658511e9adab6db0ee019acc1f9ae4", "best_bid": "0.77", "best_ask": "0.79"}, {"asset_id": "81620006274912860786542136552485067786112215576828621363441123223528903532039", "price": "0.23", "size": "3072.79", "side": "SELL", "hash": "7b149d5f2a56d931dfa29905eb974f6ed52b575a", "best_bid": "0.21", "best_ask": "0.23"}], "timestamp": "1769384589395", "event_type": "price_change"}}
{"_local_timestamp": "2026-01-25T23:43:09.492187+00:00", "data": {"market": "0xb3e540bed7f05b65dd8ec650207678de22e2ccb3c65f5e6ae3ccefded4361b3c", "price_changes": [{"asset_id": "13809874271869862836605807588683128507943887680683234293697314933242421192771", "price": "0.29", "size": "2875.34", "side": "BUY", "hash": "8d26ecc5c8042cc1be3ffe07a83b66ebea631624", "best_bid": "0.3", "best_ask": "0.31"}, {"asset_id": "21676301344285277057798674879566896208374169873577374251409485879776909883018", "price": "0.71", "size": "2875.34", "side": "SELL", "hash": "39e571f492b387846a3de80f4de0c12036f40abc", "best_bid": "0.69", "best_ask": "0.7"}], "timestamp": "1769384589395", "event_type": "price_change"}}
{"_local_timestamp": "2026-01-25T23:43:09.498389+00:00", "data": {"market": "0xb3e540bed7f05b65dd8ec650207678de22e2ccb3c65f5e6ae3ccefded4361b3c", "price_changes": [{"asset_id": "21676301344285277057798674879566896208374169873577374251409485879776909883018", "price": "0.69", "size": "2520.05", "side": "BUY", "hash": "c4852c53fb10f5a4c1123795fb82eefff38641c5", "best_bid": "0.69", "best_ask": "0.7"}, {"asset_id": "13809874271869862836605807588683128507943887680683234293697314933242421192771", "price": "0.31", "size": "2520.05", "side": "SELL", "hash": "100d9a122bdd70d847a9160a77424d38ae5210c0", "best_bid": "0.3", "best_ask": "0.31"}], "timestamp": "1769384589396", "event_type": "price_change"}}
{"_local_timestamp": "2026-01-25T23:43:09.505052+00:00", "data": {"market": "0xb3e540bed7f05b65dd8ec650207678de22e2ccb3c65f5e6ae3ccefded4361b3c", "price_changes": [{"asset_id": "13809874271869862836605807588683128507943887680683234293697314933242421192771", "price": "0.3", "size": "0", "side": "BUY", "hash": "e5538264d8b9622d52326142fd232c2ed3437f28", "best_bid": "0.29", "best_ask": "0.31"}, {"asset_id": "21676301344285277057798674879566896208374169873577374251409485879776909883018", "price": "0.7", "size": "0", "side": "SELL", "hash": "840d5a4ccc4ceabf4564194bd367f4e1057313e8", "best_bid": "0.69", "best_ask": "0.71"}], "timestamp": "1769384589399", "event_type": "price_change"}}
{"_local_timestamp": "2026-01-25T23:43:09.685464+00:00", "data": {"market": "0xfcef865b5029310e23098b7052cf0c9f1a74e25c2ffc467b1762dba454d84d44", "price_changes": [{"asset_id": "42135961816408133329427741739270935785240852940501743547559002335790549112042", "price": "0.42", "size": "2728.57", "side": "BUY", "hash": "cb90280843bb2ef0c917c231a953afe1550da33d", "best_bid": "0.42", "best_ask": "0.43"}, {"asset_id": "73530143346776618068966941239072932088771296017010889161448179656872426721888", "price": "0.58", "size": "2728.57", "side": "SELL", "hash": "ab5642ce6d03febf8601f307bde36d00434047c5", "best_bid": "0.57", "best_ask": "0.58"}], "timestamp": "1769384589573", "event_type": "price_change"}}
{"_local_timestamp": "2026-01-25T23:43:09.833571+00:00", "data": {"market": "0xfcef865b5029310e23098b7052cf0c9f1a74e25c2ffc467b1762dba454d84d44", "price_changes": [{"asset_id": "42135961816408133329427741739270935785240852940501743547559002335790549112042", "price": "0.42", "size": "2827.57", "side": "BUY", "hash": "4cee3fed380d535b8043ce741d50d2b22259679e", "best_bid": "0.42", "best_ask": "0.43"}, {"asset_id": "73530143346776618068966941239072932088771296017010889161448179656872426721888", "price": "0.58", "size": "2827.57", "side": "SELL", "hash": "fcdee4214ff1b3690c9360cd60db2ba81581b1bf", "best_bid": "0.57", "best_ask": "0.58"}], "timestamp": "1769384589740", "event_type": "price_change"}}
{"_local_timestamp": "2026-01-25T23:43:09.842877+00:00", "data": {"market": "0xfcef865b5029310e23098b7052cf0c9f1a74e25c2ffc467b1762dba454d84d44", "price_changes": [{"asset_id": "42135961816408133329427741739270935785240852940501743547559002335790549112042", "price": "0.41", "size": "3469.54", "side": "BUY", "hash": "94ca2ef7a12090ad8b28250471e36fd746483751", "best_bid": "0.42", "best_ask": "0.43"}, {"asset_id": "73530143346776618068966941239072932088771296017010889161448179656872426721888", "price": "0.59", "size": "3469.54", "side": "SELL", "hash": "d06ca44eefd0c87f2b7c19abda9985163c8c66fc", "best_bid": "0.57", "best_ask": "0.58"}], "timestamp": "1769384589743", "event_type": "price_change"}}
{"_local_timestamp": "2026-01-25T23:43:09.857087+00:00", "data": {"market": "0xb3e540bed7f05b65dd8ec650207678de22e2ccb3c65f5e6ae3ccefded4361b3c", "price_changes": [{"asset_id": "21676301344285277057798674879566896208374169873577374251409485879776909883018", "price": "0.68", "size": "352", "side": "BUY", "hash": "78ea195fb70a1e32ea4d3867f2f0fc5f5cea14ae", "best_bid": "0.69", "best_ask": "0.71"}, {"asset_id": "13809874271869862836605807588683128507943887680683234293697314933242421192771", "price": "0.32", "size": "352", "side": "SELL", "hash": "3bfd09d557e6fe4db8b8b65736c7dd3be0fd06c9", "best_bid": "0.29", "best_ask": "0.31"}], "timestamp": "1769384589764", "event_type": "price_change"}}
{"_local_timestamp": "2026-01-25T23:43:09.866662+00:00", "data": {"market": "0xfcef865b5029310e23098b7052cf0c9f1a74e25c2ffc467b1762dba454d84d44", "price_changes": [{"asset_id": "42135961816408133329427741739270935785240852940501743547559002335790549112042", "price": "0.39", "size": "8203.11", "side": "BUY", "hash": "e6b5947535c51dd971a01007fa8e0675c89ecfaa", "best_bid": "0.42", "best_ask": "0.43"}, {"asset_id": "73530143346776618068966941239072932088771296017010889161448179656872426721888", "price": "0.61", "size": "8203.11", "side": "SELL", "hash": "c061ede4106b500c6e8338cc16e832daf0af1a0a", "best_bid": "0.57", "best_ask": "0.58"}], "timestamp": "1769384589766", "event_type": "price_change"}}
{"_local_timestamp": "2026-01-25T23:43:09.956749+00:00", "data": {"market": "0x689f2bc7ca74f951f5ef5ee46c0b8f5eb4fcf184907dd9f69c19529844d6d416", "price_changes": [{"asset_id": "13688883295678001276792158244036912161301864636922709659029780709987533255655", "price": "0.36", "size": "247", "side": "BUY", "hash": "3219eeb342f654249c4f8cd8e18aae12f84c2c17", "best_bid": "0.37", "best_ask": "0.4"}, {"asset_id": "38406932137014719642745747955440768125753717099958648412630477673794359665653", "price": "0.64", "size": "247", "side": "SELL", "hash": "47b927f000fe33645983474c3ad5336f3c022401", "best_bid": "0.6", "best_ask": "0.63"}], "timestamp": "1769384589858", "event_type": "price_change"}}
{"_local_timestamp": "2026-01-25T23:43:09.960357+00:00", "data": {"market": "0x689f2bc7ca74f951f5ef5ee46c0b8f5eb4fcf184907dd9f69c19529844d6d416", "price_changes": [{"asset_id": "13688883295678001276792158244036912161301864636922709659029780709987533255655", "price": "0.37", "size": "0", "side": "BUY", "hash": "c7219c3427e6b17463098e21d3e9b98ed1ef82d3", "best_bid": "0.36", "best_ask": "0.4"}, {"asset_id": "38406932137014719642745747955440768125753717099958648412630477673794359665653", "price": "0.63", "size": "0", "side": "SELL", "hash": "45c711dfc5a88b935122298ad27121ad4a4e8810", "best_bid": "0.6", "best_ask": "0.64"}], "timestamp": "1769384589862", "event_type": "price_change"}}
{"_local_timestamp": "2026-01-25T23:43:10.053011+00:00", "data": {"market": "0xfcef865b5029310e23098b7052cf0c9f1a74e25c2ffc467b1762dba454d84d44", "price_changes": [{"asset_id": "42135961816408133329427741739270935785240852940501743547559002335790549112042", "price": "0.42", "size": "2991.57", "side": "BUY", "hash": "0b71e53bb752a8a06f67165ca11a7d732da59030", "best_bid": "0.42", "best_ask": "0.43"}, {"asset_id": "73530143346776618068966941239072932088771296017010889161448179656872426721888", "price": "0.58", "size": "2991.57", "side": "SELL", "hash": "4fe8617745bec3c8b61e46cd20316a9342fa841c", "best_bid": "0.57", "best_ask": "0.58"}], "timestamp": "1769384589953", "event_type": "price_change"}}
{"_local_timestamp": "2026-01-25T23:43:10.150348+00:00", "data": {"market": "0xfcef865b5029310e23098b7052cf0c9f1a74e25c2ffc467b1762dba454d84d44", "price_changes": [{"asset_id": "73530143346776618068966941239072932088771296017010889161448179656872426721888", "price": "0.57", "size": "0", "side": "BUY", "hash": "b9b1f43058853f30ff2bbdccad1eeac1f28e85df", "best_bid": "0.56", "best_ask": "0.58"}, {"asset_id": "42135961816408133329427741739270935785240852940501743547559002335790549112042", "price": "0.43", "size": "0", "side": "SELL", "hash": "728a3db3eedc7fa567f6e3217dc408cdc59b6c0b", "best_bid": "0.42", "best_ask": "0.44"}], "timestamp": "1769384590049", "event_type": "price_change"}}
{"_local_timestamp": "2026-01-25T23:43:10.151095+00:00", "data": {"market": "0xfcef865b5029310e23098b7052cf0c9f1a74e25c2ffc467b1762dba454d84d44", "price_changes": [{"asset_id": "73530143346776618068966941239072932088771296017010889161448179656872426721888", "price": "0.56", "size": "10098.82", "side": "BUY", "hash": "cd58ba005d6e467612524049ac092ec3c76fa4f4", "best_bid": "0.56", "best_ask": "0.58"}, {"asset_id": "42135961816408133329427741739270935785240852940501743547559002335790549112042", "price": "0.44", "size": "10098.82", "side": "SELL", "hash": "4bf19a687e778111b624d285c505004b3732c7b1", "best_bid": "0.42", "best_ask": "0.44"}], "timestamp": "1769384590050", "event_type": "price_change"}}
{"_local_timestamp": "2026-01-25T23:43:10.430789+00:00", "data": {"market": "0xfcef865b5029310e23098b7052cf0c9f1a74e25c2ffc467b1762dba454d84d44", "price_changes": [{"asset_id": "42135961816408133329427741739270935785240852940501743547559002335790549112042", "price": "0.41", "size": "3340.54", "side": "BUY", "hash": "7e5f5d27eafe0e6b2338e8e23bc7c4011a2673db", "best_bid": "0.42", "best_ask": "0.44"}, {"asset_id": "73530143346776618068966941239072932088771296017010889161448179656872426721888", "price": "0.59", "size": "3340.54", "side": "SELL", "hash": "b5fb5eb1bbe59fdc9eb5dfdc224ec4943e6d1a09", "best_bid": "0.56", "best_ask": "0.58"}], "timestamp": "1769384590326", "event_type": "price_change"}}
{"_local_timestamp": "2026-01-25T23:43:10.874517+00:00", "data": {"market": "0x3b51467dceaf8571eb9e4cc006b1be943611133e44d9585c91cbc47debac2627", "price_changes": [{"asset_id": "8636272079981793301557198309297943148530912074503036159938727698085195103125", "price": "0.83", "size": "2167", "side": "BUY", "hash": "290fd6b7178e2cd006646090d5fce95a894a3afd", "best_bid": "0.86", "best_ask": "0.87"}, {"asset_id": "64665882400122406967045532440319085096613133609156314785403503793450026783030", "price": "0.17", "size": "2167", "side": "SELL", "hash": "0720cd86f85689bb9dfd18ea1c091c032613ebd1", "best_bid": "0.13", "best_ask": "0.14"}], "timestamp": "1769384590766", "event_type": "price_change"}}
{"_local_timestamp": "2026-01-25T23:43:10.977127+00:00", "data": {"market": "0xb3e540bed7f05b65dd8ec650207678de22e2ccb3c65f5e6ae3ccefded4361b3c", "price_changes": [{"asset_id": "13809874271869862836605807588683128507943887680683234293697314933242421192771", "price": "0.28", "size": "7609.11", "side": "BUY", "hash": "2b638d78ddb7f29cd033b584cc5befd24737a903", "best_bid": "0.29", "best_ask": "0.31"}, {"asset_id": "21676301344285277057798674879566896208374169873577374251409485879776909883018", "price": "0.72", "size": "7609.11", "side": "SELL", "hash": "004a13517b6f9a8be3eca8b719cb5ab8c5736108", "best_bid": "0.69", "best_ask": "0.71"}], "timestamp": "1769384590864", "event_type": "price_change"}}
{"_local_timestamp": "2026-01-25T23:43:10.977825+00:00", "data": {"market": "0xb3e540bed7f05b65dd8ec650207678de22e2ccb3c65f5e6ae3ccefded4361b3c", "price_changes": [{"asset_id": "21676301344285277057798674879566896208374169873577374251409485879776909883018", "price": "0.01", "size": "6090.61", "side": "BUY", "hash": "7327380d3fa00a41169c23f816e871bb99a0dcb8", "best_bid": "0.69", "best_ask": "0.71"}, {"asset_id": "13809874271869862836605807588683128507943887680683234293697314933242421192771", "price": "0.99", "size": "6090.61", "side": "SELL", "hash": "f107b119d4cd070a88faa1feb9c564becd9b1086", "best_bid": "0.29", "best_ask": "0.31"}], "timestamp": "1769384590865", "event_type": "price_change"}}
{"_local_timestamp": "2026-01-25T23:43:10.978446+00:00", "data": {"market": "0xb3e540bed7f05b65dd8ec650207678de22e2ccb3c65f5e6ae3ccefded4361b3c", "price_changes": [{"asset_id": "13809874271869862836605807588683128507943887680683234293697314933242421192771", "price": "0.01", "size": "25095.61", "side": "BUY", "hash": "f298536f3b5c6578203e6dfd2f36e8fa7b744174", "best_bid": "0.29", "best_ask": "0.31"}, {"asset_id": "21676301344285277057798674879566896208374169873577374251409485879776909883018", "price": "0.99", "size": "25095.61", "side": "SELL", "hash": "974e86b483d715aace931df402adcfbdfe9181b0", "best_bid": "0.69", "best_ask": "0.71"}], "timestamp": "1769384590865", "event_type": "price_change"}}
{"_local_timestamp": "2026-01-25T23:43:10.979157+00:00", "data": {"market": "0xb3e540bed7f05b65dd8ec650207678de22e2ccb3c65f5e6ae3ccefded4361b3c", "price_changes": [{"asset_id": "21676301344285277057798674879566896208374169873577374251409485879776909883018", "price": "0.67", "size": "7579.11", "side": "BUY", "hash": "075ba27163aa53b3d5181ed27d0bae59d4cf38f9", "best_bid": "0.69", "best_ask": "0.71"}, {"asset_id": "13809874271869862836605807588683128507943887680683234293697314933242421192771", "price": "0.33", "size": "7579.11", "side": "SELL", "hash": "a8e6f4b133dabbf3405dcc9cb2a74c3e4a89c1d9", "best_bid": "0.29", "best_ask": "0.31"}], "timestamp": "1769384590866", "event_type": "price_change"}}
{"_local_timestamp": "2026-01-25T23:43:10.979840+00:00", "data": {"market": "0xb3e540bed7f05b65dd8ec650207678de22e2ccb3c65f5e6ae3ccefded4361b3c", "price_changes": [{"asset_id": "13809874271869862836605807588683128507943887680683234293697314933242421192771", "price": "0.01", "size": "31094.72", "side": "BUY", "hash": "f38f968fc0d14363fe5fdf2c364f6d9094d1f902", "best_bid": "0.29", "best_ask": "0.31"}, {"asset_id": "21676301344285277057798674879566896208374169873577374251409485879776909883018", "price": "0.99", "size": "31094.72", "side": "SELL", "hash": "4ffa05c58f94532c6a2b1224a90ecc037030838d", "best_bid": "0.69", "best_ask": "0.71"}], "timestamp": "1769384590867", "event_type": "price_change"}}
{"_local_timestamp": "2026-01-25T23:43:10.985371+00:00", "data": {"market": "0xb3e540bed7f05b65dd8ec650207678de22e2ccb3c65f5e6ae3ccefded4361b3c", "price_changes": [{"asset_id": "21676301344285277057798674879566896208374169873577374251409485879776909883018", "price": "0.01", "size": "31089.72", "side": "BUY", "hash": "ea8c5d69165e97433072cb6395c09056750cfe03", "best_bid": "0.69", "best_ask": "0.71"}, {"asset_id": "13809874271869862836605807588683128507943887680683234293697314933242421192771", "price": "0.99", "size": "31089.72", "side": "SELL", "hash": "23238414f707d340716d7b04e63889425608cb84", "best_bid": "0.29", "best_ask": "0.31"}], "timestamp": "1769384590867", "event_type": "price_change"}}
{"_local_timestamp": "2026-01-25T23:43:10.986121+00:00", "data": {"market": "0xb3e540bed7f05b65dd8ec650207678de22e2ccb3c65f5e6ae3ccefded4361b3c", "price_changes": [{"asset_id": "13809874271869862836605807588683128507943887680683234293697314933242421192771", "price": "0.01", "size": "72093.83", "side": "BUY", "hash": "ed8a0fd11dc9ec960055eb1ad39df6ec61b9f9d9", "best_bid": "0.29", "best_ask": "0.31"}, {"asset_id": "21676301344285277057798674879566896208374169873577374251409485879776909883018", "price": "0.99", "size": "72093.83", "side": "SELL", "hash": "060c9a88bb4ae192be748560137a2629fa6d2158", "best_bid": "0.69", "best_ask": "0.71"}], "timestamp": "1769384590868", "event_type": "price_change"}}
{"_local_timestamp": "2026-01-25T23:43:10.986740+00:00", "data": {"market": "0xb3e540bed7f05b65dd8ec650207678de22e2ccb3c65f5e6ae3ccefded4361b3c", "price_changes": [{"asset_id": "13809874271869862836605807588683128507943887680683234293697314933242421192771", "price": "0.01", "size": "85092.94", "side": "BUY", "hash": "2f30bd83b1df0dfd941f21048824cfe89c97cf52", "best_bid": "0.29", "best_ask": "0.31"}, {"asset_id": "21676301344285277057798674879566896208374169873577374251409485879776909883018", "price": "0.99", "size": "85092.94", "side": "SELL", "hash": "27b16048dd8236ee57a0d1a2b33cbbf147b6aac4", "best_bid": "0.69", "best_ask": "0.71"}], "timestamp": "1769384590869", "event_type": "price_change"}}
{"_local_timestamp": "2026-01-25T23:43:10.987349+00:00", "data": {"market": "0xb3e540bed7f05b65dd8ec650207678de22e2ccb3c65f5e6ae3ccefded4361b3c", "price_changes": [{"asset_id": "13809874271869862836605807588683128507943887680683234293697314933242421192771", "price": "0.27", "size": "8627.11", "side": "BUY", "hash": "fa18bf7d8437c7c797188ac8b63eefa6c8c708ab", "best_bid": "0.29", "best_ask": "0.31"}, {"asset_id": "21676301344285277057798674879566896208374169873577374251409485879776909883018", "price": "0.73", "size": "8627.11", "side": "SELL", "hash": "981ad28bdc5c8c8931baf915d833363075e7dc18", "best_bid": "0.69", "best_ask": "0.71"}], "timestamp": "1769384590870", "event_type": "price_change"}}
{"_local_timestamp": "2026-01-25T23:43:10.988009+00:00", "data": {"market": "0xb3e540bed7f05b65dd8ec650207678de22e2ccb3c65f5e6ae3ccefded4361b3c", "price_changes": [{"asset_id": "21676301344285277057798674879566896208374169873577374251409485879776909883018", "price": "0.01", "size": "72088.83", "side": "BUY", "hash": "512607ee782090b733b4ba853bde23e3b601aea0", "best_bid": "0.69", "best_ask": "0.71"}, {"asset_id": "13809874271869862836605807588683128507943887680683234293697314933242421192771", "price": "0.99", "size": "72088.83", "side": "SELL", "hash": "a7259517a4c0456ef8689e1f688535093d404c1c", "best_bid": "0.29", "best_ask": "0.31"}], "timestamp": "1769384590870", "event_type": "price_change"}}
{"_local_timestamp": "2026-01-25T23:43:10.988614+00:00", "data": {"market": "0xb3e540bed7f05b65dd8ec650207678de22e2ccb3c65f5e6ae3ccefded4361b3c", "price_changes": [{"asset_id": "21676301344285277057798674879566896208374169873577374251409485879776909883018", "price": "0.01", "size": "85087.94", "side": "BUY", "hash": "2355bfecf57d8b40f35fc8847eb2ccb30fc161b1", "best_bid": "0.69", "best_ask": "0.71"}, {"asset_id": "13809874271869862836605807588683128507943887680683234293697314933242421192771", "price": "0.99", "size": "85087.94", "side": "SELL", "hash": "f2bde43af0e52b32718a8706aba3315a367f7056", "best_bid": "0.29", "best_ask": "0.31"}], "timestamp": "1769384590871", "event_type": "price_change"}}
{"_local_timestamp": "2026-01-25T23:43:11.003616+00:00", "data": {"market": "0x3b51467dceaf8571eb9e4cc006b1be943611133e44d9585c91cbc47debac2627", "price_changes": [{"asset_id": "8636272079981793301557198309297943148530912074503036159938727698085195103125", "price": "0.84", "size": "8612.11", "side": "BUY", "hash": "3827368248b0d5e298a4ad8a6686ee611f988502", "best_bid": "0.86", "best_ask": "0.87"}, {"asset_id": "64665882400122406967045532440319085096613133609156314785403503793450026783030", "price": "0.16", "size": "8612.11", "side": "SELL", "hash": "1be66d83378f6dc88f8ce5407b1173669d4b743e", "best_bid": "0.13", "best_ask": "0.14"}], "timestamp": "1769384590890", "event_type": "price_change"}}
{"_local_timestamp": "2026-01-25T23:43:11.207392+00:00", "data": {"market": "0xb3e540bed7f05b65dd8ec650207678de22e2ccb3c65f5e6ae3ccefded4361b3c", "price_changes": [{"asset_id": "21676301344285277057798674879566896208374169873577374251409485879776909883018", "price": "0.66", "size": "8465.11", "side": "BUY", "hash": "85a41b67227e8cdc94913aad16b4632807cf313a", "best_bid": "0.69", "best_ask": "0.71"}, {"asset_id": "13809874271869862836605807588683128507943887680683234293697314933242421192771", "price": "0.34", "size": "8465.11", "side": "SELL", "hash": "2487c25b03c08c122772f4eb4410d7ef33b7b355", "best_bid": "0.29", "best_ask": "0.31"}], "timestamp": "1769384591099", "event_type": "price_change"}}
{"_local_timestamp": "2026-01-25T23:43:11.247377+00:00", "data": {"market": "0xb3e540bed7f05b65dd8ec650207678de22e2ccb3c65f5e6ae3ccefded4361b3c", "price_changes": [{"asset_id": "21676301344285277057798674879566896208374169873577374251409485879776909883018", "price": "0.66", "size": "8067.11", "side": "BUY", "hash": "61ae05c9c453cfbfb994dfd72e14a7343ec8577a", "best_bid": "0.69", "best_ask": "0.71"}, {"asset_id": "13809874271869862836605807588683128507943887680683234293697314933242421192771", "price": "0.34", "size": "8067.11", "side": "SELL", "hash": "7a92c8ad6c882bef7bcb2b2325798a9b02aca4ee", "best_bid": "0.29", "best_ask": "0.31"}], "timestamp": "1769384591142", "event_type": "price_change"}}
{"_local_timestamp": "2026-01-25T23:43:11.358041+00:00", "data": {"market": "0xb3e540bed7f05b65dd8ec650207678de22e2ccb3c65f5e6ae3ccefded4361b3c", "price_changes": [{"asset_id": "21676301344285277057798674879566896208374169873577374251409485879776909883018", "price": "0.67", "size": "7971.11", "side": "BUY", "hash": "d476fe3220e67c5381aa2548a4a3961c30d0c64c", "best_bid": "0.69", "best_ask": "0.71"}, {"asset_id": "13809874271869862836605807588683128507943887680683234293697314933242421192771", "price": "0.33", "size": "7971.11", "side": "SELL", "hash": "2c4500a25a6fcb7d30ba6e05177eed7c60699dd5", "best_bid": "0.29", "best_ask": "0.31"}], "timestamp": "1769384591257", "event_type": "price_change"}}
{"_local_timestamp": "2026-01-25T23:43:12.626573+00:00", "data": {"market": "0xfcef865b5029310e23098b7052cf0c9f1a74e25c2ffc467b1762dba454d84d44", "price_changes": [{"asset_id": "73530143346776618068966941239072932088771296017010889161448179656872426721888", "price": "0.56", "size": "10218.82", "side": "BUY", "hash": "d8ca8ef8f36dacb5dc2f46e5c7d4b14d17ce2451", "best_bid": "0.56", "best_ask": "0.58"}, {"asset_id": "42135961816408133329427741739270935785240852940501743547559002335790549112042", "price": "0.44", "size": "10218.82", "side": "SELL", "hash": "c0f004fb8d6638a26c1fe379b9d0fff16cf907a4", "best_bid": "0.42", "best_ask": "0.44"}], "timestamp": "1769384592507", "event_type": "price_change"}}
{"_local_timestamp": "2026-01-25T23:43:18.251866+00:00", "data": {"market": "0xfcef865b5029310e23098b7052cf0c9f1a74e25c2ffc467b1762dba454d84d44", "price_changes": [{"asset_id": "73530143346776618068966941239072932088771296017010889161448179656872426721888", "price": "0.57", "size": "164", "side": "BUY", "hash": "eec2a9cc5da41ab8d94abd6587c31d3f00dec10b", "best_bid": "0.57", "best_ask": "0.58"}, {"asset_id": "42135961816408133329427741739270935785240852940501743547559002335790549112042", "price": "0.43", "size": "164", "side": "SELL", "hash": "e2c38722729a278141ddaec96bcdc18c9c1a5fc6", "best_bid": "0.42", "best_ask": "0.43"}], "timestamp": "1769384598133", "event_type": "price_change"}}
{"_local_timestamp": "2026-01-25T23:43:18.582971+00:00", "data": {"market": "0xfcef865b5029310e23098b7052cf0c9f1a74e25c2ffc467b1762dba454d84d44", "price_changes": [{"asset_id": "73530143346776618068966941239072932088771296017010889161448179656872426721888", "price": "0.56", "size": "10054.82", "side": "BUY", "hash": "9e419d40b0db121e2bfcc2d1e0ca907ac7d37fab", "best_bid": "0.57", "best_ask": "0.58"}, {"asset_id": "42135961816408133329427741739270935785240852940501743547559002335790549112042", "price": "0.44", "size": "10054.82", "side": "SELL", "hash": "1cd48357fdca5d50a56e805f8a95be5ec569acd6", "best_bid": "0.42", "best_ask": "0.43"}], "timestamp": "1769384598466", "event_type": "price_change"}}
{"_local_timestamp": "2026-01-25T23:43:19.384949+00:00", "data": {"market": "0xfcef865b5029310e23098b7052cf0c9f1a74e25c2ffc467b1762dba454d84d44", "price_changes": [{"asset_id": "42135961816408133329427741739270935785240852940501743547559002335790549112042", "price": "0.42", "size": "2827.57", "side": "BUY", "hash": "85e7e05a0259e6944999f7eed3f07b23ba2678e3", "best_bid": "0.42", "best_ask": "0.43"}, {"asset_id": "73530143346776618068966941239072932088771296017010889161448179656872426721888", "price": "0.58", "size": "2827.57", "side": "SELL", "hash": "67ed2b95e80b1b909f9d80ee162dcf47467885fa", "best_bid": "0.57", "best_ask": "0.58"}], "timestamp": "1769384599250", "event_type": "price_change"}}
{"_local_timestamp": "2026-01-25T23:43:20.068430+00:00", "data": {"market": "0xfcef865b5029310e23098b7052cf0c9f1a74e25c2ffc467b1762dba454d84d44", "price_changes": [{"asset_id": "42135961816408133329427741739270935785240852940501743547559002335790549112042", "price": "0.41", "size": "3504.54", "side": "BUY", "hash": "860757b5e194baf5ed0985d1aff306b8feacb91b", "best_bid": "0.42", "best_ask": "0.43"}, {"asset_id": "73530143346776618068966941239072932088771296017010889161448179656872426721888", "price": "0.59", "size": "3504.54", "side": "SELL", "hash": "aac9ae9956b4a0db66e4a65ad0c97fe952e2ea86", "best_bid": "0.57", "best_ask": "0.58"}], "timestamp": "1769384599953", "event_type": "price_change"}}
{"_local_timestamp": "2026-01-25T23:43:24.076067+00:00", "data": {"market": "0xfcef865b5029310e23098b7052cf0c9f1a74e25c2ffc467b1762dba454d84d44", "price_changes": [{"asset_id": "42135961816408133329427741739270935785240852940501743547559002335790549112042", "price": "0.41", "size": "3340.54", "side": "BUY", "hash": "b34d23d17d45f5a0adf1ab690d2fdf433923da45", "best_bid": "0.42", "best_ask": "0.43"}, {"asset_id": "73530143346776618068966941239072932088771296017010889161448179656872426721888", "price": "0.59", "size": "3340.54", "side": "SELL", "hash": "7994909202cdc06e703657edf7434f0020c4f916", "best_bid": "0.57", "best_ask": "0.58"}], "timestamp": "1769384603941", "event_type": "price_change"}}
{"_local_timestamp": "2026-01-25T23:43:24.104515+00:00", "data": {"market": "0xfcef865b5029310e23098b7052cf0c9f1a74e25c2ffc467b1762dba454d84d44", "price_changes": [{"asset_id": "73530143346776618068966941239072932088771296017010889161448179656872426721888", "price": "0.01", "size": "91092.05", "side": "BUY", "hash": "d7ee637d95da715b4ed961df3eeeb508eeb66d60", "best_bid": "0.57", "best_ask": "0.58"}, {"asset_id": "42135961816408133329427741739270935785240852940501743547559002335790549112042", "price": "0.99", "size": "91092.05", "side": "SELL", "hash": "0d7a4edfd7027f429cd8c36e707dc0f60552171b", "best_bid": "0.42", "best_ask": "0.43"}], "timestamp": "1769384603958", "event_type": "price_change"}}
{"_local_timestamp": "2026-01-25T23:43:24.171729+00:00", "data": {"market": "0xfcef865b5029310e23098b7052cf0c9f1a74e25c2ffc467b1762dba454d84d44", "price_changes": [{"asset_id": "73530143346776618068966941239072932088771296017010889161448179656872426721888", "price": "0.56", "size": "4055.71", "side": "BUY", "hash": "d7bca3c63bb3588392ddc08835f2b4547e942901", "best_bid": "0.57", "best_ask": "0.58"}, {"asset_id": "42135961816408133329427741739270935785240852940501743547559002335790549112042", "price": "0.44", "size": "4055.71", "side": "SELL", "hash": "3dbd8ae1e183acfd227e605f089bb418ee7cdd8a", "best_bid": "0.42", "best_ask": "0.43"}], "timestamp": "1769384604036", "event_type": "price_change"}}
{"_local_timestamp": "2026-01-25T23:43:24.245317+00:00", "data": {"market": "0xfcef865b5029310e23098b7052cf0c9f1a74e25c2ffc467b1762dba454d84d44", "price_changes": [{"asset_id": "73530143346776618068966941239072932088771296017010889161448179656872426721888", "price": "0.02", "size": "12999.11", "side": "BUY", "hash": "8b70c3f1083a4c067aeb3022edc67f6f0bd27472", "best_bid": "0.57", "best_ask": "0.58"}, {"asset_id": "42135961816408133329427741739270935785240852940501743547559002335790549112042", "price": "0.98", "size": "12999.11", "side": "SELL", "hash": "c658569a243588e0464a32769912b954e663b9f4", "best_bid": "0.42", "best_ask": "0.43"}], "timestamp": "1769384604111", "event_type": "price_change"}}
{"_local_timestamp": "2026-01-25T23:43:24.248227+00:00", "data": {"market": "0xfcef865b5029310e23098b7052cf0c9f1a74e25c2ffc467b1762dba454d84d44", "price_changes": [{"asset_id": "73530143346776618068966941239072932088771296017010889161448179656872426721888", "price": "0.02", "size": "37998.22", "side": "BUY", "hash": "84492bf07ef47cb053da92d6b0e0ea12a162365b", "best_bid": "0.57", "best_ask": "0.58"}, {"asset_id": "42135961816408133329427741739270935785240852940501743547559002335790549112042", "price": "0.98", "size": "37998.22", "side": "SELL", "hash": "3936037ddd578d7f5626f8a891c1026266fe5dcb", "best_bid": "0.42", "best_ask": "0.43"}], "timestamp": "1769384604112", "event_type": "price_change"}}
{"_local_timestamp": "2026-01-25T23:43:24.249068+00:00", "data": {"market": "0xfcef865b5029310e23098b7052cf0c9f1a74e25c2ffc467b1762dba454d84d44", "price_changes": [{"asset_id": "73530143346776618068966941239072932088771296017010889161448179656872426721888", "price": "0.02", "size": "43997.33", "side": "BUY", "hash": "cadf3084b19e5e4a17bf48f62bf77dff3d420c04", "best_bid": "0.57", "best_ask": "0.58"}, {"asset_id": "42135961816408133329427741739270935785240852940501743547559002335790549112042", "price": "0.98", "size": "43997.33", "side": "SELL", "hash": "45e5764b3dee2d60dfb587903d515b3cedc5b0e0", "best_bid": "0.42", "best_ask": "0.43"}], "timestamp": "1769384604113", "event_type": "price_change"}}
{"_local_timestamp": "2026-01-25T23:43:26.256253+00:00", "data": {"market": "0x689f2bc7ca74f951f5ef5ee46c0b8f5eb4fcf184907dd9f69c19529844d6d416", "price_changes": [{"asset_id": "13688883295678001276792158244036912161301864636922709659029780709987533255655", "price": "0.36", "size": "116", "side": "BUY", "hash": "db4b9c324c8764aa7ea8692d7a9e0e05bce92b13", "best_bid": "0.36", "best_ask": "0.4"}, {"asset_id": "38406932137014719642745747955440768125753717099958648412630477673794359665653", "price": "0.64", "size": "116", "side": "SELL", "hash": "e354ce4b6660217f2b537b5c11ad61a883299c4c", "best_bid": "0.6", "best_ask": "0.64"}], "timestamp": "1769384606121", "event_type": "price_change"}}
{"_local_timestamp": "2026-01-25T23:43:26.431621+00:00", "data": {"market": "0x689f2bc7ca74f951f5ef5ee46c0b8f5eb4fcf184907dd9f69c19529844d6d416", "price_changes": [{"asset_id": "13688883295678001276792158244036912161301864636922709659029780709987533255655", "price": "0.33", "size": "131", "side": "BUY", "hash": "4b5a5ebb2385ee0b358aeb26fbd393a88a2129c6", "best_bid": "0.36", "best_ask": "0.4"}, {"asset_id": "38406932137014719642745747955440768125753717099958648412630477673794359665653", "price": "0.67", "size": "131", "side": "SELL", "hash": "5c8eff02d6fc74417c3262bc7234e9841dd8b585", "best_bid": "0.6", "best_ask": "0.64"}], "timestamp": "1769384606294", "event_type": "price_change"}}
{"_local_timestamp": "2026-01-25T23:43:28.122044+00:00", "data": {"market": "0x689f2bc7ca74f951f5ef5ee46c0b8f5eb4fcf184907dd9f69c19529844d6d416", "price_changes": [{"asset_id": "13688883295678001276792158244036912161301864636922709659029780709987533255655", "price": "0.33", "size": "0", "side": "BUY", "hash": "2d3c46bf3d06188dfbce7e8cf6d1f1ac4519f5cb", "best_bid": "0.36", "best_ask": "0.4"}, {"asset_id": "38406932137014719642745747955440768125753717099958648412630477673794359665653", "price": "0.67", "size": "0", "side": "SELL", "hash": "8154df13f3c5e2e541e8ff66656377fa0531bd8d", "best_bid": "0.6", "best_ask": "0.64"}], "timestamp": "1769384607997", "event_type": "price_change"}}
{"_local_timestamp": "2026-01-25T23:43:28.126654+00:00", "data": {"market": "0xfcef865b5029310e23098b7052cf0c9f1a74e25c2ffc467b1762dba454d84d44", "price_changes": [{"asset_id": "42135961816408133329427741739270935785240852940501743547559002335790549112042", "price": "0.41", "size": "3504.54", "side": "BUY", "hash": "f732962c7e03e287e20ed5c294d62c72e2a1d98b", "best_bid": "0.42", "best_ask": "0.43"}, {"asset_id": "73530143346776618068966941239072932088771296017010889161448179656872426721888", "price": "0.59", "size": "3504.54", "side": "SELL", "hash": "7d3660174a91d1e8c7f466b9dccf854fb3c480bd", "best_bid": "0.57", "best_ask": "0.58"}], "timestamp": "1769384607998", "event_type": "price_change"}}
{"_local_timestamp": "2026-01-25T23:43:28.183498+00:00", "data": {"market": "0xfcef865b5029310e23098b7052cf0c9f1a74e25c2ffc467b1762dba454d84d44", "price_changes": [{"asset_id": "73530143346776618068966941239072932088771296017010889161448179656872426721888", "price": "0.02", "size": "0", "side": "BUY", "hash": "e457a3699b861d64238051165e14485b131dc581", "best_bid": "0.57", "best_ask": "0.58"}, {"asset_id": "42135961816408133329427741739270935785240852940501743547559002335790549112042", "price": "0.98", "size": "0", "side": "SELL", "hash": "2db1045b3e3d59cd6fdb871eb500bc846b0a9649", "best_bid": "0.42", "best_ask": "0.43"}], "timestamp": "1769384608032", "event_type": "price_change"}}
{"_local_timestamp": "2026-01-25T23:43:28.184276+00:00", "data": {"market": "0xfcef865b5029310e23098b7052cf0c9f1a74e25c2ffc467b1762dba454d84d44", "price_changes": [{"asset_id": "73530143346776618068966941239072932088771296017010889161448179656872426721888", "price": "0.01", "size": "85092.94", "side": "BUY", "hash": "e457a3699b861d64238051165e14485b131dc581", "best_bid": "0.57", "best_ask": "0.58"}, {"asset_id": "42135961816408133329427741739270935785240852940501743547559002335790549112042", "price": "0.99", "size": "85092.94", "side": "SELL", "hash": "2db1045b3e3d59cd6fdb871eb500bc846b0a9649", "best_bid": "0.42", "best_ask": "0.43"}], "timestamp": "1769384608032", "event_type": "price_change"}}
{"_local_timestamp": "2026-01-25T23:43:28.342141+00:00", "data": {"market": "0xfcef865b5029310e23098b7052cf0c9f1a74e25c2ffc467b1762dba454d84d44", "price_changes": [{"asset_id": "73530143346776618068966941239072932088771296017010889161448179656872426721888", "price": "0.56", "size": "10054.82", "side": "BUY", "hash": "8e714171114c57443e244b608a811766f60019b3", "best_bid": "0.57", "best_ask": "0.58"}, {"asset_id": "42135961816408133329427741739270935785240852940501743547559002335790549112042", "price": "0.44", "size": "10054.82", "side": "SELL", "hash": "e38427fdab0405833eefa1815fcde45c71cdc402", "best_bid": "0.42", "best_ask": "0.43"}], "timestamp": "1769384608214", "event_type": "price_change"}}
{"_local_timestamp": "2026-01-25T23:43:28.342943+00:00", "data": {"market": "0xfcef865b5029310e23098b7052cf0c9f1a74e25c2ffc467b1762dba454d84d44", "price_changes": [{"asset_id": "73530143346776618068966941239072932088771296017010889161448179656872426721888", "price": "0.02", "size": "12999.11", "side": "BUY", "hash": "6845e65abdc5f7fc742c58069f3c32420f745ae4", "best_bid": "0.57", "best_ask": "0.58"}, {"asset_id": "42135961816408133329427741739270935785240852940501743547559002335790549112042", "price": "0.98", "size": "12999.11", "side": "SELL", "hash": "d652fbcf273ca2b400b857c1700a2772b2c55d2c", "best_bid": "0.42", "best_ask": "0.43"}], "timestamp": "1769384608215", "event_type": "price_change"}}
{"_local_timestamp": "2026-01-25T23:43:30.250658+00:00", "data": {"market": "0x5cd62df873dd5f7195c4bdacf30f17b44f0862f0b1914e9cc97dd009b8f47d46", "price_changes": [{"asset_id": "81620006274912860786542136552485067786112215576828621363441123223528903532039", "price": "0.2", "size": "5394", "side": "BUY", "hash": "6f76e4ab696334e7d7e712938a0d755222e6976e", "best_bid": "0.21", "best_ask": "0.23"}, {"asset_id": "38277422968297124567044863236010446869930474064669700603324708469098709719609", "price": "0.8", "size": "5394", "side": "SELL", "hash": "2467175b93f036edd628a74c5aea747cd4fc117f", "best_bid": "0.77", "best_ask": "0.79"}], "timestamp": "1769384610110", "event_type": "price_change"}}
{"_local_timestamp": "2026-01-25T23:43:38.849927+00:00", "data": {"market": "0xfcef865b5029310e23098b7052cf0c9f1a74e25c2ffc467b1762dba454d84d44", "price_changes": [{"asset_id": "42135961816408133329427741739270935785240852940501743547559002335790549112042", "price": "0.41", "size": "3384.54", "side": "BUY", "hash": "fdfd3614cb02b4eeb0a50300fa078de823810fc8", "best_bid": "0.42", "best_ask": "0.43"}, {"asset_id": "73530143346776618068966941239072932088771296017010889161448179656872426721888", "price": "0.59", "size": "3384.54", "side": "SELL", "hash": "a496cc33054b74263713b524a1c62fffb523da6d", "best_bid": "0.57", "best_ask": "0.58"}], "timestamp": "1769384618726", "event_type": "price_change"}}
{"_local_timestamp": "2026-01-25T23:43:38.932538+00:00", "data": {"market": "0xfcef865b5029310e23098b7052cf0c9f1a74e25c2ffc467b1762dba454d84d44", "price_changes": [{"asset_id": "73530143346776618068966941239072932088771296017010889161448179656872426721888", "price": "0.02", "size": "0", "side": "BUY", "hash": "09722a3d6a8e9029c933f3ff640563b8f0c45267", "best_bid": "0.57", "best_ask": "0.58"}, {"asset_id": "42135961816408133329427741739270935785240852940501743547559002335790549112042", "price": "0.98", "size": "0", "side": "SELL", "hash": "24ce998cf13e1626d35178a8a245b402e65b8543", "best_bid": "0.42", "best_ask": "0.43"}], "timestamp": "1769384618786", "event_type": "price_change"}}
{"_local_timestamp": "2026-01-25T23:43:47.290983+00:00", "data": {"market": "0x689f2bc7ca74f951f5ef5ee46c0b8f5eb4fcf184907dd9f69c19529844d6d416", "price_changes": [{"asset_id": "13688883295678001276792158244036912161301864636922709659029780709987533255655", "price": "0.36", "size": "247", "side": "BUY", "hash": "534283e77893f7bc5b37537bb790a9bec73290cd", "best_bid": "0.36", "best_ask": "0.4"}, {"asset_id": "38406932137014719642745747955440768125753717099958648412630477673794359665653", "price": "0.64", "size": "247", "side": "SELL", "hash": "55ba1e13ef5db1096a5ba6142bf435ac2f55ba5a", "best_bid": "0.6", "best_ask": "0.64"}], "timestamp": "1769384627179", "event_type": "price_change"}}
{"_local_timestamp": "2026-01-25T23:43:48.895243+00:00", "data": {"market": "0xfcef865b5029310e23098b7052cf0c9f1a74e25c2ffc467b1762dba454d84d44", "price_changes": [{"asset_id": "73530143346776618068966941239072932088771296017010889161448179656872426721888", "price": "0.56", "size": "9934.82", "side": "BUY", "hash": "772c277aa65ef250c19a6cb5cb7eaa19ea97fde6", "best_bid": "0.57", "best_ask": "0.58"}, {"asset_id": "42135961816408133329427741739270935785240852940501743547559002335790549112042", "price": "0.44", "size": "9934.82", "side": "SELL", "hash": "0d5b2bb7b7c3cc8cf517dbd98b78e7921084f2a7", "best_bid": "0.42", "best_ask": "0.43"}], "timestamp": "1769384628812", "event_type": "price_change"}}
{"_local_timestamp": "2026-01-25T23:43:58.177941+00:00", "data": {"market": "0x5cd62df873dd5f7195c4bdacf30f17b44f0862f0b1914e9cc97dd009b8f47d46", "price_changes": [{"asset_id": "38277422968297124567044863236010446869930474064669700603324708469098709719609", "price": "0.72", "size": "0", "side": "BUY", "hash": "b9c2ce9deb922a962ef01ea4f8efc05a2030004d", "best_bid": "0.77", "best_ask": "0.79"}, {"asset_id": "81620006274912860786542136552485067786112215576828621363441123223528903532039", "price": "0.28", "size": "0", "side": "SELL", "hash": "33f472cd74b8b2904c89f6a35de16bd7c032d3a5", "best_bid": "0.21", "best_ask": "0.23"}], "timestamp": "1769384638002", "event_type": "price_change"}}
{"_local_timestamp": "2026-01-25T23:43:58.336412+00:00", "data": {"market": "0x5cd62df873dd5f7195c4bdacf30f17b44f0862f0b1914e9cc97dd009b8f47d46", "price_changes": [{"asset_id": "81620006274912860786542136552485067786112215576828621363441123223528903532039", "price": "0.2", "size": "5594", "side": "BUY", "hash": "b7cddab063c8f988d9bbc2cf4545a6fae63759e4", "best_bid": "0.21", "best_ask": "0.23"}, {"asset_id": "38277422968297124567044863236010446869930474064669700603324708469098709719609", "price": "0.8", "size": "5594", "side": "SELL", "hash": "4062f36afddcab76239a306a5879d28b8f5ee5b9", "best_bid": "0.77", "best_ask": "0.79"}], "timestamp": "1769384638184", "event_type": "price_change"}}
{"_local_timestamp": "2026-01-25T23:43:58.354641+00:00", "data": {"market": "0x5cd62df873dd5f7195c4bdacf30f17b44f0862f0b1914e9cc97dd009b8f47d46", "price_changes": [{"asset_id": "38277422968297124567044863236010446869930474064669700603324708469098709719609", "price": "0.73", "size": "200", "side": "BUY", "hash": "1be705346fe55264e54739446b2e1116e940daae", "best_bid": "0.77", "best_ask": "0.79"}, {"asset_id": "81620006274912860786542136552485067786112215576828621363441123223528903532039", "price": "0.27", "size": "200", "side": "SELL", "hash": "0bdf861d6681e3484a31b98fe96c40efabd13de0", "best_bid": "0.21", "best_ask": "0.23"}], "timestamp": "1769384638202", "event_type": "price_change"}}
{"_local_timestamp": "2026-01-25T23:44:02.121375+00:00", "data": {"market": "0x689f2bc7ca74f951f5ef5ee46c0b8f5eb4fcf184907dd9f69c19529844d6d416", "price_changes": [{"asset_id": "13688883295678001276792158244036912161301864636922709659029780709987533255655", "price": "0.36", "size": "116", "side": "BUY", "hash": "1af59f2c9cd400f9a8056859a7085c4d4444326a", "best_bid": "0.36", "best_ask": "0.4"}, {"asset_id": "38406932137014719642745747955440768125753717099958648412630477673794359665653", "price": "0.64", "size": "116", "side": "SELL", "hash": "54f38229895f192a66050ccda71298dae451e036", "best_bid": "0.6", "best_ask": "0.64"}], "timestamp": "1769384641984", "event_type": "price_change"}}
{"_local_timestamp": "2026-01-25T23:44:02.282787+00:00", "data": {"market": "0x689f2bc7ca74f951f5ef5ee46c0b8f5eb4fcf184907dd9f69c19529844d6d416", "price_changes": [{"asset_id": "13688883295678001276792158244036912161301864636922709659029780709987533255655", "price": "0.33", "size": "131", "side": "BUY", "hash": "dd6d5c3b78d866bb90b2082e68a5993fe30f5b0d", "best_bid": "0.36", "best_ask": "0.4"}, {"asset_id": "38406932137014719642745747955440768125753717099958648412630477673794359665653", "price": "0.67", "size": "131", "side": "SELL", "hash": "41b6c649857601c98039a60d5d81a6ee7b8ccd19", "best_bid": "0.6", "best_ask": "0.64"}], "timestamp": "1769384642144", "event_type": "price_change"}}
{"_local_timestamp": "2026-01-25T23:44:02.633126+00:00", "data": {"market": "0x689f2bc7ca74f951f5ef5ee46c0b8f5eb4fcf184907dd9f69c19529844d6d416", "price_changes": [{"asset_id": "13688883295678001276792158244036912161301864636922709659029780709987533255655", "price": "0.33", "size": "0", "side": "BUY", "hash": "15ef31c5b3dab3c00570889cc0e569b802e0d534", "best_bid": "0.36", "best_ask": "0.4"}, {"asset_id": "38406932137014719642745747955440768125753717099958648412630477673794359665653", "price": "0.67", "size": "0", "side": "SELL", "hash": "448c793e1499aa5119b8a7ce1d0f32606d49a9e1", "best_bid": "0.6", "best_ask": "0.64"}], "timestamp": "1769384642478", "event_type": "price_change"}}
{"_local_timestamp": "2026-01-25T23:44:10.312714+00:00", "data": {"market": "0x689f2bc7ca74f951f5ef5ee46c0b8f5eb4fcf184907dd9f69c19529844d6d416", "price_changes": [{"asset_id": "13688883295678001276792158244036912161301864636922709659029780709987533255655", "price": "0.36", "size": "247", "side": "BUY", "hash": "a6602e28ff10e888669da6fe5901dc0cd37113c3", "best_bid": "0.36", "best_ask": "0.4"}, {"asset_id": "38406932137014719642745747955440768125753717099958648412630477673794359665653", "price": "0.64", "size": "247", "side": "SELL", "hash": "e13fcf7871603f5cad90471e72dd149218864f81", "best_bid": "0.6", "best_ask": "0.64"}], "timestamp": "1769384650171", "event_type": "price_change"}}
{"_local_timestamp": "2026-01-25T23:44:11.284272+00:00", "data": {"market": "0x689f2bc7ca74f951f5ef5ee46c0b8f5eb4fcf184907dd9f69c19529844d6d416", "price_changes": [{"asset_id": "13688883295678001276792158244036912161301864636922709659029780709987533255655", "price": "0.36", "size": "116", "side": "BUY", "hash": "a675c0b566bcad7028d0fb0c48dab5afb8dfff42", "best_bid": "0.36", "best_ask": "0.4"}, {"asset_id": "38406932137014719642745747955440768125753717099958648412630477673794359665653", "price": "0.64", "size": "116", "side": "SELL", "hash": "11cc69e9c726ecf8f452766895ab49ffd5d848a8", "best_bid": "0.6", "best_ask": "0.64"}], "timestamp": "1769384651142", "event_type": "price_change"}}
{"_local_timestamp": "2026-01-25T23:44:20.350791+00:00", "data": {"market": "0x689f2bc7ca74f951f5ef5ee46c0b8f5eb4fcf184907dd9f69c19529844d6d416", "price_changes": [{"asset_id": "13688883295678001276792158244036912161301864636922709659029780709987533255655", "price": "0.36", "size": "247", "side": "BUY", "hash": "143a29ef737080d4734e9f61017c4a11d272ca42", "best_bid": "0.36", "best_ask": "0.4"}, {"asset_id": "38406932137014719642745747955440768125753717099958648412630477673794359665653", "price": "0.64", "size": "247", "side": "SELL", "hash": "ff6c636ac371dab34f4731836346c6f30fb7dbbb", "best_bid": "0.6", "best_ask": "0.64"}], "timestamp": "1769384660096", "event_type": "price_change"}}
{"_local_timestamp": "2026-01-25T23:44:22.341908+00:00", "data": {"market": "0x689f2bc7ca74f951f5ef5ee46c0b8f5eb4fcf184907dd9f69c19529844d6d416", "price_changes": [{"asset_id": "13688883295678001276792158244036912161301864636922709659029780709987533255655", "price": "0.36", "size": "116", "side": "BUY", "hash": "0a34e26ff103cf0b761787c6df1306cbd8ab7c34", "best_bid": "0.36", "best_ask": "0.4"}, {"asset_id": "38406932137014719642745747955440768125753717099958648412630477673794359665653", "price": "0.64", "size": "116", "side": "SELL", "hash": "7d029e81d39c5d6326868a3ef55640296af4f25c", "best_bid": "0.6", "best_ask": "0.64"}], "timestamp": "1769384662043", "event_type": "price_change"}}
{"_local_timestamp": "2026-01-25T23:44:28.781491+00:00", "data": {"market": "0x689f2bc7ca74f951f5ef5ee46c0b8f5eb4fcf184907dd9f69c19529844d6d416", "price_changes": [{"asset_id": "13688883295678001276792158244036912161301864636922709659029780709987533255655", "price": "0.36", "size": "247", "side": "BUY", "hash": "3d25e8edafff0f52ffbe82386b78dc3f3642ab09", "best_bid": "0.36", "best_ask": "0.4"}, {"asset_id": "38406932137014719642745747955440768125753717099958648412630477673794359665653", "price": "0.64", "size": "247", "side": "SELL", "hash": "c69ad98ad05ab43aa66ca68a7c7cf05fb25966e9", "best_bid": "0.6", "best_ask": "0.64"}], "timestamp": "1769384668522", "event_type": "price_change"}}
