{"_local_timestamp": "2026-01-25T23:41:07.842240+00:00", "data": [{"market": "0x6653c4eb63e7662bde15ab373ff5e104d218221cf27d2c6d3eb1e4cb468dc25d", "asset_id": "41329830880104085954572287399772490407516736293456774545612265377286945361737", "timestamp": "1769382511272", "hash": "1c528abd16c08c660fc1a15af73325cd0240c0d0", "bids": [{"price": "0.01", "size": "572.09"}, {"price": "0.02", "size": "160.48"}, {"price": "0.03", "size": "206.65"}, {"price": "0.04", "size": "9.25"}, {"price": "0.05", "size": "5.47"}], "asks": [{"price": "0.99", "size": "550"}, {"price": "0.98", "size": "400"}], "event_type": "book", "last_trade_price": ""}, {"market": "0x850058e82b44a19bad013b0fde7640d07b0e6d93e27f8baac2eb289acc81e43e", "asset_id": "62286186822670069302095126189229875455768470156173688991396669941172640107035", "timestamp": "1769384324492", "hash": "83124b240cb33cb4d11fbbd0d2cbca1f5f0da7ee", "bids": [{"price": "0.01", "size": "569.87"}, {"price": "0.02", "size": "156.69"}, {"price": "0.03", "size": "211.18"}, {"price": "0.05", "size": "15.11"}], "asks": [{"price": "0.99", "size": "550"}, {"price": "0.98", "size": "400"}], "event_type": "book", "last_trade_price": ""}, {"market": "0x9b0b8d5433701e9e8af7f63c586b7cbca7dac536692834df06668359a8be9ac4", "asset_id": "16089014020762103003722356263106934759372161168439836631781507588568159078951", "timestamp": "1769382483709", "hash": "c3f4be6d5c681a83092db763ea616ed612210074", "bids": [{"price": "0.01", "size": "569.87"}, {"price": "0.02", "size": "156.69"}, {"price": "0.03", "size": "211.18"}, {"price": "0.04", "size": "12.04"}, {"price": "0.05", "size": "5.47"}], "asks": [{"price": "0.99", "size": "550"}, {"price": "0.98", "size": "400"}], "event_type": "book", "last_trade_price": ""}, {"market": "0x2f964fb2fb8b46b7a900b762f890880bb0feec96de3a255a6ba665d3090137eb", "asset_id": "49004598343294838189945562528568026089364568426385781055883802969013489091462", "timestamp": "1769382483676", "hash": "95c48bb80412a3b5c258da96bb9158de1f8440f0", "bids": [{"price": "0.01", "size": "672.04"}, {"price": "0.02", "size": "160.48"}, {"price": "0.03", "size": "226.65"}, {"price": "0.04", "size": "54.95"}], "asks": [{"price": "0.99", "size": "664.79"}, {"price": "0.98", "size": "163.72"}, {"price": "0.97", "size": "75"}, {"price": "0.96", "size": "6.21"}, {"price": "0.95", "size": "30"}, {"price": "0.94", "size": "10.95"}], "event_type": "book", "last_trade_price": ""}, {"market": "0x850058e82b44a19bad013b0fde7640d07b0e6d93e27f8baac2eb289acc81e43e", "asset_id": "93933135886473081110230947293469885369295263333795540464032048707306040679632", "timestamp": "1769384324492", "hash": "2bc0081edc6ecc8e4ed6ae186405c1384c88ebdb", "bids": [{"price": "0.01", "size": "550"}, {"price": "0.02", "size": "400"}], "asks": [{"price": "0.99", "size": "569.87"}, {"price": "0.98", "size": "156.69"}, {"price": "0.97", "size": "211.18"}, {"price": "0.95", "size": "15.11"}], "event_type": "book", "last_trade_price": ""}, {"market": "0x5e4e735b8ae0e83c5150c90860cdf7b560b57ba9a60fd47bc16d1abf620dd690", "asset_id": "36842489019241612860642939534964869701877469082149218615455991980419125610659", "timestamp": "1769382557993", "hash": "dc0ba171f6590f32841c87aaa81ddbe052736650", "bids": [{"price": "0.01", "size": "550"}, {"price": "0.02", "size": "400"}], "asks": [{"price": "0.99", "size": "572.09"}, {"price": "0.98", "size": "160.48"}, {"price": "0.97", "size": "206.65"}, {"price": "0.96", "size": "9.25"}, {"price": "0.95", "size": "5.47"}], "event_type": "book", "last_trade_price": ""}, {"market": "0x2f964fb2fb8b46b7a900b762f890880bb0feec96de3a255a6ba665d3090137eb", "asset_id": "97506356196319953363452536617153533946694298933203750640959014673536489359896", "timestamp": "1769382483676", "hash": "94b3a1edf7b6019e19e292ce309933905de64f91", "bids": [{"price": "0.01", "size": "664.79"}, {"price": "0.02", "size": "163.72"}, {"price": "0.03", "size": "75"}, {"price": "0.04", "size": "6.21"}, {"price": "0.05", "size": "30"}, {"price": "0.06", "size": "10.95"}], "asks": [{"price": "0.99", "size": "672.04"}, {"price": "0.98", "size": "160.48"}, {"price": "0.97", "size": "226.65"}, {"price": "0.96", "size": "54.95"}], "event_type": "book", "last_trade_price": ""}, {"market": "0x9b0b8d5433701e9e8af7f63c586b7cbca7dac536692834df06668359a8be9ac4", "asset_id": "93625153701728868064835623789277841596151818707636572221770759466599301220352", "timestamp": "1769382483709", "hash": "bbd1da3dcac332563f5888e3c1b39efe1a71f150", "bids": [{"price": "0.01", "size": "550"}, {"price": "0.02", "size": "400"}], "asks": [{"price": "0.99", "size": "569.87"}, {"price": "0.98", "size": "156.69"}, {"price": "0.97", "size": "211.18"}, {"price": "0.96", "size": "12.04"}, {"price": "0.95", "size": "5.47"}], "event_type": "book", "last_trade_price": ""}, {"market": "0x6653c4eb63e7662bde15ab373ff5e104d218221cf27d2c6d3eb1e4cb468dc25d", "asset_id": "67860549112098919993314581215692152037602718246251191923873030818241033772368", "timestamp": "1769382511272", "hash": "88d0d80356da056f2c1f399354b1d4c1bcd6ba17", "bids": [{"price": "0.01", "size": "550"}, {"price": "0.02", "size": "400"}], "asks": [{"price": "0.99", "size": "572.09"}, {"price": "0.98", "size": "160.48"}, {"price": "0.97", "size": "206.65"}, {"price": "0.96", "size": "9.25"}, {"price": "0.95", "size": "5.47"}], "event_type": "book", "last_trade_price": ""}, {"market": "0x5e4e735b8ae0e83c5150c90860cdf7b560b57ba9a60fd47bc16d1abf620dd690", "asset_id": "69526415656359943093243294741528995158824018288863834437790461242591055752142", "timestamp": "1769382557993", "hash": "30e10ea375ea2d510792da1b2d05b149d41a9567", "bids": [{"price": "0.01", "size": "572.09"}, {"price": "0.02", "size": "160.48"}, {"price": "0.03", "size": "206.65"}, {"price": "0.04", "size": "9.25"}, {"price": "0.05", "size": "5.47"}], "asks": [{"price": "0.99", "size": "550"}, {"price": "0.98", "size": "400"}], "event_type": "book", "last_trade_price": ""}]}
