{"_local_timestamp": "2026-01-25T23:41:32.295123+00:00", "data": [{"market": "0x63f1d276b6c325f94bb745d91a6b5772967fdacd2e4b8b58f9eaf1baadfb9db8", "asset_id": "15563838602421810404345357249566288148759559513639537362878046245386357492582", "timestamp": "1769383873732", "hash": "a109cacd39ed44bea92497921e7e0707177d9990", "bids": [{"price": "0.01", "size": "385.01"}, {"price": "0.02", "size": "32.49"}], "asks": [{"price": "0.99", "size": "570.74"}, {"price": "0.98", "size": "145.03"}, {"price": "0.97", "size": "12.74"}, {"price": "0.96", "size": "5.47"}], "event_type": "book", "last_trade_price": ""}, {"market": "0x7bbb031043a1f583b66e8f42de9212b38ed190913e01e933387c56bd45441240", "asset_id": "56889109477192427752863029160817652339334975027955401931500983857498523036008", "timestamp": "1769382483670", "hash": "f786d21489dae286f7296cf126bc1be13aeda539", "bids": [{"price": "0.01", "size": "722.04"}, {"price": "0.02", "size": "135.48"}, {"price": "0.03", "size": "275.65"}, {"price": "0.04", "size": "59.25"}], "asks": [{"price": "0.99", "size": "714.79"}, {"price": "0.98", "size": "26.16"}, {"price": "0.95", "size": "127"}, {"price": "0.94", "size": "43.95"}], "event_type": "book", "last_trade_price": ""}, {"market": "0xc82e961cd666949706ce4e3ceae52452bc3c848108d76d55ca0c06feafd9e22d", "asset_id": "97479134108293513464522862872934417717272798066207241086694365918956450439117", "timestamp": "1769382484889", "hash": "87d90e09caa485e330b70a21c8b0d3a35459d217", "bids": [{"price": "0.01", "size": "568.13"}, {"price": "0.02", "size": "148.48"}, {"price": "0.03", "size": "20.3"}, {"price": "0.04", "size": "5.47"}], "asks": [{"price": "0.99", "size": "385.01"}, {"price": "0.98", "size": "32.49"}], "event_type": "book", "last_trade_price": ""}, {"market": "0xbce9ca71e5ec826ae698ef98a04a5f071487c8550eb0e1f89d83c51368b34e36", "asset_id": "27554683193305171545959843330727189141105505908129393192467052738375132773255", "timestamp": "1769383875446", "hash": "bba03db11c97659781bf4617378f7c8130c683c0", "bids": [{"price": "0.01", "size": "385.01"}, {"price": "0.02", "size": "32.49"}], "asks": [{"price": "0.99", "size": "570.74"}, {"price": "0.98", "size": "145.03"}, {"price": "0.97", "size": "21.73"}, {"price": "0.96", "size": "5.47"}], "event_type": "book", "last_trade_price": ""}, {"market": "0xc82e961cd666949706ce4e3ceae52452bc3c848108d76d55ca0c06feafd9e22d", "asset_id": "14366659781555700010675334110116633690549570802417759331679046760459445269497", "timestamp": "1769382484889", "hash": "6f2edd8194e53a1fca6079d6e97c467726cff35e", "bids": [{"price": "0.01", "size": "385.01"}, {"price": "0.02", "size": "32.49"}], "asks": [{"price": "0.99", "size": "568.13"}, {"price": "0.98", "size": "148.48"}, {"price": "0.97", "size": "20.3"}, {"price": "0.96", "size": "5.47"}], "event_type": "book", "last_trade_price": ""}, {"market": "0x4558d849ab97cc2d94569f64d0862684ab1941b613d0e8289cd1e256e87b45a0", "asset_id": "83860973166934792943396303423813502761601685100941649803807803082482571398718", "timestamp": "1769382483673", "hash": "b056f7cd1e77080f3f2d7e81452fdde78933b62d", "bids": [{"price": "0.01", "size": "485.01"}, {"price": "0.02", "size": "32.49"}], "asks": [{"price": "0.99", "size": "572.17"}, {"price": "0.98", "size": "145.03"}, {"price": "0.97", "size": "21.25"}, {"price": "0.96", "size": "5.47"}], "event_type": "book", "last_trade_price": ""}, {"market": "0x4558d849ab97cc2d94569f64d0862684ab1941b613d0e8289cd1e256e87b45a0", "asset_id": "113971827680343447682245632391466959043648357953108322197477914972564266612648", "timestamp": "1769382483673", "hash": "b60d8cb8cab54a03b93e46d4e6d6532d0fe530b6", "bids": [{"price": "0.01", "size": "572.17"}, {"price": "0.02", "size": "145.03"}, {"price": "0.03", "size": "21.25"}, {"price": "0.04", "size": "5.47"}], "asks": [{"price": "0.99", "size": "485.01"}, {"price": "0.98", "size": "32.49"}], "event_type": "book", "last_trade_price": ""}, {"market": "0xbce9ca71e5ec826ae698ef98a04a5f071487c8550eb0e1f89d83c51368b34e36", "asset_id": "77246445952062598442352760373092897322850420910385406891579875358378879809903", "timestamp": "1769383875446", "hash": "75939fa71d897bc6411acb12f6b6ad17676e762f", "bids": [{"price": "0.01", "size": "570.74"}, {"price": "0.02", "size": "145.03"}, {"price": "0.03", "size": "21.73"}, {"price": "0.04", "size": "5.47"}], "asks": [{"price": "0.99", "size": "385.01"}, {"price": "0.98", "size": "32.49"}], "event_type": "book", "last_trade_price": ""}, {"market": "0x7bbb031043a1f583b66e8f42de9212b38ed190913e01e933387c56bd45441240", "asset_id": "24679959536845714248230817872635569080608303707914016102552517938354392423015", "timestamp": "1769382483670", "hash": "d50dfe7239f55082f74754c6255ceee59961431e", "bids": [{"price": "0.01", "size": "714.79"}, {"price": "0.02", "size": "26.16"}, {"price": "0.05", "size": "127"}, {"price": "0.06", "size": "43.95"}], "asks": [{"price": "0.99", "size": "722.04"}, {"price": "0.98", "size": "135.48"}, {"price": "0.97", "size": "275.65"}, {"price": "0.96", "size": "59.25"}], "event_type": "book", "last_trade_price": ""}, {"market": "0x63f1d276b6c325f94bb745d91a6b5772967fdacd2e4b8b58f9eaf1baadfb9db8", "asset_id": "37527838100265822436564755876325897347351462866446376590635531700633645944597", "timestamp": "1769383873732", "hash": "9c5fe6ebda66ee6c5f9d32a9c3c3e10b90751db1", "bids": [{"price": "0.01", "size": "570.74"}, {"price": "0.02", "size": "145.03"}, {"price": "0.03", "size": "12.74"}, {"price": "0.04", "size": "5.47"}], "asks": [{"price": "0.99", "size": "385.01"}, {"price": "0.98", "size": "32.49"}], "event_type": "book", "last_trade_price": ""}]}
