{"_local_timestamp": "2026-01-25T23:33:41.367434+00:00", "data": [{"market": "0xcc6a03f72638f4c1b57e03716c54c6a4542efae9d2db1c74f807bed4364136aa", "asset_id": "95172411216593641032027677433913230039275331903398947979628824584410389526907", "timestamp": "1769383639196", "hash": "b87f06c29122931fef7df0f8e6fc17946d5a574c", "bids": [{"price": "0.01", "size": "95"}, {"price": "0.02", "size": "850"}, {"price": "0.03", "size": "16"}, {"price": "0.06", "size": "783"}, {"price": "0.18", "size": "300"}, {"price": "0.2", "size": "200"}, {"price": "0.22", "size": "125"}, {"price": "0.23", "size": "75"}, {"price": "0.26", "size": "50"}, {"price": "0.27", "size": "40.74"}, {"price": "0.35", "size": "400"}, {"price": "0.36", "size": "8.5"}, {"price": "0.37", "size": "20"}], "asks": [{"price": "0.99", "size": "106.28"}, {"price": "0.98", "size": "875"}, {"price": "0.97", "size": "12.02"}, {"price": "0.95", "size": "520"}, {"price": "0.94", "size": "33"}, {"price": "0.92", "size": "6.3"}, {"price": "0.89", "size": "350"}, {"price": "0.83", "size": "5.71"}, {"price": "0.76", "size": "300"}, {"price": "0.72", "size": "200"}, {"price": "0.71", "size": "8.5"}, {"price": "0.7", "size": "125"}, {"price": "0.68", "size": "75"}, {"price": "0.59", "size": "31.7"}, {"price": "0.58", "size": "26.19"}, {"price": "0.47", "size": "400"}], "event_type": "book", "last_trade_price": ""}, {"market": "0xfd25ad3c1494e748c8acdf71c9ab8987d129cd2cbb543fcfff060ae4e216130a", "asset_id": "108247802798192818669684189819841756285732778286300781395422629706174493515599", "timestamp": "1769383638924", "hash": "80eadf4f1aa579669a4539d3a5a8c68427d640ab", "bids": [{"price": "0.01", "size": "105.85"}, {"price": "0.02", "size": "875"}, {"price": "0.03", "size": "7.21"}, {"price": "0.05", "size": "520"}, {"price": "0.06", "size": "39.1"}, {"price": "0.11", "size": "350"}, {"price": "0.12", "size": "10.48"}, {"price": "0.32", "size": "300"}, {"price": "0.36", "size": "200"}, {"price": "0.39", "size": "125"}, {"price": "0.42", "size": "75"}, {"price": "0.49", "size": "26.53"}, {"price": "0.5", "size": "22"}, {"price": "0.63", "size": "350"}, {"price": "0.64", "size": "50"}], "asks": [{"price": "0.99", "size": "95"}, {"price": "0.98", "size": "850"}, {"price": "0.97", "size": "16"}, {"price": "0.94", "size": "283"}, {"price": "0.87", "size": "300"}, {"price": "0.85", "size": "200"}, {"price": "0.84", "size": "125"}, {"price": "0.83", "size": "76.47"}, {"price": "0.82", "size": "136.11"}, {"price": "0.76", "size": "50"}, {"price": "0.75", "size": "350"}, {"price": "0.74", "size": "30"}], "event_type": "book", "last_trade_price": ""}, {"market": "0xcc6a03f72638f4c1b57e03716c54c6a4542efae9d2db1c74f807bed4364136aa", "asset_id": "48128769369244424363992116314818945841389734964390052053468694274516110656176", "timestamp": "1769383639196", "hash": "5beb6315688ada6f2695ad0dd810e034b121aa5a", "bids": [{"price": "0.01", "size": "106.28"}, {"price": "0.02", "size": "875"}, {"price": "0.03", "size": "12.02"}, {"price": "0.05", "size": "520"}, {"price": "0.06", "size": "33"}, {"price": "0.08", "size": "6.3"}, {"price": "0.11", "size": "350"}, {"price": "0.17", "size": "5.71"}, {"price": "0.24", "size": "300"}, {"price": "0.28", "size": "200"}, {"price": "0.29", "size": "8.5"}, {"price": "0.3", "size": "125"}, {"price": "0.32", "size": "75"}, {"price": "0.41", "size": "31.7"}, {"price": "0.42", "size": "26.19"}, {"price": "0.53", "size": "400"}], "asks": [{"price": "0.99", "size": "95"}, {"price": "0.98", "size": "850"}, {"price": "0.97", "size": "16"}, {"price": "0.94", "size": "783"}, {"price": "0.82", "size": "300"}, {"price": "0.8", "size": "200"}, {"price": "0.78", "size": "125"}, {"price": "0.77", "size": "75"}, {"price": "0.74", "size": "50"}, {"price": "0.73", "size": "40.74"}, {"price": "0.65", "size": "400"}, {"price": "0.64", "size": "8.5"}, {"price": "0.63", "size": "20"}], "event_type": "book", "last_trade_price": ""}, {"market": "0x6a1e3f71cce779fedc0bfac00a434c81ce661f39d55869ca5980f0aa92e6ab46", "asset_id": "84962747398683832874498443399265193623076184517034017210466664403205081291836", "timestamp": "1769383732109", "hash": "21345dd0e5358524b897db4b09a959bc2d457898", "bids": [{"price": "0.01", "size": "105.87"}, {"price": "0.02", "size": "875"}, {"price": "0.03", "size": "9.45"}, {"price": "0.05", "size": "820"}, {"price": "0.06", "size": "33"}, {"price": "0.07", "size": "22.25"}, {"price": "0.28", "size": "300"}, {"price": "0.32", "size": "200"}, {"price": "0.33", "size": "33.33"}, {"price": "0.35", "size": "125"}, {"price": "0.37", "size": "75"}, {"price": "0.6", "size": "21.66"}, {"price": "0.65", "size": "50"}], "asks": [{"price": "0.99", "size": "95"}, {"price": "0.98", "size": "150"}, {"price": "0.97", "size": "91"}, {"price": "0.89", "size": "300"}, {"price": "0.87", "size": "200"}, {"price": "0.86", "size": "125"}, {"price": "0.85", "size": "161.66"}, {"price": "0.84", "size": "68.75"}, {"price": "0.77", "size": "50"}, {"price": "0.76", "size": "30"}], "event_type": "book", "last_trade_price": ""}, {"market": "0xfd25ad3c1494e748c8acdf71c9ab8987d129cd2cbb543fcfff060ae4e216130a", "asset_id": "92989976823885041299763727443594395276707206814493175684700061881239200947352", "timestamp": "1769383638924", "hash": "51122643dc43a863fab63e922a9dd79adac0d84a", "bids": [{"price": "0.01", "size": "95"}, {"price": "0.02", "size": "850"}, {"price": "0.03", "size": "16"}, {"price": "0.06", "size": "283"}, {"price": "0.13", "size": "300"}, {"price": "0.15", "size": "200"}, {"price": "0.16", "size": "125"}, {"price": "0.17", "size": "76.47"}, {"price": "0.18", "size": "136.11"}, {"price": "0.24", "size": "50"}, {"price": "0.25", "size": "350"}, {"price": "0.26", "size": "30"}], "asks": [{"price": "0.99", "size": "105.85"}, {"price": "0.98", "size": "875"}, {"price": "0.97", "size": "7.21"}, {"price": "0.95", "size": "520"}, {"price": "0.94", "size": "39.1"}, {"price": "0.89", "size": "350"}, {"price": "0.88", "size": "10.48"}, {"price": "0.68", "size": "300"}, {"price": "0.64", "size": "200"}, {"price": "0.61", "size": "125"}, {"price": "0.58", "size": "75"}, {"price": "0.51", "size": "26.53"}, {"price": "0.5", "size": "22"}, {"price": "0.37", "size": "350"}, {"price": "0.36", "size": "50"}], "event_type": "book", "last_trade_price": ""}, {"market": "0x6a1e3f71cce779fedc0bfac00a434c81ce661f39d55869ca5980f0aa92e6ab46", "asset_id": "8282419433133548946853553878090508803099178050504733761035195753604322558601", "timestamp": "1769383732109", "hash": "4f5a4cd6eed8a6d3e948d29428cc2e8cad4587fa", "bids": [{"price": "0.01", "size": "95"}, {"price": "0.02", "size": "150"}, {"price": "0.03", "size": "91"}, {"price": "0.11", "size": "300"}, {"price": "0.13", "size": "200"}, {"price": "0.14", "size": "125"}, {"price": "0.15", "size": "161.66"}, {"price": "0.16", "size": "68.75"}, {"price": "0.23", "size": "50"}, {"price": "0.24", "size": "30"}], "asks": [{"price": "0.99", "size": "105.87"}, {"price": "0.98", "size": "875"}, {"price": "0.97", "size": "9.45"}, {"price": "0.95", "size": "820"}, {"price": "0.94", "size": "33"}, {"price": "0.93", "size": "22.25"}, {"price": "0.72", "size": "300"}, {"price": "0.68", "size": "200"}, {"price": "0.67", "size": "33.33"}, {"price": "0.65", "size": "125"}, {"price": "0.63", "size": "75"}, {"price": "0.4", "size": "21.66"}, {"price": "0.35", "size": "50"}], "event_type": "book", "last_trade_price": ""}]}
{"_local_timestamp": "2026-01-25T23:35:39.668683+00:00", "data": {"market": "0xcc6a03f72638f4c1b57e03716c54c6a4542efae9d2db1c74f807bed4364136aa", "price_changes": [{"asset_id": "48128769369244424363992116314818945841389734964390052053468694274516110656176", "price": "0.03", "size": "5.37", "side": "BUY", "hash": "9fba19d83f1e855048534ee511beefa819838ab3", "best_bid": "0.53", "best_ask": "0.63"}, {"asset_id": "95172411216593641032027677433913230039275331903398947979628824584410389526907", "price": "0.97", "size": "5.37", "side": "SELL", "hash": "66019ba272c63486996dcf4a171260443f6767e7", "best_bid": "0.37", "best_ask": "0.47"}], "timestamp": "1769384139587", "event_type": "price_change"}}
{"_local_timestamp": "2026-01-25T23:35:39.669369+00:00", "data": {"market": "0xcc6a03f72638f4c1b57e03716c54c6a4542efae9d2db1c74f807bed4364136aa", "price_changes": [{"asset_id": "48128769369244424363992116314818945841389734964390052053468694274516110656176", "price": "0.08", "size": "0", "side": "BUY", "hash": "9fba19d83f1e855048534ee511beefa819838ab3", "best_bid": "0.53", "best_ask": "0.63"}, {"asset_id": "95172411216593641032027677433913230039275331903398947979628824584410389526907", "price": "0.92", "size": "0", "side": "SELL", "hash": "66019ba272c63486996dcf4a171260443f6767e7", "best_bid": "0.37", "best_ask": "0.47"}], "timestamp": "1769384139587", "event_type": "price_change"}}
{"_local_timestamp": "2026-01-25T23:35:39.669642+00:00", "data": {"market": "0xcc6a03f72638f4c1b57e03716c54c6a4542efae9d2db1c74f807bed4364136aa", "price_changes": [{"asset_id": "48128769369244424363992116314818945841389734964390052053468694274516110656176", "price": "0.17", "size": "0", "side": "BUY", "hash": "9fba19d83f1e855048534ee511beefa819838ab3", "best_bid": "0.53", "best_ask": "0.63"}, {"asset_id": "95172411216593641032027677433913230039275331903398947979628824584410389526907", "price": "0.83", "size": "0", "side": "SELL", "hash": "66019ba272c63486996dcf4a171260443f6767e7", "best_bid": "0.37", "best_ask": "0.47"}], "timestamp": "1769384139587", "event_type": "price_change"}}
{"_local_timestamp": "2026-01-25T23:35:40.769400+00:00", "data": {"market": "0xcc6a03f72638f4c1b57e03716c54c6a4542efae9d2db1c74f807bed4364136aa", "price_changes": [{"asset_id": "48128769369244424363992116314818945841389734964390052053468694274516110656176", "price": "0.12", "size": "10.66", "side": "BUY", "hash": "1241726c658b18c8940b17bcf4891e9633804b4a", "best_bid": "0.53", "best_ask": "0.63"}, {"asset_id": "95172411216593641032027677433913230039275331903398947979628824584410389526907", "price": "0.88", "size": "10.66", "side": "SELL", "hash": "186df0e8af7635080d6e49b3c898c39b30be5048", "best_bid": "0.37", "best_ask": "0.47"}], "timestamp": "1769384140685", "event_type": "price_change"}}
{"_local_timestamp": "2026-01-25T23:35:40.769828+00:00", "data": {"market": "0xcc6a03f72638f4c1b57e03716c54c6a4542efae9d2db1c74f807bed4364136aa", "price_changes": [{"asset_id": "48128769369244424363992116314818945841389734964390052053468694274516110656176", "price": "0.06", "size": "39.59", "side": "BUY", "hash": "3cd7a47bf1334ab4030b781adcf87682761d3e02", "best_bid": "0.53", "best_ask": "0.63"}, {"asset_id": "95172411216593641032027677433913230039275331903398947979628824584410389526907", "price": "0.94", "size": "39.59", "side": "SELL", "hash": "651475b6708cf51b12b4cc697545deb25c36bcdf", "best_bid": "0.37", "best_ask": "0.47"}], "timestamp": "1769384140688", "event_type": "price_change"}}
