{"_local_timestamp": "2026-01-25T23:34:01.960162+00:00", "data": [{"market": "0x52466e28bd58c48a5291d16326044a6882deed85e65ddf48243556c190d021da", "asset_id": "41304568331024899051909520587817126112750130825857892197306521100839415923751", "timestamp": "1769383123105", "hash": "5660d54ca714c54d6cd14a591e7157cd829f4255", "bids": [{"price": "0.01", "size": "566.74"}, {"price": "0.02", "size": "158.94"}, {"price": "0.03", "size": "87"}, {"price": "0.05", "size": "13.74"}], "asks": [{"price": "0.99", "size": "550"}, {"price": "0.98", "size": "385"}], "event_type": "book", "last_trade_price": ""}, {"market": "0xd58e094ea95c1361b379610843124bc07dc94c6957eb51addd03a8e3e5392b71", "asset_id": "111669866606141147830386875764977319217408541728333224160676562334137230842074", "timestamp": "1769382484884", "hash": "774f22df1b6f662bd34916727562f68080f3003c", "bids": [{"price": "0.01", "size": "550"}, {"price": "0.02", "size": "385"}], "asks": [{"price": "0.99", "size": "564.79"}, {"price": "0.98", "size": "156.69"}, {"price": "0.97", "size": "93.56"}, {"price": "0.95", "size": "12.29"}], "event_type": "book", "last_trade_price": ""}, {"market": "0x52466e28bd58c48a5291d16326044a6882deed85e65ddf48243556c190d021da", "asset_id": "109010601321360840083312095106040085576788347803019524493598161034462781421681", "timestamp": "1769383123105", "hash": "15224d5f36bfe5b5cfd962716811a8210fa1604f", "bids": [{"price": "0.01", "size": "550"}, {"price": "0.02", "size": "385"}], "asks": [{"price": "0.99", "size": "566.74"}, {"price": "0.98", "size": "158.94"}, {"price": "0.97", "size": "87"}, {"price": "0.95", "size": "13.74"}], "event_type": "book", "last_trade_price": ""}, {"market": "0xfad4618f31c4919b2defb3eed39c86a7a14b9bf0ecf50d25b0502bdf603ecd4e", "asset_id": "29554911337715678046365791858809082517852373806634595891459391109983011779699", "timestamp": "1769382821964", "hash": "f1805228008a35d51db601ef8cf5d595f1d07ffc", "bids": [{"price": "0.01", "size": "566.74"}, {"price": "0.02", "size": "158.94"}, {"price": "0.03", "size": "95"}, {"price": "0.05", "size": "13.74"}], "asks": [{"price": "0.99", "size": "550"}, {"price": "0.98", "size": "385"}], "event_type": "book", "last_trade_price": ""}, {"market": "0xfad4618f31c4919b2defb3eed39c86a7a14b9bf0ecf50d25b0502bdf603ecd4e", "asset_id": "92555688037430146246459586932956664782805107550329555396795257337661856212890", "timestamp": "1769382821964", "hash": "719423f9e8aa13eca76b864d80593719d0bd590b", "bids": [{"price": "0.01", "size": "550"}, {"price": "0.02", "size": "385"}], "asks": [{"price": "0.99", "size": "566.74"}, {"price": "0.98", "size": "158.94"}, {"price": "0.97", "size": "95"}, {"price": "0.95", "size": "13.74"}], "event_type": "book", "last_trade_price": ""}, {"market": "0x0b1cf30b0670e16739fee8d92024b1d51b0aa218a39a8ee78d8880d857ead4a2", "asset_id": "16821432752070536779348716260070186214167576245203272559772264315401786852667", "timestamp": "1769383098408", "hash": "12bcb9b42228e329c4497bb1aff109ab7c8d7c07", "bids": [{"price": "0.01", "size": "564.79"}, {"price": "0.02", "size": "156.69"}, {"price": "0.03", "size": "87.56"}, {"price": "0.05", "size": "12.29"}], "asks": [{"price": "0.99", "size": "550"}, {"price": "0.98", "size": "400"}], "event_type": "book", "last_trade_price": ""}, {"market": "0x94d5b2a9fe383d9585a9a1bfc2993370df3244870947cb7f5e4310737cb7c7fb", "asset_id": "42838115430121504028467509344636128211185948556318482774073019509524421564136", "timestamp": "1769383260543", "hash": "6f69c839f3886a1d0be82e69642028163937bb17", "bids": [{"price": "0.01", "size": "664.79"}, {"price": "0.02", "size": "163.72"}, {"price": "0.03", "size": "75"}, {"price": "0.04", "size": "6.21"}, {"price": "0.05", "size": "30"}, {"price": "0.06", "size": "43.95"}], "asks": [{"price": "0.99", "size": "664.79"}, {"price": "0.98", "size": "182.03"}, {"price": "0.97", "size": "95.7"}, {"price": "0.96", "size": "32.5"}, {"price": "0.95", "size": "9"}, {"price": "0.94", "size": "33"}], "event_type": "book", "last_trade_price": ""}, {"market": "0x94d5b2a9fe383d9585a9a1bfc2993370df3244870947cb7f5e4310737cb7c7fb", "asset_id": "74062817442791888692749403577312567729225546631027209530542890263274463587085", "timestamp": "1769383260543", "hash": "85f7ed712d6577b7ee2cc93e8b1525e8028e34e8", "bids": [{"price": "0.01", "size": "664.79"}, {"price": "0.02", "size": "182.03"}, {"price": "0.03", "size": "95.7"}, {"price": "0.04", "size": "32.5"}, {"price": "0.05", "size": "9"}, {"price": "0.06", "size": "33"}], "asks": [{"price": "0.99", "size": "664.79"}, {"price": "0.98", "size": "163.72"}, {"price": "0.97", "size": "75"}, {"price": "0.96", "size": "6.21"}, {"price": "0.95", "size": "30"}, {"price": "0.94", "size": "43.95"}], "event_type": "book", "last_trade_price": ""}, {"market": "0x0b1cf30b0670e16739fee8d92024b1d51b0aa218a39a8ee78d8880d857ead4a2", "asset_id": "49174774001663986629796594564469749681170848700292534929060735595546893370730", "timestamp": "1769383098408", "hash": "9b267b760c5b4dcae9326d99dc9a267d5dc56b55", "bids": [{"price": "0.01", "size": "550"}, {"price": "0.02", "size": "400"}], "asks": [{"price": "0.99", "size": "564.79"}, {"price": "0.98", "size": "156.69"}, {"price": "0.97", "size": "87.56"}, {"price": "0.95", "size": "12.29"}], "event_type": "book", "last_trade_price": ""}, {"market": "0xd58e094ea95c1361b379610843124bc07dc94c6957eb51addd03a8e3e5392b71", "asset_id": "34833384301223705318084471612302741464434167750839341226045811246337174737207", "timestamp": "1769382484884", "hash": "7a92756f77e0dfcb74360de8520e853e7bdab1fe", "bids": [{"price": "0.01", "size": "564.79"}, {"price": "0.02", "size": "156.69"}, {"price": "0.03", "size": "93.56"}, {"price": "0.05", "size": "12.29"}], "asks": [{"price": "0.99", "size": "550"}, {"price": "0.98", "size": "385"}], "event_type": "book", "last_trade_price": ""}]}
