{"_local_timestamp": "2026-01-25T23:33:27.809739+00:00", "data": [{"market": "0xebf28e5d92859b1ec44a3de6c318d5ea5e941acd3e711a5c1881940bddf9eb1d", "asset_id": "113669290252502872188172215487062904393592293568945344164816546699431274379018", "timestamp": "1769384004287", "hash": "9a572e2cd691dc6ae3a736d8d77eba3f8777b834", "bids": [{"price": "0.001", "size": "11240.11"}, {"price": "0.002", "size": "485.98"}, {"price": "0.003", "size": "385.49"}, {"price": "0.004", "size": "283.25"}, {"price": "0.005", "size": "179.02"}, {"price": "0.006", "size": "57.56"}, {"price": "0.01", "size": "34.91"}, {"price": "0.011", "size": "30.61"}, {"price": "0.014", "size": "164"}, {"price": "0.015", "size": "34.91"}], "asks": [{"price": "0.999", "size": "3368.42"}, {"price": "0.998", "size": "1258.37"}, {"price": "0.997", "size": "1400"}, {"price": "0.996", "size": "14.4"}, {"price": "0.994", "size": "200"}, {"price": "0.99", "size": "9250"}, {"price": "0.989", "size": "7.23"}, {"price": "0.98", "size": "3700"}, {"price": "0.979", "size": "7.13"}, {"price": "0.96", "size": "625"}, {"price": "0.959", "size": "100"}, {"price": "0.958", "size": "6.45"}, {"price": "0.95", "size": "30"}, {"price": "0.949", "size": "39"}, {"price": "0.92", "size": "1625"}, {"price": "0.919", "size": "100"}, {"price": "0.918", "size": "100"}, {"price": "0.917", "size": "5.09"}, {"price": "0.89", "size": "650"}, {"price": "0.84", "size": "200"}, {"price": "0.836", "size": "6.06"}, {"price": "0.777", "size": "47"}, {"price": "0.61", "size": "150"}, {"price": "0.583", "size": "100"}, {"price": "0.582", "size": "5"}, {"price": "0.281", "size": "7.5"}, {"price": "0.279", "size": "7.5"}, {"price": "0.278", "size": "20"}], "event_type": "book", "last_trade_price": ""}, {"market": "0xebf28e5d92859b1ec44a3de6c318d5ea5e941acd3e711a5c1881940bddf9eb1d", "asset_id": "28646605537861979658419963520923659978004555833613016476104327792699999334763", "timestamp": "1769384004287", "hash": "ad8e56f5e9fd5289e4748d677c13a4709d48cc30", "bids": [{"price": "0.001", "size": "3368.42"}, {"price": "0.002", "size": "1258.37"}, {"price": "0.003", "size": "1400"}, {"price": "0.004", "size": "14.4"}, {"price": "0.006", "size": "200"}, {"price": "0.01", "size": "9250"}, {"price": "0.011", "size": "7.23"}, {"price": "0.02", "size": "3700"}, {"price": "0.021", "size": "7.13"}, {"price": "0.04", "size": "625"}, {"price": "0.041", "size": "100"}, {"price": "0.042", "size": "6.45"}, {"price": "0.05", "size": "30"}, {"price": "0.051", "size": "39"}, {"price": "0.08", "size": "1625"}, {"price": "0.081", "size": "100"}, {"price": "0.082", "size": "100"}, {"price": "0.083", "size": "5.09"}, {"price": "0.11", "size": "650"}, {"price": "0.16", "size": "200"}, {"price": "0.164", "size": "6.06"}, {"price": "0.223", "size": "47"}, {"price": "0.39", "size": "150"}, {"price": "0.417", "size": "100"}, {"price": "0.418", "size": "5"}, {"price": "0.719", "size": "7.5"}, {"price": "0.721", "size": "7.5"}, {"price": "0.722", "size": "20"}], "asks": [{"price": "0.999", "size": "11240.11"}, {"price": "0.998", "size": "485.98"}, {"price": "0.997", "size": "385.49"}, {"price": "0.996", "size": "283.25"}, {"price": "0.995", "size": "179.02"}, {"price": "0.994", "size": "57.56"}, {"price": "0.99", "size": "34.91"}, {"price": "0.989", "size": "30.61"}, {"price": "0.986", "size": "164"}, {"price": "0.985", "size": "34.91"}], "event_type": "book", "last_trade_price": ""}, {"market": "0xa0223131489a1bdb962bbd8deae635b7d7f999764469878ebdf68733bebb70a5", "asset_id": "44965207206967926414516744757598886306000712391624270945382085017495649408416", "timestamp": "1769383758852", "hash": "0286a403f297a50e1d014178c5682f55e1b52506", "bids": [{"price": "0.01", "size": "5509.8"}, {"price": "0.02", "size": "2200"}, {"price": "0.03", "size": "10.21"}, {"price": "0.05", "size": "30"}, {"price": "0.06", "size": "533"}, {"price": "0.1", "size": "860"}, {"price": "0.11", "size": "5.41"}, {"price": "0.14", "size": "842.85"}, {"price": "0.19", "size": "568.42"}, {"price": "0.24", "size": "266.66"}, {"price": "0.28", "size": "350"}, {"price": "0.29", "size": "114.65"}, {"price": "0.3", "size": "8.27"}, {"price": "0.34", "size": "70.58"}, {"price": "0.38", "size": "52.63"}, {"price": "0.6", "size": "191"}, {"price": "0.61", "size": "27"}, {"price": "0.7", "size": "50"}, {"price": "0.89", "size": "30.14"}, {"price": "0.9", "size": "8.04"}], "asks": [{"price": "0.99", "size": "3830"}, {"price": "0.98", "size": "1514.69"}, {"price": "0.97", "size": "459.4"}, {"price": "0.96", "size": "381.77"}, {"price": "0.95", "size": "19.2"}], "event_type": "book", "last_trade_price": "0.080"}, {"market": "0xa0223131489a1bdb962bbd8deae635b7d7f999764469878ebdf68733bebb70a5", "asset_id": "70349663876151954280796766871207342825440495625154244788215119843029878157206", "timestamp": "1769383758852", "hash": "06cd56e80574ee18d25870c24a689e9a6ee590ea", "bids": [{"price": "0.01", "size": "3830"}, {"price": "0.02", "size": "1514.69"}, {"price": "0.03", "size": "459.4"}, {"price": "0.04", "size": "381.77"}, {"price": "0.05", "size": "19.2"}], "asks": [{"price": "0.99", "size": "5509.8"}, {"price": "0.98", "size": "2200"}, {"price": "0.97", "size": "10.21"}, {"price": "0.95", "size": "30"}, {"price": "0.94", "size": "533"}, {"price": "0.9", "size": "860"}, {"price": "0.89", "size": "5.41"}, {"price": "0.86", "size": "842.85"}, {"price": "0.81", "size": "568.42"}, {"price": "0.76", "size": "266.66"}, {"price": "0.72", "size": "350"}, {"price": "0.71", "size": "114.65"}, {"price": "0.7", "size": "8.27"}, {"price": "0.66", "size": "70.58"}, {"price": "0.62", "size": "52.63"}, {"price": "0.4", "size": "191"}, {"price": "0.39", "size": "27"}, {"price": "0.3", "size": "50"}, {"price": "0.11", "size": "30.14"}, {"price": "0.1", "size": "8.04"}], "event_type": "book", "last_trade_price": "0.080"}]}
{"_local_timestamp": "2026-01-25T23:33:52.297450+00:00", "data": {"market": "0xebf28e5d92859b1ec44a3de6c318d5ea5e941acd3e711a5c1881940bddf9eb1d", "price_changes": [{"asset_id": "28646605537861979658419963520923659978004555833613016476104327792699999334763", "price": "0.16", "size": "150", "side": "BUY", "hash": "383cfda927a0d8977e267bf863673eb580cdc0ff", "best_bid": "0.722", "best_ask": "0.985"}, {"asset_id": "113669290252502872188172215487062904393592293568945344164816546699431274379018", "price": "0.84", "size": "150", "side": "SELL", "hash": "cbbde51cd3617f2127e3ea5c3b7c7f2e210b2cfa", "best_bid": "0.015", "best_ask": "0.278"}], "timestamp": "1769384032220", "event_type": "price_change"}}
{"_local_timestamp": "2026-01-25T23:33:52.668603+00:00", "data": {"market": "0xebf28e5d92859b1ec44a3de6c318d5ea5e941acd3e711a5c1881940bddf9eb1d", "price_changes": [{"asset_id": "28646605537861979658419963520923659978004555833613016476104327792699999334763", "price": "0.163", "size": "50", "side": "BUY", "hash": "5d32a8bf4275bd429cac385b6b84816ffedf2f36", "best_bid": "0.722", "best_ask": "0.985"}, {"asset_id": "113669290252502872188172215487062904393592293568945344164816546699431274379018", "price": "0.837", "size": "50", "side": "SELL", "hash": "36e75edfba4719c7c14e78bec874e0a6a64ba3f2", "best_bid": "0.015", "best_ask": "0.278"}], "timestamp": "1769384032600", "event_type": "price_change"}}
{"_local_timestamp": "2026-01-25T23:34:34.187194+00:00", "data": {"market": "0xa0223131489a1bdb962bbd8deae635b7d7f999764469878ebdf68733bebb70a5", "price_changes": [{"asset_id": "70349663876151954280796766871207342825440495625154244788215119843029878157206", "price": "0.02", "size": "1500", "side": "BUY", "hash": "d9beba14dcb3b41b1082012d73ad7b786f80ed07", "best_bid": "0.05", "best_ask": "0.1"}, {"asset_id": "44965207206967926414516744757598886306000712391624270945382085017495649408416", "price": "0.98", "size": "1500", "side": "SELL", "hash": "63410f0be89515d2a6cdabca16d60c3b934abd49", "best_bid": "0.9", "best_ask": "0.95"}], "timestamp": "1769384074117", "event_type": "price_change"}}
{"_local_timestamp": "2026-01-25T23:34:34.188439+00:00", "data": {"market": "0xa0223131489a1bdb962bbd8deae635b7d7f999764469878ebdf68733bebb70a5", "price_changes": [{"asset_id": "70349663876151954280796766871207342825440495625154244788215119843029878157206", "price": "0.05", "size": "9.01", "side": "BUY", "hash": "d9beba14dcb3b41b1082012d73ad7b786f80ed07", "best_bid": "0.05", "best_ask": "0.1"}, {"asset_id": "44965207206967926414516744757598886306000712391624270945382085017495649408416", "price": "0.95", "size": "9.01", "side": "SELL", "hash": "63410f0be89515d2a6cdabca16d60c3b934abd49", "best_bid": "0.9", "best_ask": "0.95"}], "timestamp": "1769384074117", "event_type": "price_change"}}
{"_local_timestamp": "2026-01-25T23:34:34.458269+00:00", "data": {"market": "0xa0223131489a1bdb962bbd8deae635b7d7f999764469878ebdf68733bebb70a5", "price_changes": [{"asset_id": "70349663876151954280796766871207342825440495625154244788215119843029878157206", "price": "0.02", "size": "1514.69", "side": "BUY", "hash": "b856a336583a0c39b97444e8f0e39dbbc62a15be", "best_bid": "0.05", "best_ask": "0.1"}, {"asset_id": "44965207206967926414516744757598886306000712391624270945382085017495649408416", "price": "0.98", "size": "1514.69", "side": "SELL", "hash": "5b0922347e1f2aae53dea5f356bf0f2482306373", "best_bid": "0.9", "best_ask": "0.95"}], "timestamp": "1769384074383", "event_type": "price_change"}}
{"_local_timestamp": "2026-01-25T23:34:34.461118+00:00", "data": {"market": "0xa0223131489a1bdb962bbd8deae635b7d7f999764469878ebdf68733bebb70a5", "price_changes": [{"asset_id": "70349663876151954280796766871207342825440495625154244788215119843029878157206", "price": "0.05", "size": "19.2", "side": "BUY", "hash": "93b129079923ce0052196fcecd21ca2a2abd63fa", "best_bid": "0.05", "best_ask": "0.1"}, {"asset_id": "44965207206967926414516744757598886306000712391624270945382085017495649408416", "price": "0.95", "size": "19.2", "side": "SELL", "hash": "48c48bfc82658a02b4515b6b0f3c09d065f5648e", "best_bid": "0.9", "best_ask": "0.95"}], "timestamp": "1769384074384", "event_type": "price_change"}}
