{"_local_timestamp": "2026-01-25T23:33:27.809739+00:00", "data": [{"market": "0xebf28e5d92859b1ec44a3de6c318d5ea5e941acd3e711a5c1881940bddf9eb1d", "asset_id": "113669290252502872188172215487062904393592293568945344164816546699431274379018", "timestamp": "1769384004287", "hash": "9a572e2cd691dc6ae3a736d8d77eba3f8777b834", "bids": [{"price": "0.001", "size": "11240.11"}, {"price": "0.002", "size": "485.98"}, {"price": "0.003", "size": "385.49"}, {"price": "0.004", "size": "283.25"}, {"price": "0.005", "size": "179.02"}, {"price": "0.006", "size": "57.56"}, {"price": "0.01", "size": "34.91"}, {"price": "0.011", "size": "30.61"}, {"price": "0.014", "size": "164"}, {"price": "0.015", "size": "34.91"}], "asks": [{"price": "0.999", "size": "3368.42"}, {"price": "0.998", "size": "1258.37"}, {"price": "0.997", "size": "1400"}, {"price": "0.996", "size": "14.4"}, {"price": "0.994", "size": "200"}, {"price": "0.99", "size": "9250"}, {"price": "0.989", "size": "7.23"}, {"price": "0.98", "size": "3700"}, {"price": "0.979", "size": "7.13"}, {"price": "0.96", "size": "625"}, {"price": "0.959", "size": "100"}, {"price": "0.958", "size": "6.45"}, {"price": "0.95", "size": "30"}, {"price": "0.949", "size": "39"}, {"price": "0.92", "size": "1625"}, {"price": "0.919", "size": "100"}, {"price": "0.918", "size": "100"}, {"price": "0.917", "size": "5.09"}, {"price": "0.89", "size": "650"}, {"price": "0.84", "size": "200"}, {"price": "0.836", "size": "6.06"}, {"price": "0.777", "size": "47"}, {"price": "0.61", "size": "150"}, {"price": "0.583", "size": "100"}, {"price": "0.582", "size": "5"}, {"price": "0.281", "size": "7.5"}, {"price": "0.279", "size": "7.5"}, {"price": "0.278", "size": "20"}], "event_type": "book", "last_trade_price": ""}, {"market": "0xebf28e5d92859b1ec44a3de6c318d5ea5e941acd3e711a5c1881940bddf9eb1d", "asset_id": "28646605537861979658419963520923659978004555833613016476104327792699999334763", "timestamp": "1769384004287", "hash": "ad8e56f5e9fd5289e4748d677c13a4709d48cc30", "bids": [{"price": "0.001", "size": "3368.42"}, {"price": "0.002", "size": "1258.37"}, {"price": "0.003", "size": "1400"}, {"price": "0.004", "size": "14.4"}, {"price": "0.006", "size": "200"}, {"price": "0.01", "size": "9250"}, {"price": "0.011", "size": "7.23"}, {"price": "0.02", "size": "3700"}, {"price": "0.021", "size": "7.13"}, {"price": "0.04", "size": "625"}, {"price": "0.041", "size": "100"}, {"price": "0.042", "size": "6.45"}, {"price": "0.05", "size": "30"}, {"price": "0.051", "size": "39"}, {"price": "0.08", "size": "1625"}, {"price": "0.081", "size": "100"}, {"price": "0.082", "size": "100"}, {"price": "0.083", "size": "5.09"}, {"price": "0.11", "size": "650"}, {"price": "0.16", "size": "200"}, {"price": "0.164", "size": "6.06"}, {"price": "0.223", "size": "47"}, {"price": "0.39", "size": "150"}, {"price": "0.417", "size": "100"}, {"price": "0.418", "size": "5"}, {"price": "0.719", "size": "7.5"}, {"price": "0.721", "size": "7.5"}, {"price": "0.722", "size": "20"}], "asks": [{"price": "0.999", "size": "11240.11"}, {"price": "0.998", "size": "485.98"}, {"price": "0.997", "size": "385.49"}, {"price": "0.996", "size": "283.25"}, {"price": "0.995", "size": "179.02"}, {"price": "0.994", "size": "57.56"}, {"price": "0.99", "size": "34.91"}, {"price": "0.989", "size": "30.61"}, {"price": "0.986", "size": "164"}, {"price": "0.985", "size": "34.91"}], "event_type": "book", "last_trade_price": ""}, {"market": "0xa0223131489a1bdb962bbd8deae635b7d7f999764469878ebdf68733bebb70a5", "asset_id": "44965207206967926414516744757598886306000712391624270945382085017495649408416", "timestamp": "1769383758852", "hash": "0286a403f297a50e1d014178c5682f55e1b52506", "bids": [{"price": "0.01", "size": "5509.8"}, {"price": "0.02", "size": "2200"}, {"price": "0.03", "size": "10.21"}, {"price": "0.05", "size": "30"}, {"price": "0.06", "size": "533"}, {"price": "0.1", "size": "860"}, {"price": "0.11", "size": "5.41"}, {"price": "0.14", "size": "842.85"}, {"price": "0.19", "size": "568.42"}, {"price": "0.24", "size": "266.66"}, {"price": "0.28", "size": "350"}, {"price": "0.29", "size": "114.65"}, {"price": "0.3", "size": "8.27"}, {"price": "0.34", "size": "70.58"}, {"price": "0.38", "size": "52.63"}, {"price": "0.6", "size": "191"}, {"price": "0.61", "size": "27"}, {"price": "0.7", "size": "50"}, {"price": "0.89", "size": "30.14"}, {"price": "0.9", "size": "8.04"}], "asks": [{"price": "0.99", "size": "3830"}, {"price": "0.98", "size": "1514.69"}, {"price": "0.97", "size": "459.4"}, {"price": "0.96", "size": "381.77"}, {"price": "0.95", "size": "19.2"}], "event_type": "book", "last_trade_price": "0.080"}, {"market": "0xa0223131489a1bdb962bbd8deae635b7d7f999764469878ebdf68733bebb70a5", "asset_id": "70349663876151954280796766871207342825440495625154244788215119843029878157206", "timestamp": "1769383758852", "hash": "06cd56e80574ee18d25870c24a689e9a6ee590ea", "bids": [{"price": "0.01", "size": "3830"}, {"price": "0.02", "size": "1514.69"}, {"price": "0.03", "size": "459.4"}, {"price": "0.04", "size": "381.77"}, {"price": "0.05", "size": "19.2"}], "asks": [{"price": "0.99", "size": "5509.8"}, {"price": "0.98", "size": "2200"}, {"price": "0.97", "size": "10.21"}, {"price": "0.95", "size": "30"}, {"price": "0.94", "size": "533"}, {"price": "0.9", "size": "860"}, {"price": "0.89", "size": "5.41"}, {"price": "0.86", "size": "842.85"}, {"price": "0.81", "size": "568.42"}, {"price": "0.76", "size": "266.66"}, {"price": "0.72", "size": "350"}, {"price": "0.71", "size": "114.65"}, {"price": "0.7", "size": "8.27"}, {"price": "0.66", "size": "70.58"}, {"price": "0.62", "size": "52.63"}, {"price": "0.4", "size": "191"}, {"price": "0.39", "size": "27"}, {"price": "0.3", "size": "50"}, {"price": "0.11", "size": "30.14"}, {"price": "0.1", "size": "8.04"}], "event_type": "book", "last_trade_price": "0.080"}]}
{"_local_timestamp": "2026-01-25T23:33:52.297450+00:00", "data": {"market": "0xebf28e5d92859b1ec44a3de6c318d5ea5e941acd3e711a5c1881940bddf9eb1d", "price_changes": [{"asset_id": "28646605537861979658419963520923659978004555833613016476104327792699999334763", "price": "0.16", "size": "150", "side": "BUY", "hash": "383cfda927a0d8977e267bf863673eb580cdc0ff", "best_bid": "0.722", "best_ask": "0.985"}, {"asset_id": "113669290252502872188172215487062904393592293568945344164816546699431274379018", "price": "0.84", "size": "150", "side": "SELL", "hash": "cbbde51cd3617f2127e3ea5c3b7c7f2e210b2cfa", "best_bid": "0.015", "best_ask": "0.278"}], "timestamp": "1769384032220", "event_type": "price_change"}}
{"_local_timestamp": "2026-01-25T23:33:52.668603+00:00", "data": {"market": "0xebf28e5d92859b1ec44a3de6c318d5ea5e941acd3e711a5c1881940bddf9eb1d", "price_changes": [{"asset_id": "28646605537861979658419963520923659978004555833613016476104327792699999334763", "price": "0.163", "size": "50", "side": "BUY", "hash": "5d32a8bf4275bd429cac385b6b84816ffedf2f36", "best_bid": "0.722", "best_ask": "0.985"}, {"asset_id": "113669290252502872188172215487062904393592293568945344164816546699431274379018", "price": "0.837", "size": "50", "side": "SELL", "hash": "36e75edfba4719c7c14e78bec874e0a6a64ba3f2", "best_bid": "0.015", "best_ask": "0.278"}], "timestamp": "1769384032600", "event_type": "price_change"}}
{"_local_timestamp": "2026-01-25T23:34:34.187194+00:00", "data": {"market": "0xa0223131489a1bdb962bbd8deae635b7d7f999764469878ebdf68733bebb70a5", "price_changes": [{"asset_id": "70349663876151954280796766871207342825440495625154244788215119843029878157206", "price": "0.02", "size": "1500", "side": "BUY", "hash": "d9beba14dcb3b41b1082012d73ad7b786f80ed07", "best_bid": "0.05", "best_ask": "0.1"}, {"asset_id": "44965207206967926414516744757598886306000712391624270945382085017495649408416", "price": "0.98", "size": "1500", "side": "SELL", "hash": "63410f0be89515d2a6cdabca16d60c3b934abd49", "best_bid": "0.9", "best_ask": "0.95"}], "timestamp": "1769384074117", "event_type": "price_change"}}
{"_local_timestamp": "2026-01-25T23:34:34.188439+00:00", "data": {"market": "0xa0223131489a1bdb962bbd8deae635b7d7f999764469878ebdf68733bebb70a5", "price_changes": [{"asset_id": "70349663876151954280796766871207342825440495625154244788215119843029878157206", "price": "0.05", "size": "9.01", "side": "BUY", "hash": "d9beba14dcb3b41b1082012d73ad7b786f80ed07", "best_bid": "0.05", "best_ask": "0.1"}, {"asset_id": "44965207206967926414516744757598886306000712391624270945382085017495649408416", "price": "0.95", "size": "9.01", "side": "SELL", "hash": "63410f0be89515d2a6cdabca16d60c3b934abd49", "best_bid": "0.9", "best_ask": "0.95"}], "timestamp": "1769384074117", "event_type": "price_change"}}
{"_local_timestamp": "2026-01-25T23:34:34.458269+00:00", "data": {"market": "0xa0223131489a1bdb962bbd8deae635b7d7f999764469878ebdf68733bebb70a5", "price_changes": [{"asset_id": "70349663876151954280796766871207342825440495625154244788215119843029878157206", "price": "0.02", "size": "1514.69", "side": "BUY", "hash": "b856a336583a0c39b97444e8f0e39dbbc62a15be", "best_bid": "0.05", "best_ask": "0.1"}, {"asset_id": "44965207206967926414516744757598886306000712391624270945382085017495649408416", "price": "0.98", "size": "1514.69", "side": "SELL", "hash": "5b0922347e1f2aae53dea5f356bf0f2482306373", "best_bid": "0.9", "best_ask": "0.95"}], "timestamp": "1769384074383", "event_type": "price_change"}}
{"_local_timestamp": "2026-01-25T23:34:34.461118+00:00", "data": {"market": "0xa0223131489a1bdb962bbd8deae635b7d7f999764469878ebdf68733bebb70a5", "price_changes": [{"asset_id": "70349663876151954280796766871207342825440495625154244788215119843029878157206", "price": "0.05", "size": "19.2", "side": "BUY", "hash": "93b129079923ce0052196fcecd21ca2a2abd63fa", "best_bid": "0.05", "best_ask": "0.1"}, {"asset_id": "44965207206967926414516744757598886306000712391624270945382085017495649408416", "price": "0.95", "size": "19.2", "side": "SELL", "hash": "48c48bfc82658a02b4515b6b0f3c09d065f5648e", "best_bid": "0.9", "best_ask": "0.95"}], "timestamp": "1769384074384", "event_type": "price_change"}}
{"_local_timestamp": "2026-01-25T23:34:40.559878+00:00", "data": {"market": "0xebf28e5d92859b1ec44a3de6c318d5ea5e941acd3e711a5c1881940bddf9eb1d", "price_changes": [{"asset_id": "28646605537861979658419963520923659978004555833613016476104327792699999334763", "price": "0.163", "size": "0", "side": "BUY", "hash": "1b523939aa4bc3671c1794e56ea1660d6ecf5101", "best_bid": "0.722", "best_ask": "0.985"}, {"asset_id": "113669290252502872188172215487062904393592293568945344164816546699431274379018", "price": "0.837", "size": "0", "side": "SELL", "hash": "15e821d39ad393d7b2a25dc85ea292cc77cb956f", "best_bid": "0.015", "best_ask": "0.278"}], "timestamp": "1769384080351", "event_type": "price_change"}}
{"_local_timestamp": "2026-01-25T23:34:40.774978+00:00", "data": {"market": "0xebf28e5d92859b1ec44a3de6c318d5ea5e941acd3e711a5c1881940bddf9eb1d", "price_changes": [{"asset_id": "28646605537861979658419963520923659978004555833613016476104327792699999334763", "price": "0.16", "size": "200", "side": "BUY", "hash": "46ab65759684e8754022d6b6efdcd5014e0c24cb", "best_bid": "0.722", "best_ask": "0.985"}, {"asset_id": "113669290252502872188172215487062904393592293568945344164816546699431274379018", "price": "0.84", "size": "200", "side": "SELL", "hash": "164927d20c6608964d77ba1a13d2174137fff584", "best_bid": "0.015", "best_ask": "0.278"}], "timestamp": "1769384080666", "event_type": "price_change"}}
{"_local_timestamp": "2026-01-25T23:34:43.630686+00:00", "data": {"market": "0xebf28e5d92859b1ec44a3de6c318d5ea5e941acd3e711a5c1881940bddf9eb1d", "price_changes": [{"asset_id": "28646605537861979658419963520923659978004555833613016476104327792699999334763", "price": "0.16", "size": "50", "side": "BUY", "hash": "8106d2cb8bf9b94d7da7287cb3bcbf31326f3e2c", "best_bid": "0.722", "best_ask": "0.985"}, {"asset_id": "113669290252502872188172215487062904393592293568945344164816546699431274379018", "price": "0.84", "size": "50", "side": "SELL", "hash": "6ecd685c9eff94021e30a6bad35ce5fa9402ed9d", "best_bid": "0.015", "best_ask": "0.278"}], "timestamp": "1769384083546", "event_type": "price_change"}}
{"_local_timestamp": "2026-01-25T23:34:43.898340+00:00", "data": {"market": "0xebf28e5d92859b1ec44a3de6c318d5ea5e941acd3e711a5c1881940bddf9eb1d", "price_changes": [{"asset_id": "28646605537861979658419963520923659978004555833613016476104327792699999334763", "price": "0.163", "size": "150", "side": "BUY", "hash": "d635e6a81f87e05f91c19cb4b7bd134a90b181d6", "best_bid": "0.722", "best_ask": "0.985"}, {"asset_id": "113669290252502872188172215487062904393592293568945344164816546699431274379018", "price": "0.837", "size": "150", "side": "SELL", "hash": "2de54de6fe9f53e9fc1a60ef4361e70d8789de97", "best_bid": "0.015", "best_ask": "0.278"}], "timestamp": "1769384083805", "event_type": "price_change"}}
{"_local_timestamp": "2026-01-25T23:35:23.752175+00:00", "data": {"market": "0xebf28e5d92859b1ec44a3de6c318d5ea5e941acd3e711a5c1881940bddf9eb1d", "price_changes": [{"asset_id": "28646605537861979658419963520923659978004555833613016476104327792699999334763", "price": "0.163", "size": "0", "side": "BUY", "hash": "545f8610bbad7bcef9b3192d9129215232b26b32", "best_bid": "0.722", "best_ask": "0.985"}, {"asset_id": "113669290252502872188172215487062904393592293568945344164816546699431274379018", "price": "0.837", "size": "0", "side": "SELL", "hash": "48ba3154ab762eb30698cd138c8c938a979a564a", "best_bid": "0.015", "best_ask": "0.278"}], "timestamp": "1769384123670", "event_type": "price_change"}}
{"_local_timestamp": "2026-01-25T23:35:24.242787+00:00", "data": {"market": "0xebf28e5d92859b1ec44a3de6c318d5ea5e941acd3e711a5c1881940bddf9eb1d", "price_changes": [{"asset_id": "28646605537861979658419963520923659978004555833613016476104327792699999334763", "price": "0.16", "size": "200", "side": "BUY", "hash": "7e4f00ca44ca6ae8f6cc4bc0b67043df654b5b4a", "best_bid": "0.722", "best_ask": "0.985"}, {"asset_id": "113669290252502872188172215487062904393592293568945344164816546699431274379018", "price": "0.84", "size": "200", "side": "SELL", "hash": "08b8982cb0744496c313037c3d303b3822b1133a", "best_bid": "0.015", "best_ask": "0.278"}], "timestamp": "1769384123993", "event_type": "price_change"}}
{"_local_timestamp": "2026-01-25T23:35:30.788248+00:00", "data": {"market": "0xebf28e5d92859b1ec44a3de6c318d5ea5e941acd3e711a5c1881940bddf9eb1d", "price_changes": [{"asset_id": "28646605537861979658419963520923659978004555833613016476104327792699999334763", "price": "0.16", "size": "150", "side": "BUY", "hash": "9b049e23468f98bda24aae5db4095702b1dd830a", "best_bid": "0.722", "best_ask": "0.985"}, {"asset_id": "113669290252502872188172215487062904393592293568945344164816546699431274379018", "price": "0.84", "size": "150", "side": "SELL", "hash": "5e815776aedd562042ea3328f6e4711cbcfe1ceb", "best_bid": "0.015", "best_ask": "0.278"}], "timestamp": "1769384130711", "event_type": "price_change"}}
{"_local_timestamp": "2026-01-25T23:35:31.112866+00:00", "data": {"market": "0xebf28e5d92859b1ec44a3de6c318d5ea5e941acd3e711a5c1881940bddf9eb1d", "price_changes": [{"asset_id": "28646605537861979658419963520923659978004555833613016476104327792699999334763", "price": "0.163", "size": "50", "side": "BUY", "hash": "214ff9270296fcaa0351790d1a96cc25ac47a515", "best_bid": "0.722", "best_ask": "0.985"}, {"asset_id": "113669290252502872188172215487062904393592293568945344164816546699431274379018", "price": "0.837", "size": "50", "side": "SELL", "hash": "25ce1bc8c8360cacc4786a3ad342761fb432de3b", "best_bid": "0.015", "best_ask": "0.278"}], "timestamp": "1769384131047", "event_type": "price_change"}}
{"_local_timestamp": "2026-01-25T23:35:58.695378+00:00", "data": {"market": "0xebf28e5d92859b1ec44a3de6c318d5ea5e941acd3e711a5c1881940bddf9eb1d", "price_changes": [{"asset_id": "28646605537861979658419963520923659978004555833613016476104327792699999334763", "price": "0.722", "size": "70", "side": "BUY", "hash": "cd4409407c2135db2101ed23e444ee9da00c211e", "best_bid": "0.722", "best_ask": "0.985"}, {"asset_id": "113669290252502872188172215487062904393592293568945344164816546699431274379018", "price": "0.278", "size": "70", "side": "SELL", "hash": "87aceef840b8b246a06ff3297c7321be649db6f4", "best_bid": "0.015", "best_ask": "0.278"}], "timestamp": "1769384158626", "event_type": "price_change"}}
{"_local_timestamp": "2026-01-25T23:35:58.696616+00:00", "data": {"market": "0xebf28e5d92859b1ec44a3de6c318d5ea5e941acd3e711a5c1881940bddf9eb1d", "price_changes": [{"asset_id": "28646605537861979658419963520923659978004555833613016476104327792699999334763", "price": "0.723", "size": "100", "side": "BUY", "hash": "ea626c726ed1a146b462d7e2c8886d4326ad32c8", "best_bid": "0.723", "best_ask": "0.985"}, {"asset_id": "113669290252502872188172215487062904393592293568945344164816546699431274379018", "price": "0.277", "size": "100", "side": "SELL", "hash": "4e61f18c650de9a7535f4b7d774564dd74245c20", "best_bid": "0.015", "best_ask": "0.277"}], "timestamp": "1769384158627", "event_type": "price_change"}}
{"_local_timestamp": "2026-01-25T23:36:02.242105+00:00", "data": {"market": "0xebf28e5d92859b1ec44a3de6c318d5ea5e941acd3e711a5c1881940bddf9eb1d", "price_changes": [{"asset_id": "28646605537861979658419963520923659978004555833613016476104327792699999334763", "price": "0.722", "size": "50", "side": "BUY", "hash": "fccf3722c90a3a8b6f22236f715a1b18bb3ba87f", "best_bid": "0.723", "best_ask": "0.985"}, {"asset_id": "113669290252502872188172215487062904393592293568945344164816546699431274379018", "price": "0.278", "size": "50", "side": "SELL", "hash": "4e9e6c5212b32b230fe69a6bfc306d1020d4bc49", "best_bid": "0.015", "best_ask": "0.277"}], "timestamp": "1769384162176", "event_type": "price_change"}}
{"_local_timestamp": "2026-01-25T23:36:02.273830+00:00", "data": {"market": "0xebf28e5d92859b1ec44a3de6c318d5ea5e941acd3e711a5c1881940bddf9eb1d", "price_changes": [{"asset_id": "28646605537861979658419963520923659978004555833613016476104327792699999334763", "price": "0.724", "size": "20", "side": "BUY", "hash": "2f79061c9541ad046374e152ee79808b82a49090", "best_bid": "0.724", "best_ask": "0.985"}, {"asset_id": "113669290252502872188172215487062904393592293568945344164816546699431274379018", "price": "0.276", "size": "20", "side": "SELL", "hash": "6b21ce892e185e35500f5bbaeb8261f1ee235b1e", "best_bid": "0.015", "best_ask": "0.276"}], "timestamp": "1769384162202", "event_type": "price_change"}}
{"_local_timestamp": "2026-01-25T23:36:02.638532+00:00", "data": {"market": "0xebf28e5d92859b1ec44a3de6c318d5ea5e941acd3e711a5c1881940bddf9eb1d", "price_changes": [{"asset_id": "28646605537861979658419963520923659978004555833613016476104327792699999334763", "price": "0.723", "size": "130", "side": "BUY", "hash": "285628c3d6b4b27678b83189e22e224d40631e6c", "best_bid": "0.724", "best_ask": "0.985"}, {"asset_id": "113669290252502872188172215487062904393592293568945344164816546699431274379018", "price": "0.277", "size": "130", "side": "SELL", "hash": "981942ea0b0bb5fd89d5e1310c790d630894e087", "best_bid": "0.015", "best_ask": "0.276"}], "timestamp": "1769384162557", "event_type": "price_change"}}
{"_local_timestamp": "2026-01-25T23:36:11.342563+00:00", "data": {"market": "0xebf28e5d92859b1ec44a3de6c318d5ea5e941acd3e711a5c1881940bddf9eb1d", "price_changes": [{"asset_id": "28646605537861979658419963520923659978004555833613016476104327792699999334763", "price": "0.163", "size": "0", "side": "BUY", "hash": "22b101f7d7292c1d325749eadfac9339ec3b021b", "best_bid": "0.724", "best_ask": "0.985"}, {"asset_id": "113669290252502872188172215487062904393592293568945344164816546699431274379018", "price": "0.837", "size": "0", "side": "SELL", "hash": "8f0892dde11c15f580418a2d75d5a28f6046469f", "best_bid": "0.015", "best_ask": "0.276"}], "timestamp": "1769384171269", "event_type": "price_change"}}
{"_local_timestamp": "2026-01-25T23:36:11.638282+00:00", "data": {"market": "0xebf28e5d92859b1ec44a3de6c318d5ea5e941acd3e711a5c1881940bddf9eb1d", "price_changes": [{"asset_id": "28646605537861979658419963520923659978004555833613016476104327792699999334763", "price": "0.16", "size": "200", "side": "BUY", "hash": "2e36dfa6f531fa41a7d40349318e666768bc6c4e", "best_bid": "0.724", "best_ask": "0.985"}, {"asset_id": "113669290252502872188172215487062904393592293568945344164816546699431274379018", "price": "0.84", "size": "200", "side": "SELL", "hash": "6e37a0b0750225ffb3202e133b04fde6bcf1331b", "best_bid": "0.015", "best_ask": "0.276"}], "timestamp": "1769384171566", "event_type": "price_change"}}
{"_local_timestamp": "2026-01-25T23:36:20.975743+00:00", "data": {"market": "0xebf28e5d92859b1ec44a3de6c318d5ea5e941acd3e711a5c1881940bddf9eb1d", "price_changes": [{"asset_id": "28646605537861979658419963520923659978004555833613016476104327792699999334763", "price": "0.723", "size": "30", "side": "BUY", "hash": "0ca962b6e4014f742c82aa074ae8435bde07d582", "best_bid": "0.724", "best_ask": "0.985"}, {"asset_id": "113669290252502872188172215487062904393592293568945344164816546699431274379018", "price": "0.277", "size": "30", "side": "SELL", "hash": "d88c9e0a55a18d13a897b4095bfe5a39c04fb662", "best_bid": "0.015", "best_ask": "0.276"}], "timestamp": "1769384180909", "event_type": "price_change"}}
{"_local_timestamp": "2026-01-25T23:36:20.976352+00:00", "data": {"market": "0xebf28e5d92859b1ec44a3de6c318d5ea5e941acd3e711a5c1881940bddf9eb1d", "price_changes": [{"asset_id": "28646605537861979658419963520923659978004555833613016476104327792699999334763", "price": "0.722", "size": "0", "side": "BUY", "hash": "0ca962b6e4014f742c82aa074ae8435bde07d582", "best_bid": "0.724", "best_ask": "0.985"}, {"asset_id": "113669290252502872188172215487062904393592293568945344164816546699431274379018", "price": "0.278", "size": "0", "side": "SELL", "hash": "d88c9e0a55a18d13a897b4095bfe5a39c04fb662", "best_bid": "0.015", "best_ask": "0.276"}], "timestamp": "1769384180909", "event_type": "price_change"}}
{"_local_timestamp": "2026-01-25T23:36:21.557964+00:00", "data": {"market": "0xebf28e5d92859b1ec44a3de6c318d5ea5e941acd3e711a5c1881940bddf9eb1d", "price_changes": [{"asset_id": "28646605537861979658419963520923659978004555833613016476104327792699999334763", "price": "0.723", "size": "0", "side": "BUY", "hash": "60a0c55b836ee11eb6d50e2a335a3a267e661f53", "best_bid": "0.724", "best_ask": "0.985"}, {"asset_id": "113669290252502872188172215487062904393592293568945344164816546699431274379018", "price": "0.277", "size": "0", "side": "SELL", "hash": "c7c51ba1d77f6fa77652933e298eaa7f830f57bb", "best_bid": "0.015", "best_ask": "0.276"}], "timestamp": "1769384181455", "event_type": "price_change"}}
{"_local_timestamp": "2026-01-25T23:36:25.556297+00:00", "data": {"market": "0xebf28e5d92859b1ec44a3de6c318d5ea5e941acd3e711a5c1881940bddf9eb1d", "price_changes": [{"asset_id": "28646605537861979658419963520923659978004555833613016476104327792699999334763", "price": "0.724", "size": "0", "side": "BUY", "hash": "c230ac44a7f463469deb1193b0b958d4b4979498", "best_bid": "0.721", "best_ask": "0.985"}, {"asset_id": "113669290252502872188172215487062904393592293568945344164816546699431274379018", "price": "0.276", "size": "0", "side": "SELL", "hash": "dfa28468ba9996cdf146148d30a66236433d2123", "best_bid": "0.015", "best_ask": "0.279"}], "timestamp": "1769384185490", "event_type": "price_change"}}
{"_local_timestamp": "2026-01-25T23:36:25.588263+00:00", "data": {"market": "0xebf28e5d92859b1ec44a3de6c318d5ea5e941acd3e711a5c1881940bddf9eb1d", "price_changes": [{"asset_id": "28646605537861979658419963520923659978004555833613016476104327792699999334763", "price": "0.722", "size": "20", "side": "BUY", "hash": "c8c2ead654cd17a0d855f8b09a7981e8d39264cb", "best_bid": "0.722", "best_ask": "0.985"}, {"asset_id": "113669290252502872188172215487062904393592293568945344164816546699431274379018", "price": "0.278", "size": "20", "side": "SELL", "hash": "1b12c69f6c6fd556bd79a8088a6b0509acd90eb3", "best_bid": "0.015", "best_ask": "0.278"}], "timestamp": "1769384185517", "event_type": "price_change"}}
{"_local_timestamp": "2026-01-25T23:36:43.310382+00:00", "data": {"market": "0xebf28e5d92859b1ec44a3de6c318d5ea5e941acd3e711a5c1881940bddf9eb1d", "price_changes": [{"asset_id": "28646605537861979658419963520923659978004555833613016476104327792699999334763", "price": "0.16", "size": "50", "side": "BUY", "hash": "4452dc6f7cdc8425a85b54d2496b508914ab8ea4", "best_bid": "0.722", "best_ask": "0.985"}, {"asset_id": "113669290252502872188172215487062904393592293568945344164816546699431274379018", "price": "0.84", "size": "50", "side": "SELL", "hash": "2db12bbf43319001727561411e6147a5314597c2", "best_bid": "0.015", "best_ask": "0.278"}], "timestamp": "1769384203213", "event_type": "price_change"}}
{"_local_timestamp": "2026-01-25T23:36:43.683289+00:00", "data": {"market": "0xebf28e5d92859b1ec44a3de6c318d5ea5e941acd3e711a5c1881940bddf9eb1d", "price_changes": [{"asset_id": "28646605537861979658419963520923659978004555833613016476104327792699999334763", "price": "0.21", "size": "100", "side": "BUY", "hash": "564a9e18f798697f43e1710a0e63e86cfdb98fac", "best_bid": "0.722", "best_ask": "0.985"}, {"asset_id": "113669290252502872188172215487062904393592293568945344164816546699431274379018", "price": "0.79", "size": "100", "side": "SELL", "hash": "106fcce69df309cb5289ac5d10798237df4db30a", "best_bid": "0.015", "best_ask": "0.278"}], "timestamp": "1769384203568", "event_type": "price_change"}}
{"_local_timestamp": "2026-01-25T23:36:43.728596+00:00", "data": {"market": "0xebf28e5d92859b1ec44a3de6c318d5ea5e941acd3e711a5c1881940bddf9eb1d", "price_changes": [{"asset_id": "28646605537861979658419963520923659978004555833613016476104327792699999334763", "price": "0.163", "size": "150", "side": "BUY", "hash": "d75be50edbe24eeebdb5385dc06d8f507f60839e", "best_bid": "0.722", "best_ask": "0.985"}, {"asset_id": "113669290252502872188172215487062904393592293568945344164816546699431274379018", "price": "0.837", "size": "150", "side": "SELL", "hash": "b2c559f8e96f874a2a495b597cdd033bd79093b2", "best_bid": "0.015", "best_ask": "0.278"}], "timestamp": "1769384203576", "event_type": "price_change"}}
{"_local_timestamp": "2026-01-25T23:36:43.740126+00:00", "data": {"market": "0xebf28e5d92859b1ec44a3de6c318d5ea5e941acd3e711a5c1881940bddf9eb1d", "price_changes": [{"asset_id": "28646605537861979658419963520923659978004555833613016476104327792699999334763", "price": "0.26", "size": "50", "side": "BUY", "hash": "ad7bbbe9c405ec1a3648291fe3d529ae708f1410", "best_bid": "0.722", "best_ask": "0.985"}, {"asset_id": "113669290252502872188172215487062904393592293568945344164816546699431274379018", "price": "0.74", "size": "50", "side": "SELL", "hash": "e4b85633274f023f74e0c2b222db672bf3ac1663", "best_bid": "0.015", "best_ask": "0.278"}], "timestamp": "1769384203581", "event_type": "price_change"}}
{"_local_timestamp": "2026-01-25T23:36:58.788080+00:00", "data": {"market": "0xebf28e5d92859b1ec44a3de6c318d5ea5e941acd3e711a5c1881940bddf9eb1d", "price_changes": [{"asset_id": "113669290252502872188172215487062904393592293568945344164816546699431274379018", "price": "0.002", "size": "585.98", "side": "BUY", "hash": "af04fd710bd22101e29a320149d3435d2107d263", "best_bid": "0.015", "best_ask": "0.278"}, {"asset_id": "28646605537861979658419963520923659978004555833613016476104327792699999334763", "price": "0.998", "size": "585.98", "side": "SELL", "hash": "6da949b85a384d939df17885e34e36b98828744a", "best_bid": "0.722", "best_ask": "0.985"}], "timestamp": "1769384218477", "event_type": "price_change"}}
{"_local_timestamp": "2026-01-25T23:37:23.907213+00:00", "data": {"market": "0xebf28e5d92859b1ec44a3de6c318d5ea5e941acd3e711a5c1881940bddf9eb1d", "price_changes": [{"asset_id": "28646605537861979658419963520923659978004555833613016476104327792699999334763", "price": "0.21", "size": "0", "side": "BUY", "hash": "1999688427100a9fefead812eab8ce0556c04d29", "best_bid": "0.722", "best_ask": "0.985"}, {"asset_id": "113669290252502872188172215487062904393592293568945344164816546699431274379018", "price": "0.79", "size": "0", "side": "SELL", "hash": "32bd6c8e4dcaef53f1f8061ed1c7cad92d6e562f", "best_bid": "0.015", "best_ask": "0.278"}], "timestamp": "1769384243837", "event_type": "price_change"}}
{"_local_timestamp": "2026-01-25T23:37:23.907620+00:00", "data": {"market": "0xebf28e5d92859b1ec44a3de6c318d5ea5e941acd3e711a5c1881940bddf9eb1d", "price_changes": [{"asset_id": "28646605537861979658419963520923659978004555833613016476104327792699999334763", "price": "0.163", "size": "0", "side": "BUY", "hash": "1999688427100a9fefead812eab8ce0556c04d29", "best_bid": "0.722", "best_ask": "0.985"}, {"asset_id": "113669290252502872188172215487062904393592293568945344164816546699431274379018", "price": "0.837", "size": "0", "side": "SELL", "hash": "32bd6c8e4dcaef53f1f8061ed1c7cad92d6e562f", "best_bid": "0.015", "best_ask": "0.278"}], "timestamp": "1769384243837", "event_type": "price_change"}}
{"_local_timestamp": "2026-01-25T23:37:23.917993+00:00", "data": {"market": "0xebf28e5d92859b1ec44a3de6c318d5ea5e941acd3e711a5c1881940bddf9eb1d", "price_changes": [{"asset_id": "28646605537861979658419963520923659978004555833613016476104327792699999334763", "price": "0.26", "size": "0", "side": "BUY", "hash": "02b7a5df88812964aee548962d02a87981162e85", "best_bid": "0.722", "best_ask": "0.985"}, {"asset_id": "113669290252502872188172215487062904393592293568945344164816546699431274379018", "price": "0.74", "size": "0", "side": "SELL", "hash": "05723b303f707698efd2fbd651956c26795e8446", "best_bid": "0.015", "best_ask": "0.278"}], "timestamp": "1769384243846", "event_type": "price_change"}}
{"_local_timestamp": "2026-01-25T23:37:24.202196+00:00", "data": {"market": "0xebf28e5d92859b1ec44a3de6c318d5ea5e941acd3e711a5c1881940bddf9eb1d", "price_changes": [{"asset_id": "28646605537861979658419963520923659978004555833613016476104327792699999334763", "price": "0.16", "size": "200", "side": "BUY", "hash": "567fcb046fda3faa4b4855a1b467ea90db54943a", "best_bid": "0.722", "best_ask": "0.985"}, {"asset_id": "113669290252502872188172215487062904393592293568945344164816546699431274379018", "price": "0.84", "size": "200", "side": "SELL", "hash": "f3af2701cdf0cac9ee1af687e94e777b202ea064", "best_bid": "0.015", "best_ask": "0.278"}], "timestamp": "1769384244113", "event_type": "price_change"}}
{"_local_timestamp": "2026-01-25T23:37:44.093623+00:00", "data": {"market": "0xebf28e5d92859b1ec44a3de6c318d5ea5e941acd3e711a5c1881940bddf9eb1d", "price_changes": [{"asset_id": "28646605537861979658419963520923659978004555833613016476104327792699999334763", "price": "0.16", "size": "150", "side": "BUY", "hash": "057c94abd2be96305416712e01eb9e1cdcf818e2", "best_bid": "0.722", "best_ask": "0.985"}, {"asset_id": "113669290252502872188172215487062904393592293568945344164816546699431274379018", "price": "0.84", "size": "150", "side": "SELL", "hash": "79b8a58f75a9adb52db55885b5ddfe3c9f221860", "best_bid": "0.015", "best_ask": "0.278"}], "timestamp": "1769384263999", "event_type": "price_change"}}
{"_local_timestamp": "2026-01-25T23:37:44.366162+00:00", "data": {"market": "0xebf28e5d92859b1ec44a3de6c318d5ea5e941acd3e711a5c1881940bddf9eb1d", "price_changes": [{"asset_id": "28646605537861979658419963520923659978004555833613016476104327792699999334763", "price": "0.11", "size": "700", "side": "BUY", "hash": "b64915f7b208214683e17d9444d5c59241c16e86", "best_bid": "0.722", "best_ask": "0.985"}, {"asset_id": "113669290252502872188172215487062904393592293568945344164816546699431274379018", "price": "0.89", "size": "700", "side": "SELL", "hash": "22c492c5fd10eba91537ae522d82914a2fc54fb1", "best_bid": "0.015", "best_ask": "0.278"}], "timestamp": "1769384264296", "event_type": "price_change"}}
{"_local_timestamp": "2026-01-25T23:38:21.654599+00:00", "data": {"market": "0xebf28e5d92859b1ec44a3de6c318d5ea5e941acd3e711a5c1881940bddf9eb1d", "price_changes": [{"asset_id": "28646605537861979658419963520923659978004555833613016476104327792699999334763", "price": "0.27", "size": "50", "side": "BUY", "hash": "067799ff326e00be7fdf1545a754a42fc59774a8", "best_bid": "0.722", "best_ask": "0.985"}, {"asset_id": "113669290252502872188172215487062904393592293568945344164816546699431274379018", "price": "0.73", "size": "50", "side": "SELL", "hash": "afc37f30534c56fc18db75eb46cb712ac3fa199e", "best_bid": "0.015", "best_ask": "0.278"}], "timestamp": "1769384301475", "event_type": "price_change"}}
{"_local_timestamp": "2026-01-25T23:38:21.689404+00:00", "data": {"market": "0xebf28e5d92859b1ec44a3de6c318d5ea5e941acd3e711a5c1881940bddf9eb1d", "price_changes": [{"asset_id": "28646605537861979658419963520923659978004555833613016476104327792699999334763", "price": "0.2", "size": "50", "side": "BUY", "hash": "3d772ce27ff7b22583ad7ec714423cbbb337cb26", "best_bid": "0.722", "best_ask": "0.985"}, {"asset_id": "113669290252502872188172215487062904393592293568945344164816546699431274379018", "price": "0.8", "size": "50", "side": "SELL", "hash": "28c5c7d34b740c20d083eb70532d4b20f6b17216", "best_bid": "0.015", "best_ask": "0.278"}], "timestamp": "1769384301503", "event_type": "price_change"}}
{"_local_timestamp": "2026-01-25T23:38:21.695974+00:00", "data": {"market": "0xebf28e5d92859b1ec44a3de6c318d5ea5e941acd3e711a5c1881940bddf9eb1d", "price_changes": [{"asset_id": "28646605537861979658419963520923659978004555833613016476104327792699999334763", "price": "0.39", "size": "200", "side": "BUY", "hash": "28b1caa2957b7359d169807435dd942e4d515999", "best_bid": "0.722", "best_ask": "0.985"}, {"asset_id": "113669290252502872188172215487062904393592293568945344164816546699431274379018", "price": "0.61", "size": "200", "side": "SELL", "hash": "9bfc83ec32855004475d1ac8b46a5972589b130b", "best_bid": "0.015", "best_ask": "0.278"}], "timestamp": "1769384301515", "event_type": "price_change"}}
{"_local_timestamp": "2026-01-25T23:38:32.618318+00:00", "data": {"market": "0xebf28e5d92859b1ec44a3de6c318d5ea5e941acd3e711a5c1881940bddf9eb1d", "price_changes": [{"asset_id": "28646605537861979658419963520923659978004555833613016476104327792699999334763", "price": "0.11", "size": "650", "side": "BUY", "hash": "cb26b8f3953be4443f5236f8ad98967fba1bc296", "best_bid": "0.722", "best_ask": "0.985"}, {"asset_id": "113669290252502872188172215487062904393592293568945344164816546699431274379018", "price": "0.89", "size": "650", "side": "SELL", "hash": "65df632b27f40d873256250681d70644eb0706f4", "best_bid": "0.015", "best_ask": "0.278"}], "timestamp": "1769384312540", "event_type": "price_change"}}
{"_local_timestamp": "2026-01-25T23:38:32.934431+00:00", "data": {"market": "0xebf28e5d92859b1ec44a3de6c318d5ea5e941acd3e711a5c1881940bddf9eb1d", "price_changes": [{"asset_id": "28646605537861979658419963520923659978004555833613016476104327792699999334763", "price": "0.16", "size": "200", "side": "BUY", "hash": "640d5c532d5e0444f882414400c83a909e3d65a1", "best_bid": "0.722", "best_ask": "0.985"}, {"asset_id": "113669290252502872188172215487062904393592293568945344164816546699431274379018", "price": "0.84", "size": "200", "side": "SELL", "hash": "c137960d5a0501ec54ad15acd0f56f95324fb7c8", "best_bid": "0.015", "best_ask": "0.278"}], "timestamp": "1769384312842", "event_type": "price_change"}}
{"_local_timestamp": "2026-01-25T23:38:43.556301+00:00", "data": {"market": "0xa0223131489a1bdb962bbd8deae635b7d7f999764469878ebdf68733bebb70a5", "price_changes": [{"asset_id": "70349663876151954280796766871207342825440495625154244788215119843029878157206", "price": "0.02", "size": "1500", "side": "BUY", "hash": "d36a96a39dcde1f76f38420d9aa7b05fd63a8993", "best_bid": "0.05", "best_ask": "0.1"}, {"asset_id": "44965207206967926414516744757598886306000712391624270945382085017495649408416", "price": "0.98", "size": "1500", "side": "SELL", "hash": "8c83c5fe33b2cf71351f057e74b4d289896dde05", "best_bid": "0.9", "best_ask": "0.95"}], "timestamp": "1769384323490", "event_type": "price_change"}}
{"_local_timestamp": "2026-01-25T23:38:43.556622+00:00", "data": {"market": "0xa0223131489a1bdb962bbd8deae635b7d7f999764469878ebdf68733bebb70a5", "price_changes": [{"asset_id": "70349663876151954280796766871207342825440495625154244788215119843029878157206", "price": "0.05", "size": "9.01", "side": "BUY", "hash": "d36a96a39dcde1f76f38420d9aa7b05fd63a8993", "best_bid": "0.05", "best_ask": "0.1"}, {"asset_id": "44965207206967926414516744757598886306000712391624270945382085017495649408416", "price": "0.95", "size": "9.01", "side": "SELL", "hash": "8c83c5fe33b2cf71351f057e74b4d289896dde05", "best_bid": "0.9", "best_ask": "0.95"}], "timestamp": "1769384323490", "event_type": "price_change"}}
{"_local_timestamp": "2026-01-25T23:38:44.047268+00:00", "data": {"market": "0xa0223131489a1bdb962bbd8deae635b7d7f999764469878ebdf68733bebb70a5", "price_changes": [{"asset_id": "70349663876151954280796766871207342825440495625154244788215119843029878157206", "price": "0.02", "size": "1514.69", "side": "BUY", "hash": "3decccac918986204ddbdcea10dbcd5eee455616", "best_bid": "0.05", "best_ask": "0.1"}, {"asset_id": "44965207206967926414516744757598886306000712391624270945382085017495649408416", "price": "0.98", "size": "1514.69", "side": "SELL", "hash": "6dc2313c45085fc8bd329bebdef3dc27d4d6d83e", "best_bid": "0.9", "best_ask": "0.95"}], "timestamp": "1769384323966", "event_type": "price_change"}}
{"_local_timestamp": "2026-01-25T23:38:44.047642+00:00", "data": {"market": "0xa0223131489a1bdb962bbd8deae635b7d7f999764469878ebdf68733bebb70a5", "price_changes": [{"asset_id": "70349663876151954280796766871207342825440495625154244788215119843029878157206", "price": "0.05", "size": "19.2", "side": "BUY", "hash": "a1380d7d92fc9e92c57255a1c64d9bc8a4097b49", "best_bid": "0.05", "best_ask": "0.1"}, {"asset_id": "44965207206967926414516744757598886306000712391624270945382085017495649408416", "price": "0.95", "size": "19.2", "side": "SELL", "hash": "07fcd5a8faa2f5906be588597462384a333e6df9", "best_bid": "0.9", "best_ask": "0.95"}], "timestamp": "1769384323968", "event_type": "price_change"}}
{"_local_timestamp": "2026-01-25T23:39:17.015737+00:00", "data": {"market": "0xebf28e5d92859b1ec44a3de6c318d5ea5e941acd3e711a5c1881940bddf9eb1d", "price_changes": [{"asset_id": "28646605537861979658419963520923659978004555833613016476104327792699999334763", "price": "0.16", "size": "50", "side": "BUY", "hash": "bb27bff0e38262befc6fa7c6525c4e0a01552aa8", "best_bid": "0.722", "best_ask": "0.985"}, {"asset_id": "113669290252502872188172215487062904393592293568945344164816546699431274379018", "price": "0.84", "size": "50", "side": "SELL", "hash": "2a4f2e788f360ee28ffcf860769e7cfea1ab0fd5", "best_bid": "0.015", "best_ask": "0.278"}], "timestamp": "1769384356920", "event_type": "price_change"}}
{"_local_timestamp": "2026-01-25T23:39:17.410148+00:00", "data": {"market": "0xebf28e5d92859b1ec44a3de6c318d5ea5e941acd3e711a5c1881940bddf9eb1d", "price_changes": [{"asset_id": "28646605537861979658419963520923659978004555833613016476104327792699999334763", "price": "0.2", "size": "200", "side": "BUY", "hash": "246b2c248b3fffe2cdfde652f5b18a8b371c5543", "best_bid": "0.722", "best_ask": "0.985"}, {"asset_id": "113669290252502872188172215487062904393592293568945344164816546699431274379018", "price": "0.8", "size": "200", "side": "SELL", "hash": "98b45821a11cdc384babe7aec8f1bbd244596a0e", "best_bid": "0.015", "best_ask": "0.278"}], "timestamp": "1769384357177", "event_type": "price_change"}}
{"_local_timestamp": "2026-01-25T23:39:31.665612+00:00", "data": {"market": "0xa0223131489a1bdb962bbd8deae635b7d7f999764469878ebdf68733bebb70a5", "price_changes": [{"asset_id": "70349663876151954280796766871207342825440495625154244788215119843029878157206", "price": "0.02", "size": "1500", "side": "BUY", "hash": "45f68fb2587579ffac07653ceb0a34a70f0c1d14", "best_bid": "0.05", "best_ask": "0.1"}, {"asset_id": "44965207206967926414516744757598886306000712391624270945382085017495649408416", "price": "0.98", "size": "1500", "side": "SELL", "hash": "12732a434a1c1bb7b164fda38803120d85c4b486", "best_bid": "0.9", "best_ask": "0.95"}], "timestamp": "1769384371598", "event_type": "price_change"}}
{"_local_timestamp": "2026-01-25T23:39:31.666137+00:00", "data": {"market": "0xa0223131489a1bdb962bbd8deae635b7d7f999764469878ebdf68733bebb70a5", "price_changes": [{"asset_id": "70349663876151954280796766871207342825440495625154244788215119843029878157206", "price": "0.05", "size": "9.01", "side": "BUY", "hash": "45f68fb2587579ffac07653ceb0a34a70f0c1d14", "best_bid": "0.05", "best_ask": "0.1"}, {"asset_id": "44965207206967926414516744757598886306000712391624270945382085017495649408416", "price": "0.95", "size": "9.01", "side": "SELL", "hash": "12732a434a1c1bb7b164fda38803120d85c4b486", "best_bid": "0.9", "best_ask": "0.95"}], "timestamp": "1769384371598", "event_type": "price_change"}}
{"_local_timestamp": "2026-01-25T23:39:34.590678+00:00", "data": {"market": "0xa0223131489a1bdb962bbd8deae635b7d7f999764469878ebdf68733bebb70a5", "price_changes": [{"asset_id": "70349663876151954280796766871207342825440495625154244788215119843029878157206", "price": "0.05", "size": "19.2", "side": "BUY", "hash": "a153df9ff122751b09425647ef123fe59da422aa", "best_bid": "0.05", "best_ask": "0.1"}, {"asset_id": "44965207206967926414516744757598886306000712391624270945382085017495649408416", "price": "0.95", "size": "19.2", "side": "SELL", "hash": "ad80ab749bf30deed6f8eb02482d053f986926b3", "best_bid": "0.9", "best_ask": "0.95"}], "timestamp": "1769384374524", "event_type": "price_change"}}
{"_local_timestamp": "2026-01-25T23:39:34.593525+00:00", "data": {"market": "0xa0223131489a1bdb962bbd8deae635b7d7f999764469878ebdf68733bebb70a5", "price_changes": [{"asset_id": "70349663876151954280796766871207342825440495625154244788215119843029878157206", "price": "0.02", "size": "1514.69", "side": "BUY", "hash": "fb9bcd132f3e6f457aff4dd5660efefd9a8e58ae", "best_bid": "0.05", "best_ask": "0.1"}, {"asset_id": "44965207206967926414516744757598886306000712391624270945382085017495649408416", "price": "0.98", "size": "1514.69", "side": "SELL", "hash": "0fd9ef61648cf66043b744abdaa3204be030fa5e", "best_bid": "0.9", "best_ask": "0.95"}], "timestamp": "1769384374525", "event_type": "price_change"}}
