{"_local_timestamp": "2026-01-25T23:34:19.836900+00:00", "data": [{"market": "0xf022de53d6abbdc51a2f51e258744ad359b49e5444380589b7cfd46455ca3f56", "asset_id": "96624373972916813702491091972199331174823881244904036611998022208485613051742", "timestamp": "1769383600158", "hash": "f901cef5f2643fc4e95aab409f76c10584c58406", "bids": [{"price": "0.01", "size": "70.64"}, {"price": "0.02", "size": "19.16"}], "asks": [{"price": "0.99", "size": "70.64"}, {"price": "0.98", "size": "24.63"}], "event_type": "book", "last_trade_price": ""}, {"market": "0xcef113000b708179b6e325f02269aed527414261be4ca02473b50e5affc467d9", "asset_id": "7127991606677003520573794485292091159501690430362440288272113390600905449611", "timestamp": "1769383508825", "hash": "0a2e80e1d8eade35db729a19f268adee85c59a50", "bids": [{"price": "0.01", "size": "100"}, {"price": "0.02", "size": "25"}, {"price": "0.1", "size": "10"}], "asks": [{"price": "0.99", "size": "100"}, {"price": "0.98", "size": "30.47"}, {"price": "0.9", "size": "10"}], "event_type": "book", "last_trade_price": ""}, {"market": "0x32d0e4479daa771822e9272e3fe820b087bd6e4067a460603ff419c25085abe8", "asset_id": "58530596991375356213700374663421451021979348501559003358279687692619046194917", "timestamp": "1769383600158", "hash": "4e5a52a0ac1fb6344f8d10bb676add53e434272d", "bids": [{"price": "0.01", "size": "70.64"}, {"price": "0.02", "size": "19.16"}], "asks": [{"price": "0.99", "size": "70.64"}, {"price": "0.98", "size": "24.63"}], "event_type": "book", "last_trade_price": ""}, {"market": "0xcef113000b708179b6e325f02269aed527414261be4ca02473b50e5affc467d9", "asset_id": "1070768930652100847620286657474462198019651956181813787504620017427718840912", "timestamp": "1769383508825", "hash": "a1eebd5b8b061268a50d2c3b57cc0af51691beef", "bids": [{"price": "0.01", "size": "100"}, {"price": "0.02", "size": "30.47"}, {"price": "0.1", "size": "10"}], "asks": [{"price": "0.99", "size": "100"}, {"price": "0.98", "size": "25"}, {"price": "0.9", "size": "10"}], "event_type": "book", "last_trade_price": ""}, {"market": "0x49b8b0866e6af2012b2856f501b73196995fa238d69f751595e079d6974895b4", "asset_id": "55760396527915181877671884628809876533066974365252117707424676648629349874757", "timestamp": "1769383599682", "hash": "9172a8d3d36e78a70b234cbc6e8db693a71f6880", "bids": [{"price": "0.01", "size": "70.64"}, {"price": "0.02", "size": "19.16"}], "asks": [{"price": "0.99", "size": "70.64"}, {"price": "0.98", "size": "24.63"}], "event_type": "book", "last_trade_price": ""}, {"market": "0x0315480257e2fed39532e644e9c00674c273eef1aec8eb284dd9f3e8e793b2cb", "asset_id": "109990512138686198139320434170285768689271066106752241563193413678074878032524", "timestamp": "1769383589806", "hash": "5a737138f4e462d406935d357d81477754e1349c", "bids": [{"price": "0.01", "size": "70.64"}, {"price": "0.02", "size": "24.63"}], "asks": [{"price": "0.99", "size": "70.64"}, {"price": "0.98", "size": "19.16"}], "event_type": "book", "last_trade_price": ""}, {"market": "0x4ad1fd7d16ed4c297414d1e1e7f9ade50fad8487b9a2f1f8867f24d8ce50ecfd", "asset_id": "88583574660574086503389883884157104823118695944306510620119896447696994718127", "timestamp": "1769383601331", "hash": "9125378e022c4957005c843bf28ce5e746051dd7", "bids": [{"price": "0.01", "size": "70.64"}, {"price": "0.02", "size": "19.16"}], "asks": [{"price": "0.99", "size": "70.64"}, {"price": "0.98", "size": "24.63"}], "event_type": "book", "last_trade_price": ""}, {"market": "0x4ad1fd7d16ed4c297414d1e1e7f9ade50fad8487b9a2f1f8867f24d8ce50ecfd", "asset_id": "42279538328252344011250228363103310240462941606445822941224184702517548609326", "timestamp": "1769383601331", "hash": "b3f746dd36233bc75790a8c430439869dacb1267", "bids": [{"price": "0.01", "size": "70.64"}, {"price": "0.02", "size": "24.63"}], "asks": [{"price": "0.99", "size": "70.64"}, {"price": "0.98", "size": "19.16"}], "event_type": "book", "last_trade_price": ""}, {"market": "0xa7fb21aa5ce46801617d4339c4322cb4878a30557e1e6fa2288317de7700194d", "asset_id": "20346657425442224248483391870979504305730726322857747527741133020778438756410", "timestamp": "1769383599681", "hash": "44be7b24fdaf1cfdd37833dbf46e55b1b20dbc62", "bids": [{"price": "0.01", "size": "70.64"}, {"price": "0.02", "size": "24.63"}], "asks": [{"price": "0.99", "size": "70.64"}, {"price": "0.98", "size": "19.16"}], "event_type": "book", "last_trade_price": ""}, {"market": "0xa7fb21aa5ce46801617d4339c4322cb4878a30557e1e6fa2288317de7700194d", "asset_id": "43904004907859418256971848546866698288851982248404134104938387323872941231027", "timestamp": "1769383599681", "hash": "aba9e4650f2971a9e20f548f521900d882dd47bf", "bids": [{"price": "0.01", "size": "70.64"}, {"price": "0.02", "size": "19.16"}], "asks": [{"price": "0.99", "size": "70.64"}, {"price": "0.98", "size": "24.63"}], "event_type": "book", "last_trade_price": ""}, {"market": "0x32d0e4479daa771822e9272e3fe820b087bd6e4067a460603ff419c25085abe8", "asset_id": "110605400937386966279812295933493882092076170056523058109929123918945774212365", "timestamp": "1769383600158", "hash": "1556d3071e1a958a67aad0def3165c8708f3b90b", "bids": [{"price": "0.01", "size": "70.64"}, {"price": "0.02", "size": "24.63"}], "asks": [{"price": "0.99", "size": "70.64"}, {"price": "0.98", "size": "19.16"}], "event_type": "book", "last_trade_price": ""}, {"market": "0x2bbb5300c21dd1f7fbf16980193b56aced4944685561b3f413d37fa10353c70c", "asset_id": "108499141120617561477671432948839830239567769510192120812878043273655546537969", "timestamp": "1769383594138", "hash": "4aea0257a7763abe80a63d06b7530151e5a57660", "bids": [{"price": "0.01", "size": "70.64"}, {"price": "0.02", "size": "24.63"}], "asks": [{"price": "0.99", "size": "70.64"}, {"price": "0.98", "size": "19.16"}], "event_type": "book", "last_trade_price": ""}, {"market": "0x2bbb5300c21dd1f7fbf16980193b56aced4944685561b3f413d37fa10353c70c", "asset_id": "1628558046601214854117922010646835147913276375119374625958594008161007386618", "timestamp": "1769383594138", "hash": "96c2ae400fc8f3ae1ca58126e738911d113e0632", "bids": [{"price": "0.01", "size": "70.64"}, {"price": "0.02", "size": "19.16"}], "asks": [{"price": "0.99", "size": "70.64"}, {"price": "0.98", "size": "24.63"}], "event_type": "book", "last_trade_price": ""}, {"market": "0xb14c76f3e3070e820afd3102b9c9a817f6d6a6adcfecaca1fc2231785fb456cb", "asset_id": "82695818168726923983268590464279584095190970240338143375733591866427415355661", "timestamp": "1769383600158", "hash": "7ebb563da95fa7c72076d890459ce1e2314d2e88", "bids": [{"price": "0.01", "size": "70.64"}, {"price": "0.02", "size": "24.63"}], "asks": [{"price": "0.99", "size": "70.64"}, {"price": "0.98", "size": "19.16"}], "event_type": "book", "last_trade_price": ""}, {"market": "0xb14c76f3e3070e820afd3102b9c9a817f6d6a6adcfecaca1fc2231785fb456cb", "asset_id": "68096473391982702114287696573407828346156776873351915249422725532666864061719", "timestamp": "1769383600158", "hash": "6a0520d454ae5a14bf210ec66961aa7579ee83d8", "bids": [{"price": "0.01", "size": "70.64"}, {"price": "0.02", "size": "19.16"}], "asks": [{"price": "0.99", "size": "70.64"}, {"price": "0.98", "size": "24.63"}], "event_type": "book", "last_trade_price": ""}, {"market": "0x0315480257e2fed39532e644e9c00674c273eef1aec8eb284dd9f3e8e793b2cb", "asset_id": "18963144555129169899154356261836248577999110071221054036566581854166648504888", "timestamp": "1769383589806", "hash": "eb63cd45a1fbe80272314e3e5e39d9375ba1a34b", "bids": [{"price": "0.01", "size": "70.64"}, {"price": "0.02", "size": "19.16"}], "asks": [{"price": "0.99", "size": "70.64"}, {"price": "0.98", "size": "24.63"}], "event_type": "book", "last_trade_price": ""}, {"market": "0xf022de53d6abbdc51a2f51e258744ad359b49e5444380589b7cfd46455ca3f56", "asset_id": "98780906320594169258334732881756275527161186028821910918868577849464564431831", "timestamp": "1769383600158", "hash": "9a18737e3caf0f98a128337dbf0b6ebc277ad873", "bids": [{"price": "0.01", "size": "70.64"}, {"price": "0.02", "size": "24.63"}], "asks": [{"price": "0.99", "size": "70.64"}, {"price": "0.98", "size": "19.16"}], "event_type": "book", "last_trade_price": ""}, {"market": "0x49b8b0866e6af2012b2856f501b73196995fa238d69f751595e079d6974895b4", "asset_id": "21907264543506940383659394549202851588977034489132377533195240234005379780887", "timestamp": "1769383599682", "hash": "544cc25c707610a255423f2eed7f8d390662bc92", "bids": [{"price": "0.01", "size": "70.64"}, {"price": "0.02", "size": "24.63"}], "asks": [{"price": "0.99", "size": "70.64"}, {"price": "0.98", "size": "19.16"}], "event_type": "book", "last_trade_price": ""}]}
