{"_local_timestamp": "2026-01-25T23:34:19.652300+00:00", "data": [{"market": "0xf8e80488627eba3556fbe7132c5737c1635dd7f66b8dde960dbad07a8e54b3f3", "asset_id": "64572466164895737863139909903108314361631954705868965266412389739854058431800", "timestamp": "1769383600995", "hash": "5fac7dbb4ff955bb39924d4d4c2bb9b45376ba13", "bids": [{"price": "0.01", "size": "70.64"}, {"price": "0.02", "size": "24.63"}], "asks": [{"price": "0.99", "size": "70.64"}, {"price": "0.98", "size": "19.16"}], "event_type": "book", "last_trade_price": ""}, {"market": "0x3ca1aee87127c4293640c950359f46059ae8b8f4d35f332894f6609975ec4e97", "asset_id": "93663886979769369160419892327370450462529442702495761614752620133148456470049", "timestamp": "1769383601817", "hash": "4bb1809e4e1ca2de8e8df03afb6f6a041fb4656b", "bids": [{"price": "0.01", "size": "69.71"}, {"price": "0.02", "size": "19.63"}], "asks": [{"price": "0.99", "size": "70.64"}, {"price": "0.98", "size": "24.63"}], "event_type": "book", "last_trade_price": ""}, {"market": "0xa81faf1acce7a2a0b76fcb3ae8d72e3900c24abb031d1cfca0fc9bcc389e0b44", "asset_id": "58003929158949297660666442299952456570194162848525117733623485656019144113223", "timestamp": "1769383601416", "hash": "bedcc3c6c518e55c9eefc60e4a7ca0667c6563ab", "bids": [{"price": "0.01", "size": "69.71"}, {"price": "0.02", "size": "19.63"}], "asks": [{"price": "0.99", "size": "70.64"}, {"price": "0.98", "size": "24.63"}], "event_type": "book", "last_trade_price": ""}, {"market": "0x3a58e6ce085be43f40424b04ec3fc8935ade798f993ccbf95892c482355a3d29", "asset_id": "32405394794988359348348435675401763278976167790722324270502029053552632586827", "timestamp": "1769383601973", "hash": "cced43b430885fd5af0b52c872e7f154bdb61ac7", "bids": [{"price": "0.01", "size": "70.64"}, {"price": "0.02", "size": "24.63"}], "asks": [{"price": "0.99", "size": "69.71"}, {"price": "0.98", "size": "19.63"}], "event_type": "book", "last_trade_price": ""}, {"market": "0x4baf829aeb3c4797b89d66db2ac8f3c5b6dcb58f2fbb0cc47229ef020a2f120d", "asset_id": "10599967169354815560902988245032026061735993746264669731579071910530634311246", "timestamp": "1769383600995", "hash": "03d4e955c0ff4edcdedbdd88e60b4547adf0087c", "bids": [{"price": "0.01", "size": "70.64"}, {"price": "0.02", "size": "19.16"}], "asks": [{"price": "0.99", "size": "70.64"}, {"price": "0.98", "size": "24.63"}], "event_type": "book", "last_trade_price": ""}, {"market": "0xb3b58d575da75d5b2e1c7305e3126f26019746927cc62ce0e172ca489d1ace80", "asset_id": "103271132238309490248161107196558420858279568200878886364173700838389164065642", "timestamp": "1769383480815", "hash": "ae7a4c372a3931a4486325fb023f00ac37793630", "bids": [{"price": "0.01", "size": "100"}, {"price": "0.02", "size": "30.46"}, {"price": "0.1", "size": "10"}, {"price": "0.11", "size": "5"}], "asks": [{"price": "0.99", "size": "55.29"}, {"price": "0.98", "size": "18.69"}, {"price": "0.9", "size": "10"}, {"price": "0.89", "size": "5.21"}, {"price": "0.5", "size": "7.96"}], "event_type": "book", "last_trade_price": "0.500"}, {"market": "0x0c47ecbeee1f8ecd859852dc9a0a944f4886df74d9ad24d987c28b9e19d85c1e", "asset_id": "18835271127638596030647843261436372674825875491346465267199970592245094446005", "timestamp": "1769383601817", "hash": "6a0c784c7d220d390b87d7878528ad51f76d8e07", "bids": [{"price": "0.01", "size": "70.64"}, {"price": "0.02", "size": "24.63"}], "asks": [{"price": "0.99", "size": "69.71"}, {"price": "0.98", "size": "19.63"}], "event_type": "book", "last_trade_price": ""}, {"market": "0x3fb5d9f8020cdaf41718b8ead63d595f217323f94b74e74a070884a36021c364", "asset_id": "100809254699678411279629815451734611884052085131831956773893583366860114909906", "timestamp": "1769383596665", "hash": "4335ebb94ba57d3f64288ecfda3f31d900852b57", "bids": [{"price": "0.01", "size": "69.71"}, {"price": "0.02", "size": "19.63"}], "asks": [{"price": "0.99", "size": "70.64"}, {"price": "0.98", "size": "24.63"}], "event_type": "book", "last_trade_price": ""}, {"market": "0x0c47ecbeee1f8ecd859852dc9a0a944f4886df74d9ad24d987c28b9e19d85c1e", "asset_id": "18141648064334219604180653589630306515793398023505117314145380429733123794161", "timestamp": "1769383601817", "hash": "fe709f52fa9be84f34bfcc970d282ea52114c79c", "bids": [{"price": "0.01", "size": "69.71"}, {"price": "0.02", "size": "19.63"}], "asks": [{"price": "0.99", "size": "70.64"}, {"price": "0.98", "size": "24.63"}], "event_type": "book", "last_trade_price": ""}, {"market": "0x3fb5d9f8020cdaf41718b8ead63d595f217323f94b74e74a070884a36021c364", "asset_id": "64559007913738394995741602936931118412575219238993347693365246318463965852076", "timestamp": "1769383596665", "hash": "e2d6baae00454ce69a1b40a79498cbdc2ece330b", "bids": [{"price": "0.01", "size": "70.64"}, {"price": "0.02", "size": "24.63"}], "asks": [{"price": "0.99", "size": "69.71"}, {"price": "0.98", "size": "19.63"}], "event_type": "book", "last_trade_price": ""}, {"market": "0xa81faf1acce7a2a0b76fcb3ae8d72e3900c24abb031d1cfca0fc9bcc389e0b44", "asset_id": "79503956510867658898436309338571307514896985159997577234846695108168497617349", "timestamp": "1769383601416", "hash": "e243272eaf8d5eb777f6d4e3336e4af4796c1fc0", "bids": [{"price": "0.01", "size": "70.64"}, {"price": "0.02", "size": "24.63"}], "asks": [{"price": "0.99", "size": "69.71"}, {"price": "0.98", "size": "19.63"}], "event_type": "book", "last_trade_price": ""}, {"market": "0xb3b58d575da75d5b2e1c7305e3126f26019746927cc62ce0e172ca489d1ace80", "asset_id": "49190555485637941183562811039231109877372418219205117499968272436395293150425", "timestamp": "1769383480815", "hash": "06bf2ff622b7636b9c9a0e0ce0a9d4b5673b2f89", "bids": [{"price": "0.01", "size": "55.29"}, {"price": "0.02", "size": "18.69"}, {"price": "0.1", "size": "10"}, {"price": "0.11", "size": "5.21"}, {"price": "0.5", "size": "7.96"}], "asks": [{"price": "0.99", "size": "100"}, {"price": "0.98", "size": "30.46"}, {"price": "0.9", "size": "10"}, {"price": "0.89", "size": "5"}], "event_type": "book", "last_trade_price": "0.500"}, {"market": "0x4baf829aeb3c4797b89d66db2ac8f3c5b6dcb58f2fbb0cc47229ef020a2f120d", "asset_id": "101995148557901257476742246826282592323147933326436303305713043524644479032772", "timestamp": "1769383600995", "hash": "f579afa3e8eb8926e75b7ca0486a91f9ab67d2b3", "bids": [{"price": "0.01", "size": "70.64"}, {"price": "0.02", "size": "24.63"}], "asks": [{"price": "0.99", "size": "70.64"}, {"price": "0.98", "size": "19.16"}], "event_type": "book", "last_trade_price": ""}, {"market": "0xf8e80488627eba3556fbe7132c5737c1635dd7f66b8dde960dbad07a8e54b3f3", "asset_id": "73372742360361141336986192954752829903737037042990598074658027860389050828026", "timestamp": "1769383600995", "hash": "b09271a2dfd7d8dc3fe2bb56235b438e279e7374", "bids": [{"price": "0.01", "size": "70.64"}, {"price": "0.02", "size": "19.16"}], "asks": [{"price": "0.99", "size": "70.64"}, {"price": "0.98", "size": "24.63"}], "event_type": "book", "last_trade_price": ""}, {"market": "0x1af322b3d440204dcfd43fb9f21503876986fb94fd2ddc2f87c7c72c53c1d0d0", "asset_id": "51988909364668108029507582271693888880327050373745867622839912458962402194900", "timestamp": "1769383600995", "hash": "cc2115836fd64f7128652d80b221cd3ce496131b", "bids": [{"price": "0.01", "size": "70.64"}, {"price": "0.02", "size": "19.16"}], "asks": [{"price": "0.99", "size": "70.64"}, {"price": "0.98", "size": "24.63"}], "event_type": "book", "last_trade_price": ""}, {"market": "0x3ca1aee87127c4293640c950359f46059ae8b8f4d35f332894f6609975ec4e97", "asset_id": "66516163665545584397707241933718355348492420922149454267568880835525367304150", "timestamp": "1769383601817", "hash": "eafa9dc6826f5fa570cbeae71cebdec2386b511f", "bids": [{"price": "0.01", "size": "70.64"}, {"price": "0.02", "size": "24.63"}], "asks": [{"price": "0.99", "size": "69.71"}, {"price": "0.98", "size": "19.63"}], "event_type": "book", "last_trade_price": ""}, {"market": "0x1af322b3d440204dcfd43fb9f21503876986fb94fd2ddc2f87c7c72c53c1d0d0", "asset_id": "5631323622019843864540591381737526313459418414576688880238052673359049572571", "timestamp": "1769383600995", "hash": "4b134bb7189ed8ec1b818b5c5de188b52db5896c", "bids": [{"price": "0.01", "size": "70.64"}, {"price": "0.02", "size": "24.63"}], "asks": [{"price": "0.99", "size": "70.64"}, {"price": "0.98", "size": "19.16"}], "event_type": "book", "last_trade_price": ""}, {"market": "0x3a58e6ce085be43f40424b04ec3fc8935ade798f993ccbf95892c482355a3d29", "asset_id": "47040275851622537222933714656581926145988851874673168194132946160885650057750", "timestamp": "1769383601973", "hash": "b01dc0faa50010839aae58f1fdc94deeb6a2b8e5", "bids": [{"price": "0.01", "size": "69.71"}, {"price": "0.02", "size": "19.63"}], "asks": [{"price": "0.99", "size": "70.64"}, {"price": "0.98", "size": "24.63"}], "event_type": "book", "last_trade_price": ""}]}
