{"_local_timestamp": "2026-01-25T23:41:24.322360+00:00", "data": [{"market": "0xd301e5919f21ec6735f10d17e962ae2b467ee70985acd55a9c31a2b7f833759d", "asset_id": "70541255642759850330039636100567798651635896019687104441775363109023370334947", "timestamp": "1769384458001", "hash": "a6bc42c2b11905c7de00dc2755ab40d4f3b136c3", "bids": [{"price": "0.01", "size": "50"}, {"price": "0.02", "size": "5.47"}], "asks": [], "event_type": "book", "last_trade_price": "0.010"}, {"market": "0x5428692373a225173644659b4d7c539e828a0b1c446028f17b647bf0aed62ead", "asset_id": "101683630786790469641115480174404985949219138284947671510789845063782677535000", "timestamp": "1769384409405", "hash": "2e3de13a4cb4b7544c18edd12d699f7667fd6929", "bids": [{"price": "0.01", "size": "50"}, {"price": "0.02", "size": "5.47"}], "asks": [{"price": "0.99", "size": "50"}], "event_type": "book", "last_trade_price": ""}, {"market": "0x4c84dc6bc363f566e8657abd99fc81e26f78709b8638e5efcaf33f20e231f3be", "asset_id": "99293158484884571541046339764769758465264285056519217913205163608584907748320", "timestamp": "1769384409408", "hash": "3cbf9a2742a56ea15ffda10193be6feb0b0a20ad", "bids": [{"price": "0.01", "size": "50"}], "asks": [{"price": "0.99", "size": "50"}, {"price": "0.98", "size": "5.47"}], "event_type": "book", "last_trade_price": ""}, {"market": "0xf91ab5f47a64011b76685c63ce94f2ee1c4bd37fcf16a93cf7ca75bb1ee1414e", "asset_id": "56803589684369522591365626058511016615003331693393222931275174648285263432091", "timestamp": "1769384482166", "hash": "5b5b4880a864e9f6934166eb520cd1e005428817", "bids": [], "asks": [{"price": "0.99", "size": "50"}, {"price": "0.98", "size": "31.59"}, {"price": "0.94", "size": "5.47"}, {"price": "0.93", "size": "8.2"}], "event_type": "book", "last_trade_price": "0.010"}, {"market": "0xd301e5919f21ec6735f10d17e962ae2b467ee70985acd55a9c31a2b7f833759d", "asset_id": "73984809500054238658475954844541280272095974134905153992994362020521727632891", "timestamp": "1769384458001", "hash": "30529276f41fcf8a73818ca35fc7bd51195afa78", "bids": [], "asks": [{"price": "0.99", "size": "50"}, {"price": "0.98", "size": "5.47"}], "event_type": "book", "last_trade_price": "0.010"}, {"market": "0x363a67782275e652e4a8860998e8d3dd2b6981811f2be8039dc8714ea0b8b7e8", "asset_id": "110405963639149474316620826217476594085673404632330606101448769446172907829138", "timestamp": "1769384460384", "hash": "66ff0966fcea510b85793d2135ebf21d7b57b6c3", "bids": [], "asks": [{"price": "0.99", "size": "50"}, {"price": "0.98", "size": "5.47"}], "event_type": "book", "last_trade_price": "0.010"}, {"market": "0xf91ab5f47a64011b76685c63ce94f2ee1c4bd37fcf16a93cf7ca75bb1ee1414e", "asset_id": "55056055972887857572897303334203235098267407576751329565690481394992942425472", "timestamp": "1769384482166", "hash": "2592ff0508842154ea09e732656e1dc48a8a9140", "bids": [{"price": "0.01", "size": "50"}, {"price": "0.02", "size": "31.59"}, {"price": "0.06", "size": "5.47"}, {"price": "0.07", "size": "8.2"}], "asks": [], "event_type": "book", "last_trade_price": "0.010"}, {"market": "0x4eae059aab9605d011c97d7a819a1aea5628dc74496da72864a8db7a8ee83f2f", "asset_id": "94783140210253171550837681408678753998956684719662896803287482195742834650551", "timestamp": "1769384484000", "hash": "7512d8da4bfb20e76f07fff6aa7f02e35bc8eb6b", "bids": [{"price": "0.01", "size": "50"}, {"price": "0.1", "size": "10"}, {"price": "0.28", "size": "9.09"}], "asks": [{"price": "0.99", "size": "450"}, {"price": "0.95", "size": "1200"}, {"price": "0.9", "size": "510"}, {"price": "0.86", "size": "200"}, {"price": "0.6", "size": "337.5"}, {"price": "0.5", "size": "250"}, {"price": "0.45", "size": "49.54"}, {"price": "0.44", "size": "10"}], "event_type": "book", "last_trade_price": "0.550"}, {"market": "0x4c84dc6bc363f566e8657abd99fc81e26f78709b8638e5efcaf33f20e231f3be", "asset_id": "46864680455681036453870724534471847216476404968536154539783635058799092785123", "timestamp": "1769384409408", "hash": "37c6c9544eef48d6bc58878e61155560299b9cb8", "bids": [{"price": "0.01", "size": "50"}, {"price": "0.02", "size": "5.47"}], "asks": [{"price": "0.99", "size": "50"}], "event_type": "book", "last_trade_price": ""}, {"market": "0x49d225da9ff372bf3c1dcfd3b93703439045c5362b8f9a7902fe3f920f1d6fb9", "asset_id": "1924848470817059320551840545234024206746275704907178647613817821672752625202", "timestamp": "1769384409404", "hash": "04140883e409bf73492ddddefd2b9a74d5ff2343", "bids": [{"price": "0.01", "size": "50"}], "asks": [{"price": "0.99", "size": "50"}, {"price": "0.98", "size": "5.47"}], "event_type": "book", "last_trade_price": ""}, {"market": "0x5428692373a225173644659b4d7c539e828a0b1c446028f17b647bf0aed62ead", "asset_id": "33487759429565744197479460276553761819139515812807525954574522668958592971863", "timestamp": "1769384409405", "hash": "4477ce0a3d0e00dd7d6f5bac71b1d3f8251f3eaf", "bids": [{"price": "0.01", "size": "50"}], "asks": [{"price": "0.99", "size": "50"}, {"price": "0.98", "size": "5.47"}], "event_type": "book", "last_trade_price": ""}, {"market": "0x8ca1af3370c71ebdca4220f6b1fada69da35f619768afa2f4cbdd496f01be427", "asset_id": "39959181615084718337943920267318219891153527680275043466278453134479161123963", "timestamp": "1769384428430", "hash": "21c42dd7437dacaca4f3538c78038204068839aa", "bids": [], "asks": [{"price": "0.99", "size": "50"}, {"price": "0.98", "size": "5.47"}], "event_type": "book", "last_trade_price": "0.010"}, {"market": "0x363a67782275e652e4a8860998e8d3dd2b6981811f2be8039dc8714ea0b8b7e8", "asset_id": "74241082606540094201333381770908866193912078894761160768655177704088452780487", "timestamp": "1769384460384", "hash": "67ed2f7bc34dd3e38d5a9d14481a9945ea61eab8", "bids": [{"price": "0.01", "size": "50"}, {"price": "0.02", "size": "5.47"}], "asks": [], "event_type": "book", "last_trade_price": "0.010"}, {"market": "0x8ca1af3370c71ebdca4220f6b1fada69da35f619768afa2f4cbdd496f01be427", "asset_id": "10109308866419535510438671336357409704760407063588416804907029738617401025761", "timestamp": "1769384428430", "hash": "3fd559d9da1fb587a9275bc957e5485c1d336b5b", "bids": [{"price": "0.01", "size": "50"}, {"price": "0.02", "size": "5.47"}], "asks": [], "event_type": "book", "last_trade_price": "0.010"}, {"market": "0x49d225da9ff372bf3c1dcfd3b93703439045c5362b8f9a7902fe3f920f1d6fb9", "asset_id": "23269391379933801534431130129553468799532529309435988261804824352862846633811", "timestamp": "1769384409404", "hash": "598c75f71a4dd87440bc05ce66dacd2668213fa7", "bids": [{"price": "0.01", "size": "50"}, {"price": "0.02", "size": "5.47"}], "asks": [{"price": "0.99", "size": "50"}], "event_type": "book", "last_trade_price": ""}, {"market": "0xaaa63dd25dbfdf9acb7070d33709e216f4660e5fb597dc898968203abc233bec", "asset_id": "1351222802786881372199138861288697592253558774485427037984666968397259614722", "timestamp": "1769384409407", "hash": "a2b1259b1a0e322fc22a5755311c652baaa9e24a", "bids": [{"price": "0.01", "size": "50"}], "asks": [{"price": "0.99", "size": "50"}, {"price": "0.98", "size": "5.47"}], "event_type": "book", "last_trade_price": ""}, {"market": "0xaaa63dd25dbfdf9acb7070d33709e216f4660e5fb597dc898968203abc233bec", "asset_id": "49236695583509171442297458836544913090375083568548810591979643521484607419041", "timestamp": "1769384409407", "hash": "236e0204ee3dd3ee54f375fa02364d66884d8289", "bids": [{"price": "0.01", "size": "50"}, {"price": "0.02", "size": "5.47"}], "asks": [{"price": "0.99", "size": "50"}], "event_type": "book", "last_trade_price": ""}, {"market": "0x4eae059aab9605d011c97d7a819a1aea5628dc74496da72864a8db7a8ee83f2f", "asset_id": "81121118982140120518685180696544342882998930145563560164621715043753886103304", "timestamp": "1769384484000", "hash": "2ac513fbe3820b8fe6b7d0dc7e2e5bf1a42369ef", "bids": [{"price": "0.01", "size": "450"}, {"price": "0.05", "size": "1200"}, {"price": "0.1", "size": "510"}, {"price": "0.14", "size": "200"}, {"price": "0.4", "size": "337.5"}, {"price": "0.5", "size": "250"}, {"price": "0.55", "size": "49.54"}, {"price": "0.56", "size": "10"}], "asks": [{"price": "0.99", "size": "50"}, {"price": "0.9", "size": "10"}, {"price": "0.72", "size": "9.09"}], "event_type": "book", "last_trade_price": "0.550"}]}
{"_local_timestamp": "2026-01-25T23:41:25.254771+00:00", "data": {"market": "0xf91ab5f47a64011b76685c63ce94f2ee1c4bd37fcf16a93cf7ca75bb1ee1414e", "price_changes": [{"asset_id": "55056055972887857572897303334203235098267407576751329565690481394992942425472", "price": "0.06", "size": "0", "side": "BUY", "hash": "37790aa908e8699eb7e199c5b1f89f88aa34c9d6", "best_bid": "0.07", "best_ask": "1"}, {"asset_id": "56803589684369522591365626058511016615003331693393222931275174648285263432091", "price": "0.94", "size": "0", "side": "SELL", "hash": "6991318fa28e29f6be524408fd9c671f11bc5643", "best_bid": "0", "best_ask": "0.93"}], "timestamp": "1769384485181", "event_type": "price_change"}}
{"_local_timestamp": "2026-01-25T23:41:25.286361+00:00", "data": {"market": "0xf91ab5f47a64011b76685c63ce94f2ee1c4bd37fcf16a93cf7ca75bb1ee1414e", "price_changes": [{"asset_id": "55056055972887857572897303334203235098267407576751329565690481394992942425472", "price": "0.07", "size": "13.67", "side": "BUY", "hash": "774ece6d490c550c2e17a59d292d9a034a3d42d1", "best_bid": "0.07", "best_ask": "1"}, {"asset_id": "56803589684369522591365626058511016615003331693393222931275174648285263432091", "price": "0.93", "size": "13.67", "side": "SELL", "hash": "2d7ec4f687db12064f3af588a69350cfc7592176", "best_bid": "0", "best_ask": "0.93"}], "timestamp": "1769384485214", "event_type": "price_change"}}
{"_local_timestamp": "2026-01-25T23:41:25.687443+00:00", "data": {"market": "0xf91ab5f47a64011b76685c63ce94f2ee1c4bd37fcf16a93cf7ca75bb1ee1414e", "price_changes": [{"asset_id": "56803589684369522591365626058511016615003331693393222931275174648285263432091", "price": "0.93", "size": "5.47", "side": "SELL", "hash": "864d81c74438fa8f742bea841374279f46ecbb7d", "best_bid": "0", "best_ask": "0.93"}, {"asset_id": "55056055972887857572897303334203235098267407576751329565690481394992942425472", "price": "0.07", "size": "5.47", "side": "BUY", "hash": "2ef620b28e033d1a7edc9c09857be43254f289ec", "best_bid": "0.07", "best_ask": "1"}], "timestamp": "1769384485617", "event_type": "price_change"}}
{"_local_timestamp": "2026-01-25T23:41:26.028490+00:00", "data": {"market": "0xf91ab5f47a64011b76685c63ce94f2ee1c4bd37fcf16a93cf7ca75bb1ee1414e", "price_changes": [{"asset_id": "56803589684369522591365626058511016615003331693393222931275174648285263432091", "price": "0.92", "size": "8.2", "side": "SELL", "hash": "8eaac2927ffb075d59e88cdece13206789b40476", "best_bid": "0", "best_ask": "0.92"}, {"asset_id": "55056055972887857572897303334203235098267407576751329565690481394992942425472", "price": "0.08", "size": "8.2", "side": "BUY", "hash": "b2d12181d11acb442db5e0d72e8e355649c22a15", "best_bid": "0.08", "best_ask": "1"}], "timestamp": "1769384485955", "event_type": "price_change"}}
{"_local_timestamp": "2026-01-25T23:41:28.579359+00:00", "data": {"market": "0xf91ab5f47a64011b76685c63ce94f2ee1c4bd37fcf16a93cf7ca75bb1ee1414e", "price_changes": [{"asset_id": "55056055972887857572897303334203235098267407576751329565690481394992942425472", "price": "0.07", "size": "0", "side": "BUY", "hash": "83aa0e6801a2b2ae49d3a458a5ab7a13e826daf3", "best_bid": "0.08", "best_ask": "1"}, {"asset_id": "56803589684369522591365626058511016615003331693393222931275174648285263432091", "price": "0.93", "size": "0", "side": "SELL", "hash": "2381fee5a757da480b8d3d7af990ac41ef2df216", "best_bid": "0", "best_ask": "0.92"}], "timestamp": "1769384488508", "event_type": "price_change"}}
{"_local_timestamp": "2026-01-25T23:41:28.628209+00:00", "data": {"market": "0xf91ab5f47a64011b76685c63ce94f2ee1c4bd37fcf16a93cf7ca75bb1ee1414e", "price_changes": [{"asset_id": "55056055972887857572897303334203235098267407576751329565690481394992942425472", "price": "0.03", "size": "5.47", "side": "BUY", "hash": "fe66663ddab6182184fc4d1e5bf3d5f74a2dadea", "best_bid": "0.08", "best_ask": "1"}, {"asset_id": "56803589684369522591365626058511016615003331693393222931275174648285263432091", "price": "0.97", "size": "5.47", "side": "SELL", "hash": "087dc40d58031a72c94a143aeae2d445d93915c6", "best_bid": "0", "best_ask": "0.92"}], "timestamp": "1769384488555", "event_type": "price_change"}}
{"_local_timestamp": "2026-01-25T23:41:28.947794+00:00", "data": {"market": "0xf91ab5f47a64011b76685c63ce94f2ee1c4bd37fcf16a93cf7ca75bb1ee1414e", "price_changes": [{"asset_id": "56803589684369522591365626058511016615003331693393222931275174648285263432091", "price": "0.92", "size": "0", "side": "SELL", "hash": "cfe3ec2d9205df6fb95c8338dfc2cbc48e4f7f06", "best_bid": "0", "best_ask": "0.97"}, {"asset_id": "55056055972887857572897303334203235098267407576751329565690481394992942425472", "price": "0.08", "size": "0", "side": "BUY", "hash": "7b1bda91a98826ec5fc3b1d8e10910bae2e9dedc", "best_bid": "0.03", "best_ask": "1"}], "timestamp": "1769384488878", "event_type": "price_change"}}
{"_local_timestamp": "2026-01-25T23:41:29.183730+00:00", "data": {"market": "0xf91ab5f47a64011b76685c63ce94f2ee1c4bd37fcf16a93cf7ca75bb1ee1414e", "price_changes": [{"asset_id": "56803589684369522591365626058511016615003331693393222931275174648285263432091", "price": "0.96", "size": "8.2", "side": "SELL", "hash": "c1877cc6915974c7eaeecbe531c22b34c4cd5367", "best_bid": "0", "best_ask": "0.96"}, {"asset_id": "55056055972887857572897303334203235098267407576751329565690481394992942425472", "price": "0.04", "size": "8.2", "side": "BUY", "hash": "9f1bcc3b7b68cb8a1da758636e9779f86ab145b2", "best_bid": "0.04", "best_ask": "1"}], "timestamp": "1769384489105", "event_type": "price_change"}}
{"_local_timestamp": "2026-01-25T23:41:30.298948+00:00", "data": {"market": "0x4eae059aab9605d011c97d7a819a1aea5628dc74496da72864a8db7a8ee83f2f", "price_changes": [{"asset_id": "81121118982140120518685180696544342882998930145563560164621715043753886103304", "price": "0.41", "size": "487", "side": "BUY", "hash": "dafb1008535885b24807ab2814ee4c6337ec8306", "best_bid": "0.56", "best_ask": "0.72"}, {"asset_id": "94783140210253171550837681408678753998956684719662896803287482195742834650551", "price": "0.59", "size": "487", "side": "SELL", "hash": "ea1c35f1ca24f66d26e7cb1dcb5f968d0c1c9762", "best_bid": "0.28", "best_ask": "0.44"}], "timestamp": "1769384490222", "event_type": "price_change"}}
{"_local_timestamp": "2026-01-25T23:41:34.957335+00:00", "data": {"market": "0xf91ab5f47a64011b76685c63ce94f2ee1c4bd37fcf16a93cf7ca75bb1ee1414e", "price_changes": [{"asset_id": "55056055972887857572897303334203235098267407576751329565690481394992942425472", "price": "0.03", "size": "0", "side": "BUY", "hash": "67e0249a7053b1a43f5c5e8b1ebe6f6eba66c87f", "best_bid": "0.04", "best_ask": "1"}, {"asset_id": "56803589684369522591365626058511016615003331693393222931275174648285263432091", "price": "0.97", "size": "0", "side": "SELL", "hash": "4552a7877d5797e0c4a439bc4274ab9f9e5b76fd", "best_bid": "0", "best_ask": "0.96"}], "timestamp": "1769384494883", "event_type": "price_change"}}
{"_local_timestamp": "2026-01-25T23:41:35.002706+00:00", "data": {"market": "0xf91ab5f47a64011b76685c63ce94f2ee1c4bd37fcf16a93cf7ca75bb1ee1414e", "price_changes": [{"asset_id": "55056055972887857572897303334203235098267407576751329565690481394992942425472", "price": "0.05", "size": "5.47", "side": "BUY", "hash": "3229525381093f564f5410db87d16a9bfe478d3f", "best_bid": "0.05", "best_ask": "1"}, {"asset_id": "56803589684369522591365626058511016615003331693393222931275174648285263432091", "price": "0.95", "size": "5.47", "side": "SELL", "hash": "c770eb0bb23a80a84f438fec7a45e6a4897c2bcc", "best_bid": "0", "best_ask": "0.95"}], "timestamp": "1769384494928", "event_type": "price_change"}}
{"_local_timestamp": "2026-01-25T23:41:35.555376+00:00", "data": {"market": "0xf91ab5f47a64011b76685c63ce94f2ee1c4bd37fcf16a93cf7ca75bb1ee1414e", "price_changes": [{"asset_id": "56803589684369522591365626058511016615003331693393222931275174648285263432091", "price": "0.96", "size": "0", "side": "SELL", "hash": "2ea599b173cf2af2ab072f3c76ace619e78bbfb2", "best_bid": "0", "best_ask": "0.95"}, {"asset_id": "55056055972887857572897303334203235098267407576751329565690481394992942425472", "price": "0.04", "size": "0", "side": "BUY", "hash": "2907ace6a80ef29d080213dd9f3183f2a7570a2d", "best_bid": "0.05", "best_ask": "1"}], "timestamp": "1769384495488", "event_type": "price_change"}}
{"_local_timestamp": "2026-01-25T23:41:35.819547+00:00", "data": {"market": "0xf91ab5f47a64011b76685c63ce94f2ee1c4bd37fcf16a93cf7ca75bb1ee1414e", "price_changes": [{"asset_id": "56803589684369522591365626058511016615003331693393222931275174648285263432091", "price": "0.94", "size": "8.2", "side": "SELL", "hash": "179f51929040a9591febdfcb1029b5b1eb5d7cb7", "best_bid": "0", "best_ask": "0.94"}, {"asset_id": "55056055972887857572897303334203235098267407576751329565690481394992942425472", "price": "0.06", "size": "8.2", "side": "BUY", "hash": "9734412b00da527a96857e2fb3eb453cd305d50b", "best_bid": "0.06", "best_ask": "1"}], "timestamp": "1769384495744", "event_type": "price_change"}}
{"_local_timestamp": "2026-01-25T23:41:37.100870+00:00", "data": {"market": "0x4eae059aab9605d011c97d7a819a1aea5628dc74496da72864a8db7a8ee83f2f", "price_changes": [{"asset_id": "81121118982140120518685180696544342882998930145563560164621715043753886103304", "price": "0.41", "size": "0", "side": "BUY", "hash": "0f9be7ee2c40ad12941de79b6aef23649c6c78a2", "best_bid": "0.56", "best_ask": "0.72"}, {"asset_id": "94783140210253171550837681408678753998956684719662896803287482195742834650551", "price": "0.59", "size": "0", "side": "SELL", "hash": "7de90f23b6626de8d4b23fc7798f6a5f310d4d31", "best_bid": "0.28", "best_ask": "0.44"}], "timestamp": "1769384497002", "event_type": "price_change"}}
{"_local_timestamp": "2026-01-25T23:41:38.218188+00:00", "data": {"market": "0xf91ab5f47a64011b76685c63ce94f2ee1c4bd37fcf16a93cf7ca75bb1ee1414e", "price_changes": [{"asset_id": "55056055972887857572897303334203235098267407576751329565690481394992942425472", "price": "0.05", "size": "0", "side": "BUY", "hash": "a93cb7543359cb89b574f33c30e4da0af4a3fd3e", "best_bid": "0.06", "best_ask": "1"}, {"asset_id": "56803589684369522591365626058511016615003331693393222931275174648285263432091", "price": "0.95", "size": "0", "side": "SELL", "hash": "c58a35a00af25a35ca26141d4681086630b30a56", "best_bid": "0", "best_ask": "0.94"}], "timestamp": "1769384498145", "event_type": "price_change"}}
{"_local_timestamp": "2026-01-25T23:41:38.248729+00:00", "data": {"market": "0xf91ab5f47a64011b76685c63ce94f2ee1c4bd37fcf16a93cf7ca75bb1ee1414e", "price_changes": [{"asset_id": "55056055972887857572897303334203235098267407576751329565690481394992942425472", "price": "0.06", "size": "13.67", "side": "BUY", "hash": "5ab179b299cdbea996c4a3c83129d3c7cdeb2253", "best_bid": "0.06", "best_ask": "1"}, {"asset_id": "56803589684369522591365626058511016615003331693393222931275174648285263432091", "price": "0.94", "size": "13.67", "side": "SELL", "hash": "5d2528e5e4fed67befef77af8ce33190e37a093d", "best_bid": "0", "best_ask": "0.94"}], "timestamp": "1769384498176", "event_type": "price_change"}}
{"_local_timestamp": "2026-01-25T23:41:38.515922+00:00", "data": {"market": "0xf91ab5f47a64011b76685c63ce94f2ee1c4bd37fcf16a93cf7ca75bb1ee1414e", "price_changes": [{"asset_id": "56803589684369522591365626058511016615003331693393222931275174648285263432091", "price": "0.94", "size": "5.47", "side": "SELL", "hash": "0a621703d5d1a175ff16ba5a514756b0a2ad62de", "best_bid": "0", "best_ask": "0.94"}, {"asset_id": "55056055972887857572897303334203235098267407576751329565690481394992942425472", "price": "0.06", "size": "5.47", "side": "BUY", "hash": "215acd2adf9c647f49b165ae614bed7d826f6b8e", "best_bid": "0.06", "best_ask": "1"}], "timestamp": "1769384498444", "event_type": "price_change"}}
{"_local_timestamp": "2026-01-25T23:41:38.753276+00:00", "data": {"market": "0xf91ab5f47a64011b76685c63ce94f2ee1c4bd37fcf16a93cf7ca75bb1ee1414e", "price_changes": [{"asset_id": "56803589684369522591365626058511016615003331693393222931275174648285263432091", "price": "0.93", "size": "8.2", "side": "SELL", "hash": "70bc297df1456fdeee649c14df99f8b951d61da6", "best_bid": "0", "best_ask": "0.93"}, {"asset_id": "55056055972887857572897303334203235098267407576751329565690481394992942425472", "price": "0.07", "size": "8.2", "side": "BUY", "hash": "2768befaf3647d99636e0e80ba8f1c9f06e862c7", "best_bid": "0.07", "best_ask": "1"}], "timestamp": "1769384498680", "event_type": "price_change"}}
{"_local_timestamp": "2026-01-25T23:41:41.494078+00:00", "data": {"market": "0xf91ab5f47a64011b76685c63ce94f2ee1c4bd37fcf16a93cf7ca75bb1ee1414e", "price_changes": [{"asset_id": "55056055972887857572897303334203235098267407576751329565690481394992942425472", "price": "0.06", "size": "0", "side": "BUY", "hash": "759bb2c8b8d0fd0eb132be12b893601096d401d9", "best_bid": "0.07", "best_ask": "1"}, {"asset_id": "56803589684369522591365626058511016615003331693393222931275174648285263432091", "price": "0.94", "size": "0", "side": "SELL", "hash": "ec9d9bf16952c178ff3838c619bfdd342f8069ec", "best_bid": "0", "best_ask": "0.93"}], "timestamp": "1769384501417", "event_type": "price_change"}}
{"_local_timestamp": "2026-01-25T23:41:41.527132+00:00", "data": {"market": "0xf91ab5f47a64011b76685c63ce94f2ee1c4bd37fcf16a93cf7ca75bb1ee1414e", "price_changes": [{"asset_id": "55056055972887857572897303334203235098267407576751329565690481394992942425472", "price": "0.07", "size": "13.67", "side": "BUY", "hash": "c787bc7a934810e447c76eee9ff7124432603dce", "best_bid": "0.07", "best_ask": "1"}, {"asset_id": "56803589684369522591365626058511016615003331693393222931275174648285263432091", "price": "0.93", "size": "13.67", "side": "SELL", "hash": "4b177cb561c76874fad8b8a7415b32b058e2c6e5", "best_bid": "0", "best_ask": "0.93"}], "timestamp": "1769384501450", "event_type": "price_change"}}
{"_local_timestamp": "2026-01-25T23:41:42.045232+00:00", "data": {"market": "0xf91ab5f47a64011b76685c63ce94f2ee1c4bd37fcf16a93cf7ca75bb1ee1414e", "price_changes": [{"asset_id": "56803589684369522591365626058511016615003331693393222931275174648285263432091", "price": "0.93", "size": "5.47", "side": "SELL", "hash": "d750c7efaad6f49e4c5759b49f800d76d75fc2d7", "best_bid": "0", "best_ask": "0.93"}, {"asset_id": "55056055972887857572897303334203235098267407576751329565690481394992942425472", "price": "0.07", "size": "5.47", "side": "BUY", "hash": "08fef36bd9578fea4b756880aeacd5e7f7f47802", "best_bid": "0.07", "best_ask": "1"}], "timestamp": "1769384501975", "event_type": "price_change"}}
{"_local_timestamp": "2026-01-25T23:41:42.408103+00:00", "data": {"market": "0xf91ab5f47a64011b76685c63ce94f2ee1c4bd37fcf16a93cf7ca75bb1ee1414e", "price_changes": [{"asset_id": "56803589684369522591365626058511016615003331693393222931275174648285263432091", "price": "0.92", "size": "8.2", "side": "SELL", "hash": "4ce1a63a51620a2e59d2b43280dd0e2b59165be4", "best_bid": "0", "best_ask": "0.92"}, {"asset_id": "55056055972887857572897303334203235098267407576751329565690481394992942425472", "price": "0.08", "size": "8.2", "side": "BUY", "hash": "4840096a4cb81e8f5811d2c299a6d2c0a8942b37", "best_bid": "0.08", "best_ask": "1"}], "timestamp": "1769384502335", "event_type": "price_change"}}
{"_local_timestamp": "2026-01-25T23:41:42.990644+00:00", "data": {"market": "0x4eae059aab9605d011c97d7a819a1aea5628dc74496da72864a8db7a8ee83f2f", "price_changes": [{"asset_id": "81121118982140120518685180696544342882998930145563560164621715043753886103304", "price": "0.41", "size": "487", "side": "BUY", "hash": "b51f367b3df7acbcb475882874d830322e90dfc5", "best_bid": "0.56", "best_ask": "0.72"}, {"asset_id": "94783140210253171550837681408678753998956684719662896803287482195742834650551", "price": "0.59", "size": "487", "side": "SELL", "hash": "932442c2d450c32592017be4cc332a05382362fc", "best_bid": "0.28", "best_ask": "0.44"}], "timestamp": "1769384502924", "event_type": "price_change"}}
{"_local_timestamp": "2026-01-25T23:41:44.724144+00:00", "data": {"market": "0xf91ab5f47a64011b76685c63ce94f2ee1c4bd37fcf16a93cf7ca75bb1ee1414e", "price_changes": [{"asset_id": "55056055972887857572897303334203235098267407576751329565690481394992942425472", "price": "0.07", "size": "0", "side": "BUY", "hash": "c649149384e1195bacdc81a3d706a6e8732da39f", "best_bid": "0.08", "best_ask": "1"}, {"asset_id": "56803589684369522591365626058511016615003331693393222931275174648285263432091", "price": "0.93", "size": "0", "side": "SELL", "hash": "387ed67be9eaf90511ee221319f97ca36da11b19", "best_bid": "0", "best_ask": "0.92"}], "timestamp": "1769384504644", "event_type": "price_change"}}
{"_local_timestamp": "2026-01-25T23:41:44.769457+00:00", "data": {"market": "0xf91ab5f47a64011b76685c63ce94f2ee1c4bd37fcf16a93cf7ca75bb1ee1414e", "price_changes": [{"asset_id": "55056055972887857572897303334203235098267407576751329565690481394992942425472", "price": "0.03", "size": "5.47", "side": "BUY", "hash": "35f1ba1dd97aa8d4736fd51c0debdaf0c5b3590e", "best_bid": "0.08", "best_ask": "1"}, {"asset_id": "56803589684369522591365626058511016615003331693393222931275174648285263432091", "price": "0.97", "size": "5.47", "side": "SELL", "hash": "b4bb0f1f2e6c9c8d90b869d7012daf76fbce2ef1", "best_bid": "0", "best_ask": "0.92"}], "timestamp": "1769384504696", "event_type": "price_change"}}
{"_local_timestamp": "2026-01-25T23:41:45.034937+00:00", "data": {"market": "0xf91ab5f47a64011b76685c63ce94f2ee1c4bd37fcf16a93cf7ca75bb1ee1414e", "price_changes": [{"asset_id": "56803589684369522591365626058511016615003331693393222931275174648285263432091", "price": "0.92", "size": "0", "side": "SELL", "hash": "5e6e53e0efeb743e5fad548c452094eec8517c8d", "best_bid": "0", "best_ask": "0.97"}, {"asset_id": "55056055972887857572897303334203235098267407576751329565690481394992942425472", "price": "0.08", "size": "0", "side": "BUY", "hash": "7b51a4d9fe9b2103ce320f818c59f5f569ddf9f5", "best_bid": "0.03", "best_ask": "1"}], "timestamp": "1769384504960", "event_type": "price_change"}}
{"_local_timestamp": "2026-01-25T23:41:45.359257+00:00", "data": {"market": "0xf91ab5f47a64011b76685c63ce94f2ee1c4bd37fcf16a93cf7ca75bb1ee1414e", "price_changes": [{"asset_id": "56803589684369522591365626058511016615003331693393222931275174648285263432091", "price": "0.96", "size": "8.2", "side": "SELL", "hash": "425ab88533eac7d97d00be84d793ba621d4840c4", "best_bid": "0", "best_ask": "0.96"}, {"asset_id": "55056055972887857572897303334203235098267407576751329565690481394992942425472", "price": "0.04", "size": "8.2", "side": "BUY", "hash": "4fbe5ab18f651279dc1bcd44a769c4aae107c4ce", "best_bid": "0.04", "best_ask": "1"}], "timestamp": "1769384505291", "event_type": "price_change"}}
{"_local_timestamp": "2026-01-25T23:41:47.994471+00:00", "data": {"market": "0xf91ab5f47a64011b76685c63ce94f2ee1c4bd37fcf16a93cf7ca75bb1ee1414e", "price_changes": [{"asset_id": "55056055972887857572897303334203235098267407576751329565690481394992942425472", "price": "0.03", "size": "0", "side": "BUY", "hash": "560b22004fdbaefc65662f9fa5d308436003b50e", "best_bid": "0.04", "best_ask": "1"}, {"asset_id": "56803589684369522591365626058511016615003331693393222931275174648285263432091", "price": "0.97", "size": "0", "side": "SELL", "hash": "99891b98bd2b76cac61d00d45e7efab5d8d94710", "best_bid": "0", "best_ask": "0.96"}], "timestamp": "1769384507922", "event_type": "price_change"}}
{"_local_timestamp": "2026-01-25T23:41:48.026420+00:00", "data": {"market": "0xf91ab5f47a64011b76685c63ce94f2ee1c4bd37fcf16a93cf7ca75bb1ee1414e", "price_changes": [{"asset_id": "55056055972887857572897303334203235098267407576751329565690481394992942425472", "price": "0.05", "size": "5.47", "side": "BUY", "hash": "5c8917ba2582aa7edadfad8b4e1b9fe0b358360f", "best_bid": "0.05", "best_ask": "1"}, {"asset_id": "56803589684369522591365626058511016615003331693393222931275174648285263432091", "price": "0.95", "size": "5.47", "side": "SELL", "hash": "687e1e9a42f8eea512c63dbbd87a6cf5b66cf6d5", "best_bid": "0", "best_ask": "0.95"}], "timestamp": "1769384507950", "event_type": "price_change"}}
{"_local_timestamp": "2026-01-25T23:41:48.318934+00:00", "data": {"market": "0xf91ab5f47a64011b76685c63ce94f2ee1c4bd37fcf16a93cf7ca75bb1ee1414e", "price_changes": [{"asset_id": "56803589684369522591365626058511016615003331693393222931275174648285263432091", "price": "0.96", "size": "0", "side": "SELL", "hash": "cfdbad7558fb068f77c92f8ed281a27de57de9c1", "best_bid": "0", "best_ask": "0.95"}, {"asset_id": "55056055972887857572897303334203235098267407576751329565690481394992942425472", "price": "0.04", "size": "0", "side": "BUY", "hash": "48112116739ff8c2310c9b8f9dc560ab64e5cca2", "best_bid": "0.05", "best_ask": "1"}], "timestamp": "1769384508251", "event_type": "price_change"}}
{"_local_timestamp": "2026-01-25T23:41:48.651680+00:00", "data": {"market": "0xf91ab5f47a64011b76685c63ce94f2ee1c4bd37fcf16a93cf7ca75bb1ee1414e", "price_changes": [{"asset_id": "56803589684369522591365626058511016615003331693393222931275174648285263432091", "price": "0.94", "size": "8.2", "side": "SELL", "hash": "dfa2690a3af4c5f40fe94efa567e5148a90c4a09", "best_bid": "0", "best_ask": "0.94"}, {"asset_id": "55056055972887857572897303334203235098267407576751329565690481394992942425472", "price": "0.06", "size": "8.2", "side": "BUY", "hash": "bb8a3e23bcca94d64b6a4bedfc7f1a3975a4f0a7", "best_bid": "0.06", "best_ask": "1"}], "timestamp": "1769384508582", "event_type": "price_change"}}
{"_local_timestamp": "2026-01-25T23:41:49.123386+00:00", "data": {"market": "0x4eae059aab9605d011c97d7a819a1aea5628dc74496da72864a8db7a8ee83f2f", "price_changes": [{"asset_id": "81121118982140120518685180696544342882998930145563560164621715043753886103304", "price": "0.41", "size": "0", "side": "BUY", "hash": "f29325cb21243c566329f76cacf4f97f25975b31", "best_bid": "0.56", "best_ask": "0.72"}, {"asset_id": "94783140210253171550837681408678753998956684719662896803287482195742834650551", "price": "0.59", "size": "0", "side": "SELL", "hash": "916c9548bb497474f00c8f94f29c0f59db31d4d6", "best_bid": "0.28", "best_ask": "0.44"}], "timestamp": "1769384509003", "event_type": "price_change"}}
{"_local_timestamp": "2026-01-25T23:41:51.412710+00:00", "data": {"market": "0xf91ab5f47a64011b76685c63ce94f2ee1c4bd37fcf16a93cf7ca75bb1ee1414e", "price_changes": [{"asset_id": "55056055972887857572897303334203235098267407576751329565690481394992942425472", "price": "0.05", "size": "0", "side": "BUY", "hash": "41050164c2985fd5a760007b8f118031a9b68ab9", "best_bid": "0.06", "best_ask": "1"}, {"asset_id": "56803589684369522591365626058511016615003331693393222931275174648285263432091", "price": "0.95", "size": "0", "side": "SELL", "hash": "797b6cf0276b0d279c6afe1153f5a91113e0366f", "best_bid": "0", "best_ask": "0.94"}], "timestamp": "1769384511345", "event_type": "price_change"}}
{"_local_timestamp": "2026-01-25T23:41:51.462415+00:00", "data": {"market": "0xf91ab5f47a64011b76685c63ce94f2ee1c4bd37fcf16a93cf7ca75bb1ee1414e", "price_changes": [{"asset_id": "55056055972887857572897303334203235098267407576751329565690481394992942425472", "price": "0.06", "size": "13.67", "side": "BUY", "hash": "009548b78b9ae7151f80cfba1e14bdf830fac592", "best_bid": "0.06", "best_ask": "1"}, {"asset_id": "56803589684369522591365626058511016615003331693393222931275174648285263432091", "price": "0.94", "size": "13.67", "side": "SELL", "hash": "a13efd5d30be853a01f0aaded2ae372a0171ef68", "best_bid": "0", "best_ask": "0.94"}], "timestamp": "1769384511378", "event_type": "price_change"}}
{"_local_timestamp": "2026-01-25T23:41:51.918902+00:00", "data": {"market": "0xf91ab5f47a64011b76685c63ce94f2ee1c4bd37fcf16a93cf7ca75bb1ee1414e", "price_changes": [{"asset_id": "56803589684369522591365626058511016615003331693393222931275174648285263432091", "price": "0.94", "size": "5.47", "side": "SELL", "hash": "0c4a2c78809944167771f79139d1e4995b2513a5", "best_bid": "0", "best_ask": "0.94"}, {"asset_id": "55056055972887857572897303334203235098267407576751329565690481394992942425472", "price": "0.06", "size": "5.47", "side": "BUY", "hash": "799016458e451f3fc60f7c749ed1c40f15013590", "best_bid": "0.06", "best_ask": "1"}], "timestamp": "1769384511822", "event_type": "price_change"}}
{"_local_timestamp": "2026-01-25T23:41:52.110723+00:00", "data": {"market": "0xf91ab5f47a64011b76685c63ce94f2ee1c4bd37fcf16a93cf7ca75bb1ee1414e", "price_changes": [{"asset_id": "56803589684369522591365626058511016615003331693393222931275174648285263432091", "price": "0.93", "size": "8.2", "side": "SELL", "hash": "ac5b14c19ec0e0f718e3aa0965ed2daf5742308d", "best_bid": "0", "best_ask": "0.93"}, {"asset_id": "55056055972887857572897303334203235098267407576751329565690481394992942425472", "price": "0.07", "size": "8.2", "side": "BUY", "hash": "e7ae0cef5737bd6a19cfa1051b02331e7b7abf58", "best_bid": "0.07", "best_ask": "1"}], "timestamp": "1769384512030", "event_type": "price_change"}}
{"_local_timestamp": "2026-01-25T23:41:54.611698+00:00", "data": {"market": "0xf91ab5f47a64011b76685c63ce94f2ee1c4bd37fcf16a93cf7ca75bb1ee1414e", "price_changes": [{"asset_id": "55056055972887857572897303334203235098267407576751329565690481394992942425472", "price": "0.06", "size": "0", "side": "BUY", "hash": "f880583e79f74b0a9baefdf9b16717e1d0e96811", "best_bid": "0.07", "best_ask": "1"}, {"asset_id": "56803589684369522591365626058511016615003331693393222931275174648285263432091", "price": "0.94", "size": "0", "side": "SELL", "hash": "7c294e5a00a03a6b41d829edf0b69a29341af505", "best_bid": "0", "best_ask": "0.93"}], "timestamp": "1769384514544", "event_type": "price_change"}}
{"_local_timestamp": "2026-01-25T23:41:54.642390+00:00", "data": {"market": "0xf91ab5f47a64011b76685c63ce94f2ee1c4bd37fcf16a93cf7ca75bb1ee1414e", "price_changes": [{"asset_id": "55056055972887857572897303334203235098267407576751329565690481394992942425472", "price": "0.07", "size": "13.67", "side": "BUY", "hash": "bf7195ee9138afa7dff537a584044e2197d0155a", "best_bid": "0.07", "best_ask": "1"}, {"asset_id": "56803589684369522591365626058511016615003331693393222931275174648285263432091", "price": "0.93", "size": "13.67", "side": "SELL", "hash": "3469f3bbc670f1fc3359bad72def7d879fb1a9f8", "best_bid": "0", "best_ask": "0.93"}], "timestamp": "1769384514572", "event_type": "price_change"}}
{"_local_timestamp": "2026-01-25T23:41:55.280208+00:00", "data": {"market": "0xf91ab5f47a64011b76685c63ce94f2ee1c4bd37fcf16a93cf7ca75bb1ee1414e", "price_changes": [{"asset_id": "56803589684369522591365626058511016615003331693393222931275174648285263432091", "price": "0.93", "size": "5.47", "side": "SELL", "hash": "2308dd5aabf746d58b7301f5e4dbac26f946e578", "best_bid": "0", "best_ask": "0.93"}, {"asset_id": "55056055972887857572897303334203235098267407576751329565690481394992942425472", "price": "0.07", "size": "5.47", "side": "BUY", "hash": "fea4f3dc4af74925f72d4bbc90d359b8feb91710", "best_bid": "0.07", "best_ask": "1"}], "timestamp": "1769384515202", "event_type": "price_change"}}
{"_local_timestamp": "2026-01-25T23:41:55.600888+00:00", "data": {"market": "0xf91ab5f47a64011b76685c63ce94f2ee1c4bd37fcf16a93cf7ca75bb1ee1414e", "price_changes": [{"asset_id": "56803589684369522591365626058511016615003331693393222931275174648285263432091", "price": "0.92", "size": "8.2", "side": "SELL", "hash": "f918c2d7f5e7da0f0edffd1f0175a106f2efb63d", "best_bid": "0", "best_ask": "0.92"}, {"asset_id": "55056055972887857572897303334203235098267407576751329565690481394992942425472", "price": "0.08", "size": "8.2", "side": "BUY", "hash": "185eace72a8d135f23295095098a3a0be742858d", "best_bid": "0.08", "best_ask": "1"}], "timestamp": "1769384515520", "event_type": "price_change"}}
{"_local_timestamp": "2026-01-25T23:41:55.782106+00:00", "data": {"market": "0x4eae059aab9605d011c97d7a819a1aea5628dc74496da72864a8db7a8ee83f2f", "price_changes": [{"asset_id": "81121118982140120518685180696544342882998930145563560164621715043753886103304", "price": "0.41", "size": "487", "side": "BUY", "hash": "96d98db742e39587abc8e7f4afb8310b960db186", "best_bid": "0.56", "best_ask": "0.72"}, {"asset_id": "94783140210253171550837681408678753998956684719662896803287482195742834650551", "price": "0.59", "size": "487", "side": "SELL", "hash": "a4f0bf48c7750f345e00040c846c3d75a32aa698", "best_bid": "0.28", "best_ask": "0.44"}], "timestamp": "1769384515715", "event_type": "price_change"}}
{"_local_timestamp": "2026-01-25T23:41:57.915464+00:00", "data": {"market": "0xf91ab5f47a64011b76685c63ce94f2ee1c4bd37fcf16a93cf7ca75bb1ee1414e", "price_changes": [{"asset_id": "55056055972887857572897303334203235098267407576751329565690481394992942425472", "price": "0.07", "size": "0", "side": "BUY", "hash": "6c2e2698c6a2f2f4ad3449fd9c9996030926d34d", "best_bid": "0.08", "best_ask": "1"}, {"asset_id": "56803589684369522591365626058511016615003331693393222931275174648285263432091", "price": "0.93", "size": "0", "side": "SELL", "hash": "fd9a58cface0350d83b9fc3e01d274cf0f01d1ce", "best_bid": "0", "best_ask": "0.92"}], "timestamp": "1769384517835", "event_type": "price_change"}}
{"_local_timestamp": "2026-01-25T23:41:57.931755+00:00", "data": {"market": "0xf91ab5f47a64011b76685c63ce94f2ee1c4bd37fcf16a93cf7ca75bb1ee1414e", "price_changes": [{"asset_id": "55056055972887857572897303334203235098267407576751329565690481394992942425472", "price": "0.03", "size": "5.47", "side": "BUY", "hash": "3a4269e840756d16b01e7ba3b328ef47c692b5fa", "best_bid": "0.08", "best_ask": "1"}, {"asset_id": "56803589684369522591365626058511016615003331693393222931275174648285263432091", "price": "0.97", "size": "5.47", "side": "SELL", "hash": "04835b1c0eb9a7a65f59787a932797c73213d5ed", "best_bid": "0", "best_ask": "0.92"}], "timestamp": "1769384517865", "event_type": "price_change"}}
{"_local_timestamp": "2026-01-25T23:41:58.113303+00:00", "data": {"market": "0xf91ab5f47a64011b76685c63ce94f2ee1c4bd37fcf16a93cf7ca75bb1ee1414e", "price_changes": [{"asset_id": "56803589684369522591365626058511016615003331693393222931275174648285263432091", "price": "0.92", "size": "0", "side": "SELL", "hash": "daf31e935309ea1e58df44bfe01b95a3f19c27ce", "best_bid": "0", "best_ask": "0.97"}, {"asset_id": "55056055972887857572897303334203235098267407576751329565690481394992942425472", "price": "0.08", "size": "0", "side": "BUY", "hash": "5663262f0eaec34fa63e105f968177b642dda370", "best_bid": "0.03", "best_ask": "1"}], "timestamp": "1769384518036", "event_type": "price_change"}}
{"_local_timestamp": "2026-01-25T23:41:58.495406+00:00", "data": {"market": "0xf91ab5f47a64011b76685c63ce94f2ee1c4bd37fcf16a93cf7ca75bb1ee1414e", "price_changes": [{"asset_id": "56803589684369522591365626058511016615003331693393222931275174648285263432091", "price": "0.96", "size": "8.2", "side": "SELL", "hash": "f7a9f1b9cbad7a9b9561a9f21767a7e3d96da0ed", "best_bid": "0", "best_ask": "0.96"}, {"asset_id": "55056055972887857572897303334203235098267407576751329565690481394992942425472", "price": "0.04", "size": "8.2", "side": "BUY", "hash": "ae14eb4e35febd49524393edd9d6bd20aae45519", "best_bid": "0.04", "best_ask": "1"}], "timestamp": "1769384518419", "event_type": "price_change"}}
{"_local_timestamp": "2026-01-25T23:42:01.142839+00:00", "data": {"market": "0xf91ab5f47a64011b76685c63ce94f2ee1c4bd37fcf16a93cf7ca75bb1ee1414e", "price_changes": [{"asset_id": "55056055972887857572897303334203235098267407576751329565690481394992942425472", "price": "0.03", "size": "0", "side": "BUY", "hash": "ba510dd81c0fed651a98c600d58d909769a359f4", "best_bid": "0.04", "best_ask": "1"}, {"asset_id": "56803589684369522591365626058511016615003331693393222931275174648285263432091", "price": "0.97", "size": "0", "side": "SELL", "hash": "8c480cfc809beeab6b81dd2505000f3b9072f56c", "best_bid": "0", "best_ask": "0.96"}], "timestamp": "1769384521059", "event_type": "price_change"}}
{"_local_timestamp": "2026-01-25T23:42:01.185535+00:00", "data": {"market": "0xf91ab5f47a64011b76685c63ce94f2ee1c4bd37fcf16a93cf7ca75bb1ee1414e", "price_changes": [{"asset_id": "55056055972887857572897303334203235098267407576751329565690481394992942425472", "price": "0.05", "size": "5.47", "side": "BUY", "hash": "8324ccd47babd3e30503e2310bb454e32414dade", "best_bid": "0.05", "best_ask": "1"}, {"asset_id": "56803589684369522591365626058511016615003331693393222931275174648285263432091", "price": "0.95", "size": "5.47", "side": "SELL", "hash": "6e9fb922449b975fa433c3188623b22bf92cca4d", "best_bid": "0", "best_ask": "0.95"}], "timestamp": "1769384521103", "event_type": "price_change"}}
{"_local_timestamp": "2026-01-25T23:42:01.363673+00:00", "data": {"market": "0xf91ab5f47a64011b76685c63ce94f2ee1c4bd37fcf16a93cf7ca75bb1ee1414e", "price_changes": [{"asset_id": "56803589684369522591365626058511016615003331693393222931275174648285263432091", "price": "0.96", "size": "0", "side": "SELL", "hash": "61945f96f9a7371dc91aa34ea33864300730656a", "best_bid": "0", "best_ask": "0.95"}, {"asset_id": "55056055972887857572897303334203235098267407576751329565690481394992942425472", "price": "0.04", "size": "0", "side": "BUY", "hash": "fee55ed87d8e5de25c05df4eaef3c70050b38b94", "best_bid": "0.05", "best_ask": "1"}], "timestamp": "1769384521298", "event_type": "price_change"}}
{"_local_timestamp": "2026-01-25T23:42:01.709692+00:00", "data": {"market": "0xf91ab5f47a64011b76685c63ce94f2ee1c4bd37fcf16a93cf7ca75bb1ee1414e", "price_changes": [{"asset_id": "56803589684369522591365626058511016615003331693393222931275174648285263432091", "price": "0.94", "size": "8.2", "side": "SELL", "hash": "4bdc32fe351f7c88a9fd3cbb93939251d3712d3a", "best_bid": "0", "best_ask": "0.94"}, {"asset_id": "55056055972887857572897303334203235098267407576751329565690481394992942425472", "price": "0.06", "size": "8.2", "side": "BUY", "hash": "5b2ae440461f6b64f2201125c2781f58e2fde091", "best_bid": "0.06", "best_ask": "1"}], "timestamp": "1769384521633", "event_type": "price_change"}}
{"_local_timestamp": "2026-01-25T23:42:02.083969+00:00", "data": {"market": "0x4eae059aab9605d011c97d7a819a1aea5628dc74496da72864a8db7a8ee83f2f", "price_changes": [{"asset_id": "81121118982140120518685180696544342882998930145563560164621715043753886103304", "price": "0.41", "size": "0", "side": "BUY", "hash": "a3e13bc8eec11f396f75d0fe097841ab7f75fca3", "best_bid": "0.56", "best_ask": "0.72"}, {"asset_id": "94783140210253171550837681408678753998956684719662896803287482195742834650551", "price": "0.59", "size": "0", "side": "SELL", "hash": "ed60d09589785c44465d89b45be2e6e08ecd2bd5", "best_bid": "0.28", "best_ask": "0.44"}], "timestamp": "1769384522001", "event_type": "price_change"}}
{"_local_timestamp": "2026-01-25T23:42:04.311524+00:00", "data": {"market": "0xf91ab5f47a64011b76685c63ce94f2ee1c4bd37fcf16a93cf7ca75bb1ee1414e", "price_changes": [{"asset_id": "55056055972887857572897303334203235098267407576751329565690481394992942425472", "price": "0.05", "size": "0", "side": "BUY", "hash": "5e4cdbc9c61610f47bfd50e0f5a9cebbe61d19b9", "best_bid": "0.06", "best_ask": "1"}, {"asset_id": "56803589684369522591365626058511016615003331693393222931275174648285263432091", "price": "0.95", "size": "0", "side": "SELL", "hash": "5a915e395ee7565807baa40dcfd5913d30c784d1", "best_bid": "0", "best_ask": "0.94"}], "timestamp": "1769384524239", "event_type": "price_change"}}
{"_local_timestamp": "2026-01-25T23:42:04.379485+00:00", "data": {"market": "0xf91ab5f47a64011b76685c63ce94f2ee1c4bd37fcf16a93cf7ca75bb1ee1414e", "price_changes": [{"asset_id": "55056055972887857572897303334203235098267407576751329565690481394992942425472", "price": "0.06", "size": "13.67", "side": "BUY", "hash": "038d303cf0b7a64383ae77477023b9206c33e01a", "best_bid": "0.06", "best_ask": "1"}, {"asset_id": "56803589684369522591365626058511016615003331693393222931275174648285263432091", "price": "0.94", "size": "13.67", "side": "SELL", "hash": "42abee9accb0a495c7628cf76c0b0bebd0239279", "best_bid": "0", "best_ask": "0.94"}], "timestamp": "1769384524310", "event_type": "price_change"}}
{"_local_timestamp": "2026-01-25T23:42:05.163934+00:00", "data": {"market": "0xf91ab5f47a64011b76685c63ce94f2ee1c4bd37fcf16a93cf7ca75bb1ee1414e", "price_changes": [{"asset_id": "56803589684369522591365626058511016615003331693393222931275174648285263432091", "price": "0.94", "size": "5.47", "side": "SELL", "hash": "4b1898a6b19629f761eb8efca7a2ce964cce048a", "best_bid": "0", "best_ask": "0.94"}, {"asset_id": "55056055972887857572897303334203235098267407576751329565690481394992942425472", "price": "0.06", "size": "5.47", "side": "BUY", "hash": "a25f0f876fa69a86528762f2667db8fb03d75c04", "best_bid": "0.06", "best_ask": "1"}], "timestamp": "1769384525040", "event_type": "price_change"}}
{"_local_timestamp": "2026-01-25T23:42:06.039449+00:00", "data": {"market": "0xf91ab5f47a64011b76685c63ce94f2ee1c4bd37fcf16a93cf7ca75bb1ee1414e", "price_changes": [{"asset_id": "56803589684369522591365626058511016615003331693393222931275174648285263432091", "price": "0.93", "size": "8.2", "side": "SELL", "hash": "3d09ea8629a90cbca2bcedf92c872e70f9242cdb", "best_bid": "0", "best_ask": "0.93"}, {"asset_id": "55056055972887857572897303334203235098267407576751329565690481394992942425472", "price": "0.07", "size": "8.2", "side": "BUY", "hash": "546ce9ee894c8f401fde0c540d657cce63d84b11", "best_bid": "0.07", "best_ask": "1"}], "timestamp": "1769384525969", "event_type": "price_change"}}
{"_local_timestamp": "2026-01-25T23:42:07.456193+00:00", "data": {"market": "0xf91ab5f47a64011b76685c63ce94f2ee1c4bd37fcf16a93cf7ca75bb1ee1414e", "price_changes": [{"asset_id": "55056055972887857572897303334203235098267407576751329565690481394992942425472", "price": "0.06", "size": "0", "side": "BUY", "hash": "cefd8df5199c4b70bf6894f6d6552e24ce631a2d", "best_bid": "0.07", "best_ask": "1"}, {"asset_id": "56803589684369522591365626058511016615003331693393222931275174648285263432091", "price": "0.94", "size": "0", "side": "SELL", "hash": "f6e2849583aa106c0cac561df63e3ab79534f3b9", "best_bid": "0", "best_ask": "0.93"}], "timestamp": "1769384527384", "event_type": "price_change"}}
{"_local_timestamp": "2026-01-25T23:42:07.546368+00:00", "data": {"market": "0xf91ab5f47a64011b76685c63ce94f2ee1c4bd37fcf16a93cf7ca75bb1ee1414e", "price_changes": [{"asset_id": "55056055972887857572897303334203235098267407576751329565690481394992942425472", "price": "0.07", "size": "13.67", "side": "BUY", "hash": "0bac882d5cd68c2f3100ba446264aa91ef255e1e", "best_bid": "0.07", "best_ask": "1"}, {"asset_id": "56803589684369522591365626058511016615003331693393222931275174648285263432091", "price": "0.93", "size": "13.67", "side": "SELL", "hash": "c20b48b2a4d4ea2761bd37c63ce66778eaaedea0", "best_bid": "0", "best_ask": "0.93"}], "timestamp": "1769384527471", "event_type": "price_change"}}
{"_local_timestamp": "2026-01-25T23:42:08.246383+00:00", "data": {"market": "0xf91ab5f47a64011b76685c63ce94f2ee1c4bd37fcf16a93cf7ca75bb1ee1414e", "price_changes": [{"asset_id": "56803589684369522591365626058511016615003331693393222931275174648285263432091", "price": "0.93", "size": "5.47", "side": "SELL", "hash": "187d068ca6db5ab1da603a55b34031a9240da534", "best_bid": "0", "best_ask": "0.93"}, {"asset_id": "55056055972887857572897303334203235098267407576751329565690481394992942425472", "price": "0.07", "size": "5.47", "side": "BUY", "hash": "f543455f9a2eb484408270609326f250292b80d6", "best_bid": "0.07", "best_ask": "1"}], "timestamp": "1769384528174", "event_type": "price_change"}}
{"_local_timestamp": "2026-01-25T23:42:08.524623+00:00", "data": {"market": "0x4eae059aab9605d011c97d7a819a1aea5628dc74496da72864a8db7a8ee83f2f", "price_changes": [{"asset_id": "81121118982140120518685180696544342882998930145563560164621715043753886103304", "price": "0.41", "size": "487", "side": "BUY", "hash": "6b882857bac2c84f764cc08570908bd471d38946", "best_bid": "0.56", "best_ask": "0.72"}, {"asset_id": "94783140210253171550837681408678753998956684719662896803287482195742834650551", "price": "0.59", "size": "487", "side": "SELL", "hash": "d8551f4689653a7a0bb18fb569938c326e27e283", "best_bid": "0.28", "best_ask": "0.44"}], "timestamp": "1769384528451", "event_type": "price_change"}}
{"_local_timestamp": "2026-01-25T23:42:08.588284+00:00", "data": {"market": "0xf91ab5f47a64011b76685c63ce94f2ee1c4bd37fcf16a93cf7ca75bb1ee1414e", "price_changes": [{"asset_id": "56803589684369522591365626058511016615003331693393222931275174648285263432091", "price": "0.92", "size": "8.2", "side": "SELL", "hash": "5506df3af9e669b9d0323cd2cda465efe00d1f69", "best_bid": "0", "best_ask": "0.92"}, {"asset_id": "55056055972887857572897303334203235098267407576751329565690481394992942425472", "price": "0.08", "size": "8.2", "side": "BUY", "hash": "d98fd912fa9819b5714b1f3f32cecc2616c08bbf", "best_bid": "0.08", "best_ask": "1"}], "timestamp": "1769384528514", "event_type": "price_change"}}
{"_local_timestamp": "2026-01-25T23:42:10.877042+00:00", "data": {"market": "0xf91ab5f47a64011b76685c63ce94f2ee1c4bd37fcf16a93cf7ca75bb1ee1414e", "price_changes": [{"asset_id": "55056055972887857572897303334203235098267407576751329565690481394992942425472", "price": "0.07", "size": "0", "side": "BUY", "hash": "27107f1d2b70f1de460815ff000b92d36d61fe03", "best_bid": "0.08", "best_ask": "1"}, {"asset_id": "56803589684369522591365626058511016615003331693393222931275174648285263432091", "price": "0.93", "size": "0", "side": "SELL", "hash": "a18d88605522eb1be1cfe0810dc1e17a5e57ef9a", "best_bid": "0", "best_ask": "0.92"}], "timestamp": "1769384530792", "event_type": "price_change"}}
{"_local_timestamp": "2026-01-25T23:42:11.184309+00:00", "data": {"market": "0xf91ab5f47a64011b76685c63ce94f2ee1c4bd37fcf16a93cf7ca75bb1ee1414e", "price_changes": [{"asset_id": "56803589684369522591365626058511016615003331693393222931275174648285263432091", "price": "0.92", "size": "0", "side": "SELL", "hash": "23fa784d3f0692d843ea0bf285b8455a5a0d2677", "best_bid": "0", "best_ask": "0.98"}, {"asset_id": "55056055972887857572897303334203235098267407576751329565690481394992942425472", "price": "0.08", "size": "0", "side": "BUY", "hash": "cab6bbbcdce432a30a61bb31185ef21c711fa850", "best_bid": "0.02", "best_ask": "1"}], "timestamp": "1769384531113", "event_type": "price_change"}}
{"_local_timestamp": "2026-01-25T23:42:11.201635+00:00", "data": {"market": "0xf91ab5f47a64011b76685c63ce94f2ee1c4bd37fcf16a93cf7ca75bb1ee1414e", "price_changes": [{"asset_id": "55056055972887857572897303334203235098267407576751329565690481394992942425472", "price": "0.03", "size": "5.47", "side": "BUY", "hash": "eee00c60bcf42addc6417ea6ba23023e1ed9293f", "best_bid": "0.03", "best_ask": "1"}, {"asset_id": "56803589684369522591365626058511016615003331693393222931275174648285263432091", "price": "0.97", "size": "5.47", "side": "SELL", "hash": "732107a2d14f910054558bd10b0c7ffd0fbb4721", "best_bid": "0", "best_ask": "0.97"}], "timestamp": "1769384531128", "event_type": "price_change"}}
{"_local_timestamp": "2026-01-25T23:42:11.447186+00:00", "data": {"market": "0xf91ab5f47a64011b76685c63ce94f2ee1c4bd37fcf16a93cf7ca75bb1ee1414e", "price_changes": [{"asset_id": "56803589684369522591365626058511016615003331693393222931275174648285263432091", "price": "0.96", "size": "8.2", "side": "SELL", "hash": "c8430392694e48d27513bba6b27f98a29c3aee15", "best_bid": "0", "best_ask": "0.96"}, {"asset_id": "55056055972887857572897303334203235098267407576751329565690481394992942425472", "price": "0.04", "size": "8.2", "side": "BUY", "hash": "d05bcd11e9f12c610a86f91f0b8842f68fa6ae60", "best_bid": "0.04", "best_ask": "1"}], "timestamp": "1769384531380", "event_type": "price_change"}}
{"_local_timestamp": "2026-01-25T23:42:15.080064+00:00", "data": {"market": "0x4eae059aab9605d011c97d7a819a1aea5628dc74496da72864a8db7a8ee83f2f", "price_changes": [{"asset_id": "81121118982140120518685180696544342882998930145563560164621715043753886103304", "price": "0.41", "size": "0", "side": "BUY", "hash": "26eb6f2496cc26a530c63719685186ab4c477355", "best_bid": "0.56", "best_ask": "0.72"}, {"asset_id": "94783140210253171550837681408678753998956684719662896803287482195742834650551", "price": "0.59", "size": "0", "side": "SELL", "hash": "9fa1725e67e320a740b7e80c1ac9dc98a3c2dfb6", "best_bid": "0.28", "best_ask": "0.44"}], "timestamp": "1769384535000", "event_type": "price_change"}}
{"_local_timestamp": "2026-01-25T23:42:17.644497+00:00", "data": {"market": "0xf91ab5f47a64011b76685c63ce94f2ee1c4bd37fcf16a93cf7ca75bb1ee1414e", "price_changes": [{"asset_id": "55056055972887857572897303334203235098267407576751329565690481394992942425472", "price": "0.03", "size": "0", "side": "BUY", "hash": "d87237f3d1d2d7a0d5adfcc5a8e6f939bd564458", "best_bid": "0.04", "best_ask": "1"}, {"asset_id": "56803589684369522591365626058511016615003331693393222931275174648285263432091", "price": "0.97", "size": "0", "side": "SELL", "hash": "e82181f8f6c99ce8024bfd113d7047259d43cc50", "best_bid": "0", "best_ask": "0.96"}], "timestamp": "1769384537572", "event_type": "price_change"}}
{"_local_timestamp": "2026-01-25T23:42:17.674788+00:00", "data": {"market": "0xf91ab5f47a64011b76685c63ce94f2ee1c4bd37fcf16a93cf7ca75bb1ee1414e", "price_changes": [{"asset_id": "55056055972887857572897303334203235098267407576751329565690481394992942425472", "price": "0.05", "size": "5.47", "side": "BUY", "hash": "b32e53fa7fbd3ea1327b569a3d4a3750f8b5ed0b", "best_bid": "0.05", "best_ask": "1"}, {"asset_id": "56803589684369522591365626058511016615003331693393222931275174648285263432091", "price": "0.95", "size": "5.47", "side": "SELL", "hash": "8e0cfddb089aa67e0696abf7985a935fb8546eb7", "best_bid": "0", "best_ask": "0.95"}], "timestamp": "1769384537604", "event_type": "price_change"}}
{"_local_timestamp": "2026-01-25T23:42:18.367824+00:00", "data": {"market": "0xf91ab5f47a64011b76685c63ce94f2ee1c4bd37fcf16a93cf7ca75bb1ee1414e", "price_changes": [{"asset_id": "56803589684369522591365626058511016615003331693393222931275174648285263432091", "price": "0.96", "size": "0", "side": "SELL", "hash": "cc5a856e52fe7c45133bc022d55b18b6617150f2", "best_bid": "0", "best_ask": "0.95"}, {"asset_id": "55056055972887857572897303334203235098267407576751329565690481394992942425472", "price": "0.04", "size": "0", "side": "BUY", "hash": "546a1054e3ba376c231ee3253c78654e4e997264", "best_bid": "0.05", "best_ask": "1"}], "timestamp": "1769384538282", "event_type": "price_change"}}
{"_local_timestamp": "2026-01-25T23:42:18.731750+00:00", "data": {"market": "0xf91ab5f47a64011b76685c63ce94f2ee1c4bd37fcf16a93cf7ca75bb1ee1414e", "price_changes": [{"asset_id": "56803589684369522591365626058511016615003331693393222931275174648285263432091", "price": "0.94", "size": "8.2", "side": "SELL", "hash": "a5c0292ece81ad520a3f6a85ee22308da30f127c", "best_bid": "0", "best_ask": "0.94"}, {"asset_id": "55056055972887857572897303334203235098267407576751329565690481394992942425472", "price": "0.06", "size": "8.2", "side": "BUY", "hash": "2c8ac9457293261c97d529b9b75cf063fefabe13", "best_bid": "0.06", "best_ask": "1"}], "timestamp": "1769384538649", "event_type": "price_change"}}
{"_local_timestamp": "2026-01-25T23:42:21.026841+00:00", "data": {"market": "0xf91ab5f47a64011b76685c63ce94f2ee1c4bd37fcf16a93cf7ca75bb1ee1414e", "price_changes": [{"asset_id": "55056055972887857572897303334203235098267407576751329565690481394992942425472", "price": "0.05", "size": "0", "side": "BUY", "hash": "48b1d2288e621e29a97929454f70b404e84d84a1", "best_bid": "0.06", "best_ask": "1"}, {"asset_id": "56803589684369522591365626058511016615003331693393222931275174648285263432091", "price": "0.95", "size": "0", "side": "SELL", "hash": "bd4494627514d71b5e1b926a1c58dd7e9ee7a1c9", "best_bid": "0", "best_ask": "0.94"}], "timestamp": "1769384540923", "event_type": "price_change"}}
{"_local_timestamp": "2026-01-25T23:42:21.061019+00:00", "data": {"market": "0xf91ab5f47a64011b76685c63ce94f2ee1c4bd37fcf16a93cf7ca75bb1ee1414e", "price_changes": [{"asset_id": "55056055972887857572897303334203235098267407576751329565690481394992942425472", "price": "0.06", "size": "13.67", "side": "BUY", "hash": "2ae013c36e5ddbb5e584b3050f0f6aade5a38ed2", "best_bid": "0.06", "best_ask": "1"}, {"asset_id": "56803589684369522591365626058511016615003331693393222931275174648285263432091", "price": "0.94", "size": "13.67", "side": "SELL", "hash": "f7d5230b89ba07ea1852dd2fecec68a9d5926822", "best_bid": "0", "best_ask": "0.94"}], "timestamp": "1769384540960", "event_type": "price_change"}}
{"_local_timestamp": "2026-01-25T23:42:21.614736+00:00", "data": {"market": "0xf91ab5f47a64011b76685c63ce94f2ee1c4bd37fcf16a93cf7ca75bb1ee1414e", "price_changes": [{"asset_id": "56803589684369522591365626058511016615003331693393222931275174648285263432091", "price": "0.94", "size": "5.47", "side": "SELL", "hash": "02da0201ec102af96bdaf1824adc58b1b8ca09d3", "best_bid": "0", "best_ask": "0.94"}, {"asset_id": "55056055972887857572897303334203235098267407576751329565690481394992942425472", "price": "0.06", "size": "5.47", "side": "BUY", "hash": "2cdeaf6b17d915435cef005c7076e788f19c03fd", "best_bid": "0.06", "best_ask": "1"}], "timestamp": "1769384541517", "event_type": "price_change"}}
{"_local_timestamp": "2026-01-25T23:42:21.747986+00:00", "data": {"market": "0x4eae059aab9605d011c97d7a819a1aea5628dc74496da72864a8db7a8ee83f2f", "price_changes": [{"asset_id": "81121118982140120518685180696544342882998930145563560164621715043753886103304", "price": "0.41", "size": "487", "side": "BUY", "hash": "8de50500d6e54a2a4179a2cfd435e1c114ea277e", "best_bid": "0.56", "best_ask": "0.72"}, {"asset_id": "94783140210253171550837681408678753998956684719662896803287482195742834650551", "price": "0.59", "size": "487", "side": "SELL", "hash": "965a44d235354a3eec0f12384bd4cf8646fb4b8e", "best_bid": "0.28", "best_ask": "0.44"}], "timestamp": "1769384541639", "event_type": "price_change"}}
{"_local_timestamp": "2026-01-25T23:42:21.911591+00:00", "data": {"market": "0xf91ab5f47a64011b76685c63ce94f2ee1c4bd37fcf16a93cf7ca75bb1ee1414e", "price_changes": [{"asset_id": "56803589684369522591365626058511016615003331693393222931275174648285263432091", "price": "0.93", "size": "8.2", "side": "SELL", "hash": "d81517ba4c2d8cf59f326504da1950b59fa22f2e", "best_bid": "0", "best_ask": "0.93"}, {"asset_id": "55056055972887857572897303334203235098267407576751329565690481394992942425472", "price": "0.07", "size": "8.2", "side": "BUY", "hash": "b4bd2bede4202cb345edc6c60ecb18c7b7d8b097", "best_bid": "0.07", "best_ask": "1"}], "timestamp": "1769384541809", "event_type": "price_change"}}
{"_local_timestamp": "2026-01-25T23:42:24.443174+00:00", "data": {"market": "0xf91ab5f47a64011b76685c63ce94f2ee1c4bd37fcf16a93cf7ca75bb1ee1414e", "price_changes": [{"asset_id": "55056055972887857572897303334203235098267407576751329565690481394992942425472", "price": "0.06", "size": "0", "side": "BUY", "hash": "c7f125dcec4a2df28f4497473d472ab79eae4523", "best_bid": "0.07", "best_ask": "1"}, {"asset_id": "56803589684369522591365626058511016615003331693393222931275174648285263432091", "price": "0.94", "size": "0", "side": "SELL", "hash": "12a5f824d3148ac1a3737ff3e4d7fb65851df521", "best_bid": "0", "best_ask": "0.93"}], "timestamp": "1769384544344", "event_type": "price_change"}}
{"_local_timestamp": "2026-01-25T23:42:24.491955+00:00", "data": {"market": "0xf91ab5f47a64011b76685c63ce94f2ee1c4bd37fcf16a93cf7ca75bb1ee1414e", "price_changes": [{"asset_id": "55056055972887857572897303334203235098267407576751329565690481394992942425472", "price": "0.07", "size": "13.67", "side": "BUY", "hash": "a26eb1248119325f382ed88b0d18f357a11d1d6e", "best_bid": "0.07", "best_ask": "1"}, {"asset_id": "56803589684369522591365626058511016615003331693393222931275174648285263432091", "price": "0.93", "size": "13.67", "side": "SELL", "hash": "cfcf6f6eefbf316ac46d42c52543eaec5e0db036", "best_bid": "0", "best_ask": "0.93"}], "timestamp": "1769384544393", "event_type": "price_change"}}
{"_local_timestamp": "2026-01-25T23:42:25.076020+00:00", "data": {"market": "0xf91ab5f47a64011b76685c63ce94f2ee1c4bd37fcf16a93cf7ca75bb1ee1414e", "price_changes": [{"asset_id": "56803589684369522591365626058511016615003331693393222931275174648285263432091", "price": "0.93", "size": "5.47", "side": "SELL", "hash": "43f0b3f7fc5eb41d624a43f78b2bae62c2a650d2", "best_bid": "0", "best_ask": "0.93"}, {"asset_id": "55056055972887857572897303334203235098267407576751329565690481394992942425472", "price": "0.07", "size": "5.47", "side": "BUY", "hash": "ac6b1397cf5aaca6565947524ead3325833aa854", "best_bid": "0.07", "best_ask": "1"}], "timestamp": "1769384544943", "event_type": "price_change"}}
{"_local_timestamp": "2026-01-25T23:42:25.352315+00:00", "data": {"market": "0xf91ab5f47a64011b76685c63ce94f2ee1c4bd37fcf16a93cf7ca75bb1ee1414e", "price_changes": [{"asset_id": "56803589684369522591365626058511016615003331693393222931275174648285263432091", "price": "0.92", "size": "8.2", "side": "SELL", "hash": "06ff6060f05368916d00b35dd799315982604b81", "best_bid": "0", "best_ask": "0.92"}, {"asset_id": "55056055972887857572897303334203235098267407576751329565690481394992942425472", "price": "0.08", "size": "8.2", "side": "BUY", "hash": "02f5623ad3bd0a9056032564cb7577c1873af3f6", "best_bid": "0.08", "best_ask": "1"}], "timestamp": "1769384545201", "event_type": "price_change"}}
{"_local_timestamp": "2026-01-25T23:42:27.619058+00:00", "data": {"market": "0xf91ab5f47a64011b76685c63ce94f2ee1c4bd37fcf16a93cf7ca75bb1ee1414e", "price_changes": [{"asset_id": "55056055972887857572897303334203235098267407576751329565690481394992942425472", "price": "0.07", "size": "0", "side": "BUY", "hash": "622ea550fbeabd1b9d0420eff741de2704f80856", "best_bid": "0.08", "best_ask": "1"}, {"asset_id": "56803589684369522591365626058511016615003331693393222931275174648285263432091", "price": "0.93", "size": "0", "side": "SELL", "hash": "1e40c7346c32d5a976ccbcbbc3a30c93ef7b0dd8", "best_bid": "0", "best_ask": "0.92"}], "timestamp": "1769384547497", "event_type": "price_change"}}
{"_local_timestamp": "2026-01-25T23:42:27.655598+00:00", "data": {"market": "0xf91ab5f47a64011b76685c63ce94f2ee1c4bd37fcf16a93cf7ca75bb1ee1414e", "price_changes": [{"asset_id": "55056055972887857572897303334203235098267407576751329565690481394992942425472", "price": "0.03", "size": "5.47", "side": "BUY", "hash": "5b93c53fa9219387a3ff3fabf1763ca37150df31", "best_bid": "0.08", "best_ask": "1"}, {"asset_id": "56803589684369522591365626058511016615003331693393222931275174648285263432091", "price": "0.97", "size": "5.47", "side": "SELL", "hash": "4f3f5d065650f4a47ea468951af2a69846a12020", "best_bid": "0", "best_ask": "0.92"}], "timestamp": "1769384547539", "event_type": "price_change"}}
{"_local_timestamp": "2026-01-25T23:42:28.071723+00:00", "data": {"market": "0xf91ab5f47a64011b76685c63ce94f2ee1c4bd37fcf16a93cf7ca75bb1ee1414e", "price_changes": [{"asset_id": "56803589684369522591365626058511016615003331693393222931275174648285263432091", "price": "0.92", "size": "0", "side": "SELL", "hash": "c7538f24796d776c1501e95629585d8d7b5b2a13", "best_bid": "0", "best_ask": "0.97"}, {"asset_id": "55056055972887857572897303334203235098267407576751329565690481394992942425472", "price": "0.08", "size": "0", "side": "BUY", "hash": "800ff894f55fb90cc2ba1e7cb40c1f3a532e8032", "best_bid": "0.03", "best_ask": "1"}], "timestamp": "1769384547962", "event_type": "price_change"}}
{"_local_timestamp": "2026-01-25T23:42:28.107816+00:00", "data": {"market": "0x4eae059aab9605d011c97d7a819a1aea5628dc74496da72864a8db7a8ee83f2f", "price_changes": [{"asset_id": "81121118982140120518685180696544342882998930145563560164621715043753886103304", "price": "0.41", "size": "0", "side": "BUY", "hash": "320759651ae31c7a6598174203e34948b74fe9af", "best_bid": "0.56", "best_ask": "0.72"}, {"asset_id": "94783140210253171550837681408678753998956684719662896803287482195742834650551", "price": "0.59", "size": "0", "side": "SELL", "hash": "5cf2944f947450f6b876f3948776fa01d3e631a8", "best_bid": "0.28", "best_ask": "0.44"}], "timestamp": "1769384548000", "event_type": "price_change"}}
{"_local_timestamp": "2026-01-25T23:42:28.391454+00:00", "data": {"market": "0xf91ab5f47a64011b76685c63ce94f2ee1c4bd37fcf16a93cf7ca75bb1ee1414e", "price_changes": [{"asset_id": "56803589684369522591365626058511016615003331693393222931275174648285263432091", "price": "0.96", "size": "8.2", "side": "SELL", "hash": "b04684ea9e56e432a87b65efd5d4eb308eddd177", "best_bid": "0", "best_ask": "0.96"}, {"asset_id": "55056055972887857572897303334203235098267407576751329565690481394992942425472", "price": "0.04", "size": "8.2", "side": "BUY", "hash": "289daea248ab13464f5f82cdd120192ae05037ac", "best_bid": "0.04", "best_ask": "1"}], "timestamp": "1769384548295", "event_type": "price_change"}}
{"_local_timestamp": "2026-01-25T23:42:31.016358+00:00", "data": {"market": "0xf91ab5f47a64011b76685c63ce94f2ee1c4bd37fcf16a93cf7ca75bb1ee1414e", "price_changes": [{"asset_id": "55056055972887857572897303334203235098267407576751329565690481394992942425472", "price": "0.03", "size": "0", "side": "BUY", "hash": "5f4148d702f12bfd14dee350dcf6ed9ac9c369e6", "best_bid": "0.04", "best_ask": "1"}, {"asset_id": "56803589684369522591365626058511016615003331693393222931275174648285263432091", "price": "0.97", "size": "0", "side": "SELL", "hash": "0c8d7aa505b94b8485f439a68da9655a130b7c25", "best_bid": "0", "best_ask": "0.96"}], "timestamp": "1769384550906", "event_type": "price_change"}}
{"_local_timestamp": "2026-01-25T23:42:31.046736+00:00", "data": {"market": "0xf91ab5f47a64011b76685c63ce94f2ee1c4bd37fcf16a93cf7ca75bb1ee1414e", "price_changes": [{"asset_id": "55056055972887857572897303334203235098267407576751329565690481394992942425472", "price": "0.05", "size": "5.47", "side": "BUY", "hash": "ad6f19a68bc0543092afb1d435f64ba77575e939", "best_bid": "0.05", "best_ask": "1"}, {"asset_id": "56803589684369522591365626058511016615003331693393222931275174648285263432091", "price": "0.95", "size": "5.47", "side": "SELL", "hash": "155aa5dfdff21a4d5dcd8cd01110432ee7e4ded9", "best_bid": "0", "best_ask": "0.95"}], "timestamp": "1769384550940", "event_type": "price_change"}}
{"_local_timestamp": "2026-01-25T23:42:31.253173+00:00", "data": {"market": "0xf91ab5f47a64011b76685c63ce94f2ee1c4bd37fcf16a93cf7ca75bb1ee1414e", "price_changes": [{"asset_id": "56803589684369522591365626058511016615003331693393222931275174648285263432091", "price": "0.96", "size": "0", "side": "SELL", "hash": "27949247a895a40fbccf7645243f914cc05f6c2c", "best_bid": "0", "best_ask": "0.95"}, {"asset_id": "55056055972887857572897303334203235098267407576751329565690481394992942425472", "price": "0.04", "size": "0", "side": "BUY", "hash": "c4ee961f546d8661ad187f2549303572aa50b5dd", "best_bid": "0.05", "best_ask": "1"}], "timestamp": "1769384551154", "event_type": "price_change"}}
{"_local_timestamp": "2026-01-25T23:42:31.708665+00:00", "data": {"market": "0xf91ab5f47a64011b76685c63ce94f2ee1c4bd37fcf16a93cf7ca75bb1ee1414e", "price_changes": [{"asset_id": "56803589684369522591365626058511016615003331693393222931275174648285263432091", "price": "0.94", "size": "8.2", "side": "SELL", "hash": "1a1c909dd66152dcc3a18c44c00b99767ce5882c", "best_bid": "0", "best_ask": "0.94"}, {"asset_id": "55056055972887857572897303334203235098267407576751329565690481394992942425472", "price": "0.06", "size": "8.2", "side": "BUY", "hash": "ed389d993867b8a2d880c23121c862907e5828e7", "best_bid": "0.06", "best_ask": "1"}], "timestamp": "1769384551603", "event_type": "price_change"}}
{"_local_timestamp": "2026-01-25T23:42:34.402500+00:00", "data": {"market": "0xf91ab5f47a64011b76685c63ce94f2ee1c4bd37fcf16a93cf7ca75bb1ee1414e", "price_changes": [{"asset_id": "55056055972887857572897303334203235098267407576751329565690481394992942425472", "price": "0.05", "size": "0", "side": "BUY", "hash": "1d49b484223c8cd4a022c573a876f0c66887d4eb", "best_bid": "0.06", "best_ask": "1"}, {"asset_id": "56803589684369522591365626058511016615003331693393222931275174648285263432091", "price": "0.95", "size": "0", "side": "SELL", "hash": "353390152bb21d656ac3fc82e268ce1c4037415d", "best_bid": "0", "best_ask": "0.94"}], "timestamp": "1769384554293", "event_type": "price_change"}}
{"_local_timestamp": "2026-01-25T23:42:34.444677+00:00", "data": {"market": "0xf91ab5f47a64011b76685c63ce94f2ee1c4bd37fcf16a93cf7ca75bb1ee1414e", "price_changes": [{"asset_id": "55056055972887857572897303334203235098267407576751329565690481394992942425472", "price": "0.06", "size": "13.67", "side": "BUY", "hash": "504535de8e4c5996543f59e0b830ebd7c4397455", "best_bid": "0.06", "best_ask": "1"}, {"asset_id": "56803589684369522591365626058511016615003331693393222931275174648285263432091", "price": "0.94", "size": "13.67", "side": "SELL", "hash": "a43256517cd6f94f97bba65028c13a901c811e67", "best_bid": "0", "best_ask": "0.94"}], "timestamp": "1769384554335", "event_type": "price_change"}}
{"_local_timestamp": "2026-01-25T23:42:34.500715+00:00", "data": {"market": "0x4eae059aab9605d011c97d7a819a1aea5628dc74496da72864a8db7a8ee83f2f", "price_changes": [{"asset_id": "81121118982140120518685180696544342882998930145563560164621715043753886103304", "price": "0.41", "size": "487", "side": "BUY", "hash": "d40b1879b2249eb7c6f5b7cb9cb39ff113271c95", "best_bid": "0.56", "best_ask": "0.72"}, {"asset_id": "94783140210253171550837681408678753998956684719662896803287482195742834650551", "price": "0.59", "size": "487", "side": "SELL", "hash": "f241f6095f97949d27b1ee21090e5b4235dc8cac", "best_bid": "0.28", "best_ask": "0.44"}], "timestamp": "1769384554386", "event_type": "price_change"}}
{"_local_timestamp": "2026-01-25T23:42:34.720678+00:00", "data": {"market": "0xf91ab5f47a64011b76685c63ce94f2ee1c4bd37fcf16a93cf7ca75bb1ee1414e", "price_changes": [{"asset_id": "56803589684369522591365626058511016615003331693393222931275174648285263432091", "price": "0.94", "size": "5.47", "side": "SELL", "hash": "e490439ab3c87f22f952f20d3dbd8063fe8f6a6e", "best_bid": "0", "best_ask": "0.94"}, {"asset_id": "55056055972887857572897303334203235098267407576751329565690481394992942425472", "price": "0.06", "size": "5.47", "side": "BUY", "hash": "61fd29e67d51bebf66ffb78d5fd3dff64e004683", "best_bid": "0.06", "best_ask": "1"}], "timestamp": "1769384554612", "event_type": "price_change"}}
{"_local_timestamp": "2026-01-25T23:42:35.033443+00:00", "data": {"market": "0xf91ab5f47a64011b76685c63ce94f2ee1c4bd37fcf16a93cf7ca75bb1ee1414e", "price_changes": [{"asset_id": "56803589684369522591365626058511016615003331693393222931275174648285263432091", "price": "0.93", "size": "8.2", "side": "SELL", "hash": "1a065a0a9fe1e6d127197380ec96b6a16aa09ac8", "best_bid": "0", "best_ask": "0.93"}, {"asset_id": "55056055972887857572897303334203235098267407576751329565690481394992942425472", "price": "0.07", "size": "8.2", "side": "BUY", "hash": "7d6851a57ebbc2dd92c63e4c52c23805f9935a38", "best_bid": "0.07", "best_ask": "1"}], "timestamp": "1769384554924", "event_type": "price_change"}}
{"_local_timestamp": "2026-01-25T23:42:37.909453+00:00", "data": {"market": "0xf91ab5f47a64011b76685c63ce94f2ee1c4bd37fcf16a93cf7ca75bb1ee1414e", "price_changes": [{"asset_id": "55056055972887857572897303334203235098267407576751329565690481394992942425472", "price": "0.06", "size": "0", "side": "BUY", "hash": "203b4e829c232f9461c01a2690cf2883d9f784e1", "best_bid": "0.07", "best_ask": "1"}, {"asset_id": "56803589684369522591365626058511016615003331693393222931275174648285263432091", "price": "0.94", "size": "0", "side": "SELL", "hash": "3d32fdf8cd8a68f8fccfc64f90bb9cee0116840c", "best_bid": "0", "best_ask": "0.93"}], "timestamp": "1769384557787", "event_type": "price_change"}}
{"_local_timestamp": "2026-01-25T23:42:37.946657+00:00", "data": {"market": "0xf91ab5f47a64011b76685c63ce94f2ee1c4bd37fcf16a93cf7ca75bb1ee1414e", "price_changes": [{"asset_id": "55056055972887857572897303334203235098267407576751329565690481394992942425472", "price": "0.07", "size": "13.67", "side": "BUY", "hash": "f9156d592212b46ca110b03241965907bd2dfd1d", "best_bid": "0.07", "best_ask": "1"}, {"asset_id": "56803589684369522591365626058511016615003331693393222931275174648285263432091", "price": "0.93", "size": "13.67", "side": "SELL", "hash": "92251dde4bb96091d6637b189e56ab9e31e03726", "best_bid": "0", "best_ask": "0.93"}], "timestamp": "1769384557819", "event_type": "price_change"}}
{"_local_timestamp": "2026-01-25T23:42:38.708467+00:00", "data": {"market": "0xf91ab5f47a64011b76685c63ce94f2ee1c4bd37fcf16a93cf7ca75bb1ee1414e", "price_changes": [{"asset_id": "56803589684369522591365626058511016615003331693393222931275174648285263432091", "price": "0.93", "size": "5.47", "side": "SELL", "hash": "2d3e82be8f0a63b3a51a788430542cde50efdfb0", "best_bid": "0", "best_ask": "0.93"}, {"asset_id": "55056055972887857572897303334203235098267407576751329565690481394992942425472", "price": "0.07", "size": "5.47", "side": "BUY", "hash": "f281d2117e6616472aadc5acf9536b28ce559bb2", "best_bid": "0.07", "best_ask": "1"}], "timestamp": "1769384558604", "event_type": "price_change"}}
{"_local_timestamp": "2026-01-25T23:42:38.988475+00:00", "data": {"market": "0xf91ab5f47a64011b76685c63ce94f2ee1c4bd37fcf16a93cf7ca75bb1ee1414e", "price_changes": [{"asset_id": "56803589684369522591365626058511016615003331693393222931275174648285263432091", "price": "0.92", "size": "8.2", "side": "SELL", "hash": "def5adfe166e1356f002e751451de650fada60c0", "best_bid": "0", "best_ask": "0.92"}, {"asset_id": "55056055972887857572897303334203235098267407576751329565690481394992942425472", "price": "0.08", "size": "8.2", "side": "BUY", "hash": "8f1385816344ca56a4a36e7a0939ce04fe13ae1a", "best_bid": "0.08", "best_ask": "1"}], "timestamp": "1769384558889", "event_type": "price_change"}}
{"_local_timestamp": "2026-01-25T23:42:41.133241+00:00", "data": {"market": "0x4eae059aab9605d011c97d7a819a1aea5628dc74496da72864a8db7a8ee83f2f", "price_changes": [{"asset_id": "81121118982140120518685180696544342882998930145563560164621715043753886103304", "price": "0.41", "size": "0", "side": "BUY", "hash": "47336b89d8fd1bac776e44ed37e502bf9e9dc402", "best_bid": "0.56", "best_ask": "0.72"}, {"asset_id": "94783140210253171550837681408678753998956684719662896803287482195742834650551", "price": "0.59", "size": "0", "side": "SELL", "hash": "7c8d97b3144f8c40099406f28f8f62dd4f4c87fa", "best_bid": "0.28", "best_ask": "0.44"}], "timestamp": "1769384561000", "event_type": "price_change"}}
{"_local_timestamp": "2026-01-25T23:42:41.170091+00:00", "data": {"market": "0xf91ab5f47a64011b76685c63ce94f2ee1c4bd37fcf16a93cf7ca75bb1ee1414e", "price_changes": [{"asset_id": "55056055972887857572897303334203235098267407576751329565690481394992942425472", "price": "0.07", "size": "0", "side": "BUY", "hash": "1813f5bea5b659772355ba2c078e039c50a747db", "best_bid": "0.08", "best_ask": "1"}, {"asset_id": "56803589684369522591365626058511016615003331693393222931275174648285263432091", "price": "0.93", "size": "0", "side": "SELL", "hash": "713dad399a458cab68ecbd8a488160b80ec6883b", "best_bid": "0", "best_ask": "0.92"}], "timestamp": "1769384561043", "event_type": "price_change"}}
{"_local_timestamp": "2026-01-25T23:42:41.202533+00:00", "data": {"market": "0xf91ab5f47a64011b76685c63ce94f2ee1c4bd37fcf16a93cf7ca75bb1ee1414e", "price_changes": [{"asset_id": "55056055972887857572897303334203235098267407576751329565690481394992942425472", "price": "0.03", "size": "5.47", "side": "BUY", "hash": "613a2fe01aeac88349e4cdc7f8862f9e74735b8b", "best_bid": "0.08", "best_ask": "1"}, {"asset_id": "56803589684369522591365626058511016615003331693393222931275174648285263432091", "price": "0.97", "size": "5.47", "side": "SELL", "hash": "e298fd019878b5a71ee544eca8050e85ec78a468", "best_bid": "0", "best_ask": "0.92"}], "timestamp": "1769384561075", "event_type": "price_change"}}
{"_local_timestamp": "2026-01-25T23:42:41.748824+00:00", "data": {"market": "0xf91ab5f47a64011b76685c63ce94f2ee1c4bd37fcf16a93cf7ca75bb1ee1414e", "price_changes": [{"asset_id": "56803589684369522591365626058511016615003331693393222931275174648285263432091", "price": "0.92", "size": "0", "side": "SELL", "hash": "72f2cdf9b0ff5f4fa1c2ced978add3d3700de908", "best_bid": "0", "best_ask": "0.97"}, {"asset_id": "55056055972887857572897303334203235098267407576751329565690481394992942425472", "price": "0.08", "size": "0", "side": "BUY", "hash": "91eff99e4f4a3900f21caccc8f81926ec9691c2b", "best_bid": "0.03", "best_ask": "1"}], "timestamp": "1769384561625", "event_type": "price_change"}}
{"_local_timestamp": "2026-01-25T23:42:42.067928+00:00", "data": {"market": "0xf91ab5f47a64011b76685c63ce94f2ee1c4bd37fcf16a93cf7ca75bb1ee1414e", "price_changes": [{"asset_id": "56803589684369522591365626058511016615003331693393222931275174648285263432091", "price": "0.96", "size": "8.2", "side": "SELL", "hash": "61232fa38eb2c1bf4d8b96b2d0a57c5b59ea82c6", "best_bid": "0", "best_ask": "0.96"}, {"asset_id": "55056055972887857572897303334203235098267407576751329565690481394992942425472", "price": "0.04", "size": "8.2", "side": "BUY", "hash": "d40a5395b5a127f6536abdd60a1b7d3bf9b9e435", "best_bid": "0.04", "best_ask": "1"}], "timestamp": "1769384561947", "event_type": "price_change"}}
{"_local_timestamp": "2026-01-25T23:42:44.387860+00:00", "data": {"market": "0xf91ab5f47a64011b76685c63ce94f2ee1c4bd37fcf16a93cf7ca75bb1ee1414e", "price_changes": [{"asset_id": "55056055972887857572897303334203235098267407576751329565690481394992942425472", "price": "0.03", "size": "0", "side": "BUY", "hash": "2c637924a14f558b9d97b5e8ae3595bbc80d31d2", "best_bid": "0.04", "best_ask": "1"}, {"asset_id": "56803589684369522591365626058511016615003331693393222931275174648285263432091", "price": "0.97", "size": "0", "side": "SELL", "hash": "5bbd82f59d2546283348c19ed78b0bb8f09ab191", "best_bid": "0", "best_ask": "0.96"}], "timestamp": "1769384564278", "event_type": "price_change"}}
{"_local_timestamp": "2026-01-25T23:42:44.417869+00:00", "data": {"market": "0xf91ab5f47a64011b76685c63ce94f2ee1c4bd37fcf16a93cf7ca75bb1ee1414e", "price_changes": [{"asset_id": "55056055972887857572897303334203235098267407576751329565690481394992942425472", "price": "0.05", "size": "5.47", "side": "BUY", "hash": "5e4f6b06800b516c67839101c0133b890d7781e2", "best_bid": "0.05", "best_ask": "1"}, {"asset_id": "56803589684369522591365626058511016615003331693393222931275174648285263432091", "price": "0.95", "size": "5.47", "side": "SELL", "hash": "02cbc98d0c7a15536beee91b444679412a61c2df", "best_bid": "0", "best_ask": "0.95"}], "timestamp": "1769384564308", "event_type": "price_change"}}
{"_local_timestamp": "2026-01-25T23:42:44.715796+00:00", "data": {"market": "0xf91ab5f47a64011b76685c63ce94f2ee1c4bd37fcf16a93cf7ca75bb1ee1414e", "price_changes": [{"asset_id": "56803589684369522591365626058511016615003331693393222931275174648285263432091", "price": "0.96", "size": "0", "side": "SELL", "hash": "42cb4f174450f767955766e5e3f582178c666867", "best_bid": "0", "best_ask": "0.95"}, {"asset_id": "55056055972887857572897303334203235098267407576751329565690481394992942425472", "price": "0.04", "size": "0", "side": "BUY", "hash": "064dc178761bf588416c50f6b719a34f934b71de", "best_bid": "0.05", "best_ask": "1"}], "timestamp": "1769384564606", "event_type": "price_change"}}
{"_local_timestamp": "2026-01-25T23:42:44.959133+00:00", "data": {"market": "0xf91ab5f47a64011b76685c63ce94f2ee1c4bd37fcf16a93cf7ca75bb1ee1414e", "price_changes": [{"asset_id": "56803589684369522591365626058511016615003331693393222931275174648285263432091", "price": "0.94", "size": "8.2", "side": "SELL", "hash": "614e0c920c2ce0f63ac4b967fc9801fd02543fe6", "best_bid": "0", "best_ask": "0.94"}, {"asset_id": "55056055972887857572897303334203235098267407576751329565690481394992942425472", "price": "0.06", "size": "8.2", "side": "BUY", "hash": "cfdb41854654f774bec85ceb13f944a87f172c44", "best_bid": "0.06", "best_ask": "1"}], "timestamp": "1769384564844", "event_type": "price_change"}}
{"_local_timestamp": "2026-01-25T23:42:47.404926+00:00", "data": {"market": "0x4eae059aab9605d011c97d7a819a1aea5628dc74496da72864a8db7a8ee83f2f", "price_changes": [{"asset_id": "81121118982140120518685180696544342882998930145563560164621715043753886103304", "price": "0.41", "size": "487", "side": "BUY", "hash": "e39c0668245d8f1ffb946700b43ef2d4e1f561ff", "best_bid": "0.56", "best_ask": "0.72"}, {"asset_id": "94783140210253171550837681408678753998956684719662896803287482195742834650551", "price": "0.59", "size": "487", "side": "SELL", "hash": "502c26852e2ba9c02f991029f3dddf15f824eb0e", "best_bid": "0.28", "best_ask": "0.44"}], "timestamp": "1769384567244", "event_type": "price_change"}}
{"_local_timestamp": "2026-01-25T23:42:47.601511+00:00", "data": {"market": "0xf91ab5f47a64011b76685c63ce94f2ee1c4bd37fcf16a93cf7ca75bb1ee1414e", "price_changes": [{"asset_id": "55056055972887857572897303334203235098267407576751329565690481394992942425472", "price": "0.05", "size": "0", "side": "BUY", "hash": "f5f8b4a4d638f588d433268eb96f6be67e338447", "best_bid": "0.06", "best_ask": "1"}, {"asset_id": "56803589684369522591365626058511016615003331693393222931275174648285263432091", "price": "0.95", "size": "0", "side": "SELL", "hash": "9514dafde4ded93c1704b1695bf565c979c76c78", "best_bid": "0", "best_ask": "0.94"}], "timestamp": "1769384567480", "event_type": "price_change"}}
{"_local_timestamp": "2026-01-25T23:42:47.629483+00:00", "data": {"market": "0xf91ab5f47a64011b76685c63ce94f2ee1c4bd37fcf16a93cf7ca75bb1ee1414e", "price_changes": [{"asset_id": "55056055972887857572897303334203235098267407576751329565690481394992942425472", "price": "0.06", "size": "13.67", "side": "BUY", "hash": "007e0aece70f01552263e4a8d6ac586fe0f337e8", "best_bid": "0.06", "best_ask": "1"}, {"asset_id": "56803589684369522591365626058511016615003331693393222931275174648285263432091", "price": "0.94", "size": "13.67", "side": "SELL", "hash": "ee5ca3343b657f360dc394ca1e138e64dadc89c6", "best_bid": "0", "best_ask": "0.94"}], "timestamp": "1769384567512", "event_type": "price_change"}}
{"_local_timestamp": "2026-01-25T23:42:47.908942+00:00", "data": {"market": "0xf91ab5f47a64011b76685c63ce94f2ee1c4bd37fcf16a93cf7ca75bb1ee1414e", "price_changes": [{"asset_id": "56803589684369522591365626058511016615003331693393222931275174648285263432091", "price": "0.94", "size": "5.47", "side": "SELL", "hash": "e732b07adedc60600d714acc62da75f3076f8294", "best_bid": "0", "best_ask": "0.94"}, {"asset_id": "55056055972887857572897303334203235098267407576751329565690481394992942425472", "price": "0.06", "size": "5.47", "side": "BUY", "hash": "431f3cd992ceb16b9379556d4444129d7eaaaee2", "best_bid": "0.06", "best_ask": "1"}], "timestamp": "1769384567786", "event_type": "price_change"}}
{"_local_timestamp": "2026-01-25T23:42:48.221479+00:00", "data": {"market": "0xf91ab5f47a64011b76685c63ce94f2ee1c4bd37fcf16a93cf7ca75bb1ee1414e", "price_changes": [{"asset_id": "56803589684369522591365626058511016615003331693393222931275174648285263432091", "price": "0.93", "size": "8.2", "side": "SELL", "hash": "7aa801b2036ffbc0f1fe738d4cd732cc444aa2d8", "best_bid": "0", "best_ask": "0.93"}, {"asset_id": "55056055972887857572897303334203235098267407576751329565690481394992942425472", "price": "0.07", "size": "8.2", "side": "BUY", "hash": "7652a1f94bb33b423ad1763e30392b035e3c1774", "best_bid": "0.07", "best_ask": "1"}], "timestamp": "1769384568100", "event_type": "price_change"}}
{"_local_timestamp": "2026-01-25T23:42:50.899586+00:00", "data": {"market": "0xf91ab5f47a64011b76685c63ce94f2ee1c4bd37fcf16a93cf7ca75bb1ee1414e", "price_changes": [{"asset_id": "55056055972887857572897303334203235098267407576751329565690481394992942425472", "price": "0.06", "size": "0", "side": "BUY", "hash": "15aef225b764aca4b4024226f89acb5fe89717f6", "best_bid": "0.07", "best_ask": "1"}, {"asset_id": "56803589684369522591365626058511016615003331693393222931275174648285263432091", "price": "0.94", "size": "0", "side": "SELL", "hash": "46c274ba6c1cb01a9d20cfad22a430421f8a8972", "best_bid": "0", "best_ask": "0.93"}], "timestamp": "1769384570797", "event_type": "price_change"}}
{"_local_timestamp": "2026-01-25T23:42:50.953860+00:00", "data": {"market": "0xf91ab5f47a64011b76685c63ce94f2ee1c4bd37fcf16a93cf7ca75bb1ee1414e", "price_changes": [{"asset_id": "55056055972887857572897303334203235098267407576751329565690481394992942425472", "price": "0.07", "size": "13.67", "side": "BUY", "hash": "387f876fe40b05055aa77b2d0b4b1cd5948c07e4", "best_bid": "0.07", "best_ask": "1"}, {"asset_id": "56803589684369522591365626058511016615003331693393222931275174648285263432091", "price": "0.93", "size": "13.67", "side": "SELL", "hash": "101c9c82fd832987d9902d02d99b3fb5124734ce", "best_bid": "0", "best_ask": "0.93"}], "timestamp": "1769384570850", "event_type": "price_change"}}
{"_local_timestamp": "2026-01-25T23:42:51.332237+00:00", "data": {"market": "0xf91ab5f47a64011b76685c63ce94f2ee1c4bd37fcf16a93cf7ca75bb1ee1414e", "price_changes": [{"asset_id": "56803589684369522591365626058511016615003331693393222931275174648285263432091", "price": "0.93", "size": "5.47", "side": "SELL", "hash": "04f6a0673b92a506e75bd934c6948f2f11170b5f", "best_bid": "0", "best_ask": "0.93"}, {"asset_id": "55056055972887857572897303334203235098267407576751329565690481394992942425472", "price": "0.07", "size": "5.47", "side": "BUY", "hash": "33a1d1793b8bce9e293fce8ec4e27430eeb8c4fc", "best_bid": "0.07", "best_ask": "1"}], "timestamp": "1769384571231", "event_type": "price_change"}}
{"_local_timestamp": "2026-01-25T23:42:51.659646+00:00", "data": {"market": "0xf91ab5f47a64011b76685c63ce94f2ee1c4bd37fcf16a93cf7ca75bb1ee1414e", "price_changes": [{"asset_id": "56803589684369522591365626058511016615003331693393222931275174648285263432091", "price": "0.92", "size": "8.2", "side": "SELL", "hash": "d381bcf9b229ca6f1d9535b4c3db6f7dd8a7f656", "best_bid": "0", "best_ask": "0.92"}, {"asset_id": "55056055972887857572897303334203235098267407576751329565690481394992942425472", "price": "0.08", "size": "8.2", "side": "BUY", "hash": "69becc2b261e7ad1ca5b39273b80ee7b156ed36e", "best_bid": "0.08", "best_ask": "1"}], "timestamp": "1769384571557", "event_type": "price_change"}}
{"_local_timestamp": "2026-01-25T23:42:54.108116+00:00", "data": {"market": "0x4eae059aab9605d011c97d7a819a1aea5628dc74496da72864a8db7a8ee83f2f", "price_changes": [{"asset_id": "81121118982140120518685180696544342882998930145563560164621715043753886103304", "price": "0.41", "size": "0", "side": "BUY", "hash": "6844c2c936846923ba783410c42028c8b1bf106b", "best_bid": "0.56", "best_ask": "0.72"}, {"asset_id": "94783140210253171550837681408678753998956684719662896803287482195742834650551", "price": "0.59", "size": "0", "side": "SELL", "hash": "8ea509c88acf7bb6c91a781b1e98b8c51b8b8492", "best_bid": "0.28", "best_ask": "0.44"}], "timestamp": "1769384574000", "event_type": "price_change"}}
{"_local_timestamp": "2026-01-25T23:42:54.554224+00:00", "data": {"market": "0xf91ab5f47a64011b76685c63ce94f2ee1c4bd37fcf16a93cf7ca75bb1ee1414e", "price_changes": [{"asset_id": "55056055972887857572897303334203235098267407576751329565690481394992942425472", "price": "0.07", "size": "0", "side": "BUY", "hash": "e328eb95c58503a4b4f5804053c729179d426597", "best_bid": "0.08", "best_ask": "1"}, {"asset_id": "56803589684369522591365626058511016615003331693393222931275174648285263432091", "price": "0.93", "size": "0", "side": "SELL", "hash": "7f018f0cc23a51ce82ce423a0c5b783db8d7f2ce", "best_bid": "0", "best_ask": "0.92"}], "timestamp": "1769384574444", "event_type": "price_change"}}
{"_local_timestamp": "2026-01-25T23:42:54.574495+00:00", "data": {"market": "0xf91ab5f47a64011b76685c63ce94f2ee1c4bd37fcf16a93cf7ca75bb1ee1414e", "price_changes": [{"asset_id": "55056055972887857572897303334203235098267407576751329565690481394992942425472", "price": "0.03", "size": "5.47", "side": "BUY", "hash": "cdb874c2b97223d286bb02e97557e2a7ecbdd2fd", "best_bid": "0.08", "best_ask": "1"}, {"asset_id": "56803589684369522591365626058511016615003331693393222931275174648285263432091", "price": "0.97", "size": "5.47", "side": "SELL", "hash": "71994660b9ece62f3f46a2507a2f223b2c53d250", "best_bid": "0", "best_ask": "0.92"}], "timestamp": "1769384574473", "event_type": "price_change"}}
{"_local_timestamp": "2026-01-25T23:42:55.077584+00:00", "data": {"market": "0xf91ab5f47a64011b76685c63ce94f2ee1c4bd37fcf16a93cf7ca75bb1ee1414e", "price_changes": [{"asset_id": "56803589684369522591365626058511016615003331693393222931275174648285263432091", "price": "0.92", "size": "0", "side": "SELL", "hash": "32dfeace9324c0c1f52f538c12a88448d2761c38", "best_bid": "0", "best_ask": "0.97"}, {"asset_id": "55056055972887857572897303334203235098267407576751329565690481394992942425472", "price": "0.08", "size": "0", "side": "BUY", "hash": "5e938a10602426aec52a22953013945d44ae74c2", "best_bid": "0.03", "best_ask": "1"}], "timestamp": "1769384574980", "event_type": "price_change"}}
{"_local_timestamp": "2026-01-25T23:42:55.339086+00:00", "data": {"market": "0xf91ab5f47a64011b76685c63ce94f2ee1c4bd37fcf16a93cf7ca75bb1ee1414e", "price_changes": [{"asset_id": "56803589684369522591365626058511016615003331693393222931275174648285263432091", "price": "0.96", "size": "8.2", "side": "SELL", "hash": "40c517717b233af7c11d6821eb2b60f7bc0459e5", "best_bid": "0", "best_ask": "0.96"}, {"asset_id": "55056055972887857572897303334203235098267407576751329565690481394992942425472", "price": "0.04", "size": "8.2", "side": "BUY", "hash": "22acecb1c3b6cf07530e32ed7e9fd189f18d8d64", "best_bid": "0.04", "best_ask": "1"}], "timestamp": "1769384575238", "event_type": "price_change"}}
{"_local_timestamp": "2026-01-25T23:42:57.748838+00:00", "data": {"market": "0xf91ab5f47a64011b76685c63ce94f2ee1c4bd37fcf16a93cf7ca75bb1ee1414e", "price_changes": [{"asset_id": "55056055972887857572897303334203235098267407576751329565690481394992942425472", "price": "0.03", "size": "0", "side": "BUY", "hash": "d3a2d1896757e9f420b48ed2d8a1a545990fad84", "best_bid": "0.04", "best_ask": "1"}, {"asset_id": "56803589684369522591365626058511016615003331693393222931275174648285263432091", "price": "0.97", "size": "0", "side": "SELL", "hash": "f486211a7dc905dc6b9a033419c9052243a80b29", "best_bid": "0", "best_ask": "0.96"}], "timestamp": "1769384577658", "event_type": "price_change"}}
{"_local_timestamp": "2026-01-25T23:42:57.784363+00:00", "data": {"market": "0xf91ab5f47a64011b76685c63ce94f2ee1c4bd37fcf16a93cf7ca75bb1ee1414e", "price_changes": [{"asset_id": "55056055972887857572897303334203235098267407576751329565690481394992942425472", "price": "0.05", "size": "5.47", "side": "BUY", "hash": "62367942bd0deebe8ea0e35ae60578bf7dc971ae", "best_bid": "0.05", "best_ask": "1"}, {"asset_id": "56803589684369522591365626058511016615003331693393222931275174648285263432091", "price": "0.95", "size": "5.47", "side": "SELL", "hash": "0f45f1a3d480f9cad998676cfaf8b32d28774619", "best_bid": "0", "best_ask": "0.95"}], "timestamp": "1769384577686", "event_type": "price_change"}}
{"_local_timestamp": "2026-01-25T23:42:58.039141+00:00", "data": {"market": "0xf91ab5f47a64011b76685c63ce94f2ee1c4bd37fcf16a93cf7ca75bb1ee1414e", "price_changes": [{"asset_id": "56803589684369522591365626058511016615003331693393222931275174648285263432091", "price": "0.96", "size": "0", "side": "SELL", "hash": "2aff3c43afa15dfbff92b6e787cf9cc35006c88a", "best_bid": "0", "best_ask": "0.95"}, {"asset_id": "55056055972887857572897303334203235098267407576751329565690481394992942425472", "price": "0.04", "size": "0", "side": "BUY", "hash": "ce07a730babc17137e65cb443cd1218cc0efec0b", "best_bid": "0.05", "best_ask": "1"}], "timestamp": "1769384577935", "event_type": "price_change"}}
{"_local_timestamp": "2026-01-25T23:42:58.394655+00:00", "data": {"market": "0xf91ab5f47a64011b76685c63ce94f2ee1c4bd37fcf16a93cf7ca75bb1ee1414e", "price_changes": [{"asset_id": "56803589684369522591365626058511016615003331693393222931275174648285263432091", "price": "0.94", "size": "8.2", "side": "SELL", "hash": "cf900131387c814c221f4e214c93904a6c305e37", "best_bid": "0", "best_ask": "0.94"}, {"asset_id": "55056055972887857572897303334203235098267407576751329565690481394992942425472", "price": "0.06", "size": "8.2", "side": "BUY", "hash": "e703c3e0e84ca6b549b3f8a41410647a1aba2c5d", "best_bid": "0.06", "best_ask": "1"}], "timestamp": "1769384578283", "event_type": "price_change"}}
{"_local_timestamp": "2026-01-25T23:42:59.796488+00:00", "data": {"market": "0x4eae059aab9605d011c97d7a819a1aea5628dc74496da72864a8db7a8ee83f2f", "price_changes": [{"asset_id": "81121118982140120518685180696544342882998930145563560164621715043753886103304", "price": "0.41", "size": "487", "side": "BUY", "hash": "de089a6255823f273b02da9559c1916ec93f1c82", "best_bid": "0.56", "best_ask": "0.72"}, {"asset_id": "94783140210253171550837681408678753998956684719662896803287482195742834650551", "price": "0.59", "size": "487", "side": "SELL", "hash": "11a709505ece462bd1a46fef4e233eb63ae764c7", "best_bid": "0.28", "best_ask": "0.44"}], "timestamp": "1769384579687", "event_type": "price_change"}}
{"_local_timestamp": "2026-01-25T23:43:00.943253+00:00", "data": {"market": "0xf91ab5f47a64011b76685c63ce94f2ee1c4bd37fcf16a93cf7ca75bb1ee1414e", "price_changes": [{"asset_id": "55056055972887857572897303334203235098267407576751329565690481394992942425472", "price": "0.05", "size": "0", "side": "BUY", "hash": "2503f73ffe80312b03302da516d7a4b3a4f79cba", "best_bid": "0.06", "best_ask": "1"}, {"asset_id": "56803589684369522591365626058511016615003331693393222931275174648285263432091", "price": "0.95", "size": "0", "side": "SELL", "hash": "db7f46932bd131bb18bc027da84b9fd29c84f916", "best_bid": "0", "best_ask": "0.94"}], "timestamp": "1769384580832", "event_type": "price_change"}}
{"_local_timestamp": "2026-01-25T23:43:01.001339+00:00", "data": {"market": "0xf91ab5f47a64011b76685c63ce94f2ee1c4bd37fcf16a93cf7ca75bb1ee1414e", "price_changes": [{"asset_id": "55056055972887857572897303334203235098267407576751329565690481394992942425472", "price": "0.06", "size": "13.67", "side": "BUY", "hash": "350e6b126c747c86498fb19558aeadfb2f06ca10", "best_bid": "0.06", "best_ask": "1"}, {"asset_id": "56803589684369522591365626058511016615003331693393222931275174648285263432091", "price": "0.94", "size": "13.67", "side": "SELL", "hash": "d67339d3947fbafbcbf9fc513d2cad4687068d00", "best_bid": "0", "best_ask": "0.94"}], "timestamp": "1769384580892", "event_type": "price_change"}}
{"_local_timestamp": "2026-01-25T23:43:01.411289+00:00", "data": {"market": "0xf91ab5f47a64011b76685c63ce94f2ee1c4bd37fcf16a93cf7ca75bb1ee1414e", "price_changes": [{"asset_id": "56803589684369522591365626058511016615003331693393222931275174648285263432091", "price": "0.94", "size": "5.47", "side": "SELL", "hash": "369139a635eb69cad0b6db20b34858d64eb79707", "best_bid": "0", "best_ask": "0.94"}, {"asset_id": "55056055972887857572897303334203235098267407576751329565690481394992942425472", "price": "0.06", "size": "5.47", "side": "BUY", "hash": "da54919cf45fe3cdfba9134e1fc864eed0fad746", "best_bid": "0.06", "best_ask": "1"}], "timestamp": "1769384581308", "event_type": "price_change"}}
{"_local_timestamp": "2026-01-25T23:43:01.609198+00:00", "data": {"market": "0xf91ab5f47a64011b76685c63ce94f2ee1c4bd37fcf16a93cf7ca75bb1ee1414e", "price_changes": [{"asset_id": "56803589684369522591365626058511016615003331693393222931275174648285263432091", "price": "0.93", "size": "8.2", "side": "SELL", "hash": "5078edc3c79708ecb6f26ff6bc02de260ae63ebb", "best_bid": "0", "best_ask": "0.93"}, {"asset_id": "55056055972887857572897303334203235098267407576751329565690481394992942425472", "price": "0.07", "size": "8.2", "side": "BUY", "hash": "cb20fdb0be7b296ee8f3be7b04e2c1277826c6db", "best_bid": "0.07", "best_ask": "1"}], "timestamp": "1769384581508", "event_type": "price_change"}}
{"_local_timestamp": "2026-01-25T23:43:04.370947+00:00", "data": {"market": "0xf91ab5f47a64011b76685c63ce94f2ee1c4bd37fcf16a93cf7ca75bb1ee1414e", "price_changes": [{"asset_id": "55056055972887857572897303334203235098267407576751329565690481394992942425472", "price": "0.06", "size": "0", "side": "BUY", "hash": "ca9d2e8a607b13b37ad4931904fead7c886bbadf", "best_bid": "0.07", "best_ask": "1"}, {"asset_id": "56803589684369522591365626058511016615003331693393222931275174648285263432091", "price": "0.94", "size": "0", "side": "SELL", "hash": "5522d7a963abc94f2de03741d9eb1e0fd2420af1", "best_bid": "0", "best_ask": "0.93"}], "timestamp": "1769384584263", "event_type": "price_change"}}
{"_local_timestamp": "2026-01-25T23:43:04.401253+00:00", "data": {"market": "0xf91ab5f47a64011b76685c63ce94f2ee1c4bd37fcf16a93cf7ca75bb1ee1414e", "price_changes": [{"asset_id": "55056055972887857572897303334203235098267407576751329565690481394992942425472", "price": "0.07", "size": "13.67", "side": "BUY", "hash": "f4f85144b3bbddec83298b7cd3d731872da9a829", "best_bid": "0.07", "best_ask": "1"}, {"asset_id": "56803589684369522591365626058511016615003331693393222931275174648285263432091", "price": "0.93", "size": "13.67", "side": "SELL", "hash": "87b226d3036a2d2ce4913dea42118ca55082fc77", "best_bid": "0", "best_ask": "0.93"}], "timestamp": "1769384584293", "event_type": "price_change"}}
{"_local_timestamp": "2026-01-25T23:43:04.812484+00:00", "data": {"market": "0xf91ab5f47a64011b76685c63ce94f2ee1c4bd37fcf16a93cf7ca75bb1ee1414e", "price_changes": [{"asset_id": "56803589684369522591365626058511016615003331693393222931275174648285263432091", "price": "0.93", "size": "5.47", "side": "SELL", "hash": "273c39cf30a2cef8c1aa18adb70afcb535de8489", "best_bid": "0", "best_ask": "0.93"}, {"asset_id": "55056055972887857572897303334203235098267407576751329565690481394992942425472", "price": "0.07", "size": "5.47", "side": "BUY", "hash": "de75b22b0bf9cbdab37de0e25fc992637af4692a", "best_bid": "0.07", "best_ask": "1"}], "timestamp": "1769384584712", "event_type": "price_change"}}
{"_local_timestamp": "2026-01-25T23:43:05.086557+00:00", "data": {"market": "0xf91ab5f47a64011b76685c63ce94f2ee1c4bd37fcf16a93cf7ca75bb1ee1414e", "price_changes": [{"asset_id": "56803589684369522591365626058511016615003331693393222931275174648285263432091", "price": "0.92", "size": "8.2", "side": "SELL", "hash": "5b62c478020363892754543f05fc6f6e888b5ee2", "best_bid": "0", "best_ask": "0.92"}, {"asset_id": "55056055972887857572897303334203235098267407576751329565690481394992942425472", "price": "0.08", "size": "8.2", "side": "BUY", "hash": "712fffde07f5d4a2ae834f545a1e0182bece8e4c", "best_bid": "0.08", "best_ask": "1"}], "timestamp": "1769384584975", "event_type": "price_change"}}
{"_local_timestamp": "2026-01-25T23:43:06.122127+00:00", "data": {"market": "0x4eae059aab9605d011c97d7a819a1aea5628dc74496da72864a8db7a8ee83f2f", "price_changes": [{"asset_id": "81121118982140120518685180696544342882998930145563560164621715043753886103304", "price": "0.41", "size": "0", "side": "BUY", "hash": "13517a18c1c7e43e9f226ca3c2d530c7edf1d839", "best_bid": "0.56", "best_ask": "0.72"}, {"asset_id": "94783140210253171550837681408678753998956684719662896803287482195742834650551", "price": "0.59", "size": "0", "side": "SELL", "hash": "da6442312ab228c9ad10f9965b8fe8b24aa4359c", "best_bid": "0.28", "best_ask": "0.44"}], "timestamp": "1769384586001", "event_type": "price_change"}}
{"_local_timestamp": "2026-01-25T23:43:07.682740+00:00", "data": {"market": "0xf91ab5f47a64011b76685c63ce94f2ee1c4bd37fcf16a93cf7ca75bb1ee1414e", "price_changes": [{"asset_id": "55056055972887857572897303334203235098267407576751329565690481394992942425472", "price": "0.07", "size": "0", "side": "BUY", "hash": "6328451ea6f581a103ea8aaf7b5ee871c98ee597", "best_bid": "0.08", "best_ask": "1"}, {"asset_id": "56803589684369522591365626058511016615003331693393222931275174648285263432091", "price": "0.93", "size": "0", "side": "SELL", "hash": "d6e5cc7cd41bc382353b445848d4731c1a148841", "best_bid": "0", "best_ask": "0.92"}], "timestamp": "1769384587587", "event_type": "price_change"}}
