{"_local_timestamp": "2026-01-25T23:34:19.791829+00:00", "data": [{"market": "0xc33520b8387bc2a129fcaec53006563386084e17ef43cea9824037e05d375609", "asset_id": "2621382290123481396373492494020332967195582455868928518804195047605986757722", "timestamp": "1769383600518", "hash": "722a5766a4f16778bb24e85111eefd46b088f6f8", "bids": [{"price": "0.01", "size": "70.64"}, {"price": "0.02", "size": "19.16"}], "asks": [{"price": "0.99", "size": "70.64"}, {"price": "0.98", "size": "24.63"}], "event_type": "book", "last_trade_price": ""}, {"market": "0xaac4a763d1b76646ed69ff0d6a49b09a701799d9fcc6ddf96275ddc1f0b41e7b", "asset_id": "2861305146776921171242951029031737179185749195848905136077267186430964686700", "timestamp": "1769383601331", "hash": "4bce020f8acb766eb9101a6303ab90cad4a0eaa0", "bids": [{"price": "0.01", "size": "70.64"}, {"price": "0.02", "size": "24.63"}], "asks": [{"price": "0.99", "size": "70.64"}, {"price": "0.98", "size": "19.16"}], "event_type": "book", "last_trade_price": ""}, {"market": "0x9c8293577f4543ef93f7aaeb509c558f57206963738afc0005a3c8b657c35c2c", "asset_id": "67835301387931085120131152357622221875363198868454977123292686295357133755559", "timestamp": "1769383594138", "hash": "756bc056588c0b6651f4a8610090e122e494ff52", "bids": [{"price": "0.01", "size": "70.64"}, {"price": "0.02", "size": "24.63"}], "asks": [{"price": "0.99", "size": "70.64"}, {"price": "0.98", "size": "19.16"}], "event_type": "book", "last_trade_price": ""}, {"market": "0xaac4a763d1b76646ed69ff0d6a49b09a701799d9fcc6ddf96275ddc1f0b41e7b", "asset_id": "36440283020173761096990686108430143240313572746247081572057361599072536650982", "timestamp": "1769383601331", "hash": "c21ae988d1508185989116c6331c90f536499999", "bids": [{"price": "0.01", "size": "70.64"}, {"price": "0.02", "size": "19.16"}], "asks": [{"price": "0.99", "size": "70.64"}, {"price": "0.98", "size": "24.63"}], "event_type": "book", "last_trade_price": ""}, {"market": "0xc3dd4c54259748bd6c2e56e94d934532f175b75a62d1fb123bc72864c35c9730", "asset_id": "27389633440629820237562052149714649048234868895442626956737031241849873740466", "timestamp": "1769383591269", "hash": "84a3fdf1473dbec7f4c215ec72a18a005d74d187", "bids": [{"price": "0.01", "size": "70.64"}, {"price": "0.02", "size": "19.16"}], "asks": [{"price": "0.99", "size": "70.64"}, {"price": "0.98", "size": "24.63"}], "event_type": "book", "last_trade_price": ""}, {"market": "0xc33520b8387bc2a129fcaec53006563386084e17ef43cea9824037e05d375609", "asset_id": "88107263401951392791865049914930056809888874143168323721673810521359076570528", "timestamp": "1769383600518", "hash": "2251afc85d9216dbd2b61947a4daba8e1101d6e9", "bids": [{"price": "0.01", "size": "70.64"}, {"price": "0.02", "size": "24.63"}], "asks": [{"price": "0.99", "size": "70.64"}, {"price": "0.98", "size": "19.16"}], "event_type": "book", "last_trade_price": ""}, {"market": "0xee51dab3cac9f613ef4adde6f4d31c54d0768434f906a8830bcb29a6aa80fd62", "asset_id": "63233769642798353880862491463624056549555468632412539687403277969546363593618", "timestamp": "1769383601331", "hash": "d1987b34670e4727a1ffde359d93059fb6a0d3ca", "bids": [{"price": "0.01", "size": "70.64"}, {"price": "0.02", "size": "19.16"}], "asks": [{"price": "0.99", "size": "70.64"}, {"price": "0.98", "size": "24.63"}], "event_type": "book", "last_trade_price": ""}, {"market": "0x7574b1281bb4b70889c1eddb6c792dfaa230fd6568d4fa08ff48a7b7d0da0ecf", "asset_id": "34958021056734425606207493027963264830364280132203939603257911082582091988838", "timestamp": "1769384058000", "hash": "b38c6ce00a754a785b0fe8deb21b5862bbdf45f5", "bids": [{"price": "0.01", "size": "455.17"}, {"price": "0.02", "size": "18.29"}, {"price": "0.05", "size": "1200"}, {"price": "0.08", "size": "500"}, {"price": "0.1", "size": "10"}, {"price": "0.11", "size": "5.29"}, {"price": "0.14", "size": "200"}, {"price": "0.4", "size": "337.5"}, {"price": "0.5", "size": "250"}, {"price": "0.55", "size": "54.54"}], "asks": [{"price": "0.99", "size": "97.36"}, {"price": "0.98", "size": "31.78"}, {"price": "0.91", "size": "17.8"}], "event_type": "book", "last_trade_price": "0.910"}, {"market": "0xcdb617d835aa90a8c6f989e15b0f7db83cad61881f9b7cc376ebddfc02e3fe6f", "asset_id": "17205059258036519763047896274452667362004729364919245534806651698362948920774", "timestamp": "1769383600518", "hash": "7ce57f61acc8c7957c509ae278795ea36df09f33", "bids": [{"price": "0.01", "size": "70.64"}, {"price": "0.02", "size": "24.63"}], "asks": [{"price": "0.99", "size": "70.64"}, {"price": "0.98", "size": "19.16"}], "event_type": "book", "last_trade_price": ""}, {"market": "0x7574b1281bb4b70889c1eddb6c792dfaa230fd6568d4fa08ff48a7b7d0da0ecf", "asset_id": "21925343071659716343842350944923307771324323480583567738204826742567392450228", "timestamp": "1769384058000", "hash": "e9dc606a9849eb79cf5010280f064372dbe702e4", "bids": [{"price": "0.01", "size": "97.36"}, {"price": "0.02", "size": "31.78"}, {"price": "0.09", "size": "17.8"}], "asks": [{"price": "0.99", "size": "455.17"}, {"price": "0.98", "size": "18.29"}, {"price": "0.95", "size": "1200"}, {"price": "0.92", "size": "500"}, {"price": "0.9", "size": "10"}, {"price": "0.89", "size": "5.29"}, {"price": "0.86", "size": "200"}, {"price": "0.6", "size": "337.5"}, {"price": "0.5", "size": "250"}, {"price": "0.45", "size": "54.54"}], "event_type": "book", "last_trade_price": "0.910"}, {"market": "0x8243ff3762bcd3bb8b1d15e665cdcc35716ff318f96fb4631bb46b9eddf8c86a", "asset_id": "80154436186274737074522997979313743066759452931198098959504359914163403000674", "timestamp": "1769383591268", "hash": "9e623d47449dc9536c01cd2c9f92a182ef8bd938", "bids": [{"price": "0.01", "size": "50"}, {"price": "0.02", "size": "19.16"}], "asks": [{"price": "0.99", "size": "70.64"}, {"price": "0.98", "size": "24.63"}], "event_type": "book", "last_trade_price": ""}, {"market": "0xcdb617d835aa90a8c6f989e15b0f7db83cad61881f9b7cc376ebddfc02e3fe6f", "asset_id": "81824081964236123440688084957864924731834402897456136707584091215379279966782", "timestamp": "1769383600518", "hash": "845c439f15a817fd76958b0216dd2f254c11fc05", "bids": [{"price": "0.01", "size": "70.64"}, {"price": "0.02", "size": "19.16"}], "asks": [{"price": "0.99", "size": "70.64"}, {"price": "0.98", "size": "24.63"}], "event_type": "book", "last_trade_price": ""}, {"market": "0x8243ff3762bcd3bb8b1d15e665cdcc35716ff318f96fb4631bb46b9eddf8c86a", "asset_id": "84909880410540638760851349939756323384280160356000595880681494003468739085587", "timestamp": "1769383591268", "hash": "15349782aa9a9592886be479b5af21550bbc8129", "bids": [{"price": "0.01", "size": "70.64"}, {"price": "0.02", "size": "24.63"}], "asks": [{"price": "0.99", "size": "50"}, {"price": "0.98", "size": "19.16"}], "event_type": "book", "last_trade_price": ""}, {"market": "0xcf30250a0e584bea13f277a2a479833decd67d538fc1e8dc926f9c793b2454b4", "asset_id": "97841068365372931999998603307281424944260043023122833947885732788800138095480", "timestamp": "1769383591454", "hash": "f7d2de8a4d279254c7f7e811e7fffebade819459", "bids": [{"price": "0.01", "size": "70.64"}, {"price": "0.02", "size": "19.16"}], "asks": [{"price": "0.99", "size": "70.64"}, {"price": "0.98", "size": "24.63"}], "event_type": "book", "last_trade_price": ""}, {"market": "0xcf30250a0e584bea13f277a2a479833decd67d538fc1e8dc926f9c793b2454b4", "asset_id": "71798061293991410963260986689732621295551480607717504639668717597775598148302", "timestamp": "1769383591454", "hash": "7b571f2d25c9ad69ae2c2c6cc39cc84e352851c2", "bids": [{"price": "0.01", "size": "70.64"}, {"price": "0.02", "size": "24.63"}], "asks": [{"price": "0.99", "size": "70.64"}, {"price": "0.98", "size": "19.16"}], "event_type": "book", "last_trade_price": ""}, {"market": "0x9c8293577f4543ef93f7aaeb509c558f57206963738afc0005a3c8b657c35c2c", "asset_id": "106370297633240418331069674055597687951292185544334737174986495171756252672268", "timestamp": "1769383594138", "hash": "e1cec9ae19ebce376bfba4e369579a767956a037", "bids": [{"price": "0.01", "size": "70.64"}, {"price": "0.02", "size": "19.16"}], "asks": [{"price": "0.99", "size": "70.64"}, {"price": "0.98", "size": "24.63"}], "event_type": "book", "last_trade_price": ""}, {"market": "0xc3dd4c54259748bd6c2e56e94d934532f175b75a62d1fb123bc72864c35c9730", "asset_id": "86714981083437714666168917725933210365838689433918892747380598364153479467398", "timestamp": "1769383591269", "hash": "94276ce38c30f79c7179db4d93c768791457a3df", "bids": [{"price": "0.01", "size": "70.64"}, {"price": "0.02", "size": "24.63"}], "asks": [{"price": "0.99", "size": "70.64"}, {"price": "0.98", "size": "19.16"}], "event_type": "book", "last_trade_price": ""}, {"market": "0xee51dab3cac9f613ef4adde6f4d31c54d0768434f906a8830bcb29a6aa80fd62", "asset_id": "43525410081347620429019438629612271308506021187417584292466825241377512975930", "timestamp": "1769383601331", "hash": "1efb0bb39dc1a25562014667565c839081958cdf", "bids": [{"price": "0.01", "size": "70.64"}, {"price": "0.02", "size": "24.63"}], "asks": [{"price": "0.99", "size": "70.64"}, {"price": "0.98", "size": "19.16"}], "event_type": "book", "last_trade_price": ""}]}
{"_local_timestamp": "2026-01-25T23:34:24.873381+00:00", "data": {"market": "0x7574b1281bb4b70889c1eddb6c792dfaa230fd6568d4fa08ff48a7b7d0da0ecf", "price_changes": [{"asset_id": "34958021056734425606207493027963264830364280132203939603257911082582091988838", "price": "0.41", "size": "487", "side": "BUY", "hash": "ca057a06ba5bef76ae280e4e385d0b7f8e88152c", "best_bid": "0.55", "best_ask": "0.91"}, {"asset_id": "21925343071659716343842350944923307771324323480583567738204826742567392450228", "price": "0.59", "size": "487", "side": "SELL", "hash": "28916bd9258975c1ed3bfeb4989a6ed2de117e30", "best_bid": "0.09", "best_ask": "0.45"}], "timestamp": "1769384064802", "event_type": "price_change"}}
{"_local_timestamp": "2026-01-25T23:34:31.142625+00:00", "data": {"market": "0x7574b1281bb4b70889c1eddb6c792dfaa230fd6568d4fa08ff48a7b7d0da0ecf", "price_changes": [{"asset_id": "34958021056734425606207493027963264830364280132203939603257911082582091988838", "price": "0.41", "size": "0", "side": "BUY", "hash": "13428d8c825c2672168b67c5771a25496fffcfe3", "best_bid": "0.55", "best_ask": "0.91"}, {"asset_id": "21925343071659716343842350944923307771324323480583567738204826742567392450228", "price": "0.59", "size": "0", "side": "SELL", "hash": "9e90fcb5f15e44a65ec4a554f3c9b0e9a5bcef5d", "best_bid": "0.09", "best_ask": "0.45"}], "timestamp": "1769384071001", "event_type": "price_change"}}
{"_local_timestamp": "2026-01-25T23:34:38.010952+00:00", "data": {"market": "0x7574b1281bb4b70889c1eddb6c792dfaa230fd6568d4fa08ff48a7b7d0da0ecf", "price_changes": [{"asset_id": "34958021056734425606207493027963264830364280132203939603257911082582091988838", "price": "0.41", "size": "487", "side": "BUY", "hash": "d2f3c7231b103e4a4316e33941b4c14efca7e095", "best_bid": "0.55", "best_ask": "0.91"}, {"asset_id": "21925343071659716343842350944923307771324323480583567738204826742567392450228", "price": "0.59", "size": "487", "side": "SELL", "hash": "9cae1748960e11c193b69c8eb1751f2931d4e271", "best_bid": "0.09", "best_ask": "0.45"}], "timestamp": "1769384077926", "event_type": "price_change"}}
{"_local_timestamp": "2026-01-25T23:34:44.095456+00:00", "data": {"market": "0x7574b1281bb4b70889c1eddb6c792dfaa230fd6568d4fa08ff48a7b7d0da0ecf", "price_changes": [{"asset_id": "34958021056734425606207493027963264830364280132203939603257911082582091988838", "price": "0.41", "size": "0", "side": "BUY", "hash": "32a0a43ebdc301c383d893c0c7c906b600eb23b3", "best_bid": "0.55", "best_ask": "0.91"}, {"asset_id": "21925343071659716343842350944923307771324323480583567738204826742567392450228", "price": "0.59", "size": "0", "side": "SELL", "hash": "ed85092befe0a1740a7e5cd09917944fa72095e7", "best_bid": "0.09", "best_ask": "0.45"}], "timestamp": "1769384084004", "event_type": "price_change"}}
{"_local_timestamp": "2026-01-25T23:34:50.816940+00:00", "data": {"market": "0x7574b1281bb4b70889c1eddb6c792dfaa230fd6568d4fa08ff48a7b7d0da0ecf", "price_changes": [{"asset_id": "34958021056734425606207493027963264830364280132203939603257911082582091988838", "price": "0.41", "size": "487", "side": "BUY", "hash": "2a584a174fbbd0eae065cdd5434d296d542fed3b", "best_bid": "0.55", "best_ask": "0.91"}, {"asset_id": "21925343071659716343842350944923307771324323480583567738204826742567392450228", "price": "0.59", "size": "487", "side": "SELL", "hash": "36a72e0fad052222000909cb804c4b21015d4cb6", "best_bid": "0.09", "best_ask": "0.45"}], "timestamp": "1769384090748", "event_type": "price_change"}}
{"_local_timestamp": "2026-01-25T23:34:57.074022+00:00", "data": {"market": "0x7574b1281bb4b70889c1eddb6c792dfaa230fd6568d4fa08ff48a7b7d0da0ecf", "price_changes": [{"asset_id": "34958021056734425606207493027963264830364280132203939603257911082582091988838", "price": "0.41", "size": "0", "side": "BUY", "hash": "187798569694bda1021a22fc517cff9ea4d77e50", "best_bid": "0.55", "best_ask": "0.91"}, {"asset_id": "21925343071659716343842350944923307771324323480583567738204826742567392450228", "price": "0.59", "size": "0", "side": "SELL", "hash": "f25ea30dd83a7f04ebe7e1cea099cb2d793309d9", "best_bid": "0.09", "best_ask": "0.45"}], "timestamp": "1769384097001", "event_type": "price_change"}}
{"_local_timestamp": "2026-01-25T23:35:04.761675+00:00", "data": {"market": "0x7574b1281bb4b70889c1eddb6c792dfaa230fd6568d4fa08ff48a7b7d0da0ecf", "price_changes": [{"asset_id": "34958021056734425606207493027963264830364280132203939603257911082582091988838", "price": "0.41", "size": "487", "side": "BUY", "hash": "5b17e7443fa5228721734f5d4cfdbdf5dd8869fa", "best_bid": "0.55", "best_ask": "0.91"}, {"asset_id": "21925343071659716343842350944923307771324323480583567738204826742567392450228", "price": "0.59", "size": "487", "side": "SELL", "hash": "d04b0733c698359d540a6d11af9e064f0d1e7b79", "best_bid": "0.09", "best_ask": "0.45"}], "timestamp": "1769384104694", "event_type": "price_change"}}
{"_local_timestamp": "2026-01-25T23:35:11.078153+00:00", "data": {"market": "0x7574b1281bb4b70889c1eddb6c792dfaa230fd6568d4fa08ff48a7b7d0da0ecf", "price_changes": [{"asset_id": "34958021056734425606207493027963264830364280132203939603257911082582091988838", "price": "0.41", "size": "0", "side": "BUY", "hash": "d071b45b4cfae9fe340aaca9f65b2f354f66a478", "best_bid": "0.55", "best_ask": "0.91"}, {"asset_id": "21925343071659716343842350944923307771324323480583567738204826742567392450228", "price": "0.59", "size": "0", "side": "SELL", "hash": "577644a7672c9842105844a951170ebbe990e5ff", "best_bid": "0.09", "best_ask": "0.45"}], "timestamp": "1769384111000", "event_type": "price_change"}}
{"_local_timestamp": "2026-01-25T23:35:17.983447+00:00", "data": {"market": "0x7574b1281bb4b70889c1eddb6c792dfaa230fd6568d4fa08ff48a7b7d0da0ecf", "price_changes": [{"asset_id": "34958021056734425606207493027963264830364280132203939603257911082582091988838", "price": "0.41", "size": "487", "side": "BUY", "hash": "a8f83d42da18c560a23d789fbda3f45fe9ecdf8f", "best_bid": "0.55", "best_ask": "0.91"}, {"asset_id": "21925343071659716343842350944923307771324323480583567738204826742567392450228", "price": "0.59", "size": "487", "side": "SELL", "hash": "fddad872043e9cf2d376498e7cede4951f59c25a", "best_bid": "0.09", "best_ask": "0.45"}], "timestamp": "1769384117913", "event_type": "price_change"}}
{"_local_timestamp": "2026-01-25T23:35:24.131344+00:00", "data": {"market": "0x7574b1281bb4b70889c1eddb6c792dfaa230fd6568d4fa08ff48a7b7d0da0ecf", "price_changes": [{"asset_id": "34958021056734425606207493027963264830364280132203939603257911082582091988838", "price": "0.41", "size": "0", "side": "BUY", "hash": "9aedadd776a105f2ed0de327d6769afa3dc3035e", "best_bid": "0.55", "best_ask": "0.91"}, {"asset_id": "21925343071659716343842350944923307771324323480583567738204826742567392450228", "price": "0.59", "size": "0", "side": "SELL", "hash": "ae42de73fc9a3b49ebf78d02af2b630768de1654", "best_bid": "0.09", "best_ask": "0.45"}], "timestamp": "1769384124009", "event_type": "price_change"}}
{"_local_timestamp": "2026-01-25T23:35:30.734357+00:00", "data": {"market": "0x7574b1281bb4b70889c1eddb6c792dfaa230fd6568d4fa08ff48a7b7d0da0ecf", "price_changes": [{"asset_id": "34958021056734425606207493027963264830364280132203939603257911082582091988838", "price": "0.41", "size": "487", "side": "BUY", "hash": "398e23dc9527509740b60238b421d11da1acb845", "best_bid": "0.55", "best_ask": "0.91"}, {"asset_id": "21925343071659716343842350944923307771324323480583567738204826742567392450228", "price": "0.59", "size": "487", "side": "SELL", "hash": "da1f106b327995d5295b5262b9279f6db73e2f39", "best_bid": "0.09", "best_ask": "0.45"}], "timestamp": "1769384130657", "event_type": "price_change"}}
{"_local_timestamp": "2026-01-25T23:35:37.083858+00:00", "data": {"market": "0x7574b1281bb4b70889c1eddb6c792dfaa230fd6568d4fa08ff48a7b7d0da0ecf", "price_changes": [{"asset_id": "34958021056734425606207493027963264830364280132203939603257911082582091988838", "price": "0.41", "size": "0", "side": "BUY", "hash": "b127468544abc4d8dc126823d660f1850bbcf102", "best_bid": "0.55", "best_ask": "0.91"}, {"asset_id": "21925343071659716343842350944923307771324323480583567738204826742567392450228", "price": "0.59", "size": "0", "side": "SELL", "hash": "4e17a1ca7c10e11fe46aba963cb95cf225857a70", "best_bid": "0.09", "best_ask": "0.45"}], "timestamp": "1769384137000", "event_type": "price_change"}}
{"_local_timestamp": "2026-01-25T23:35:43.189624+00:00", "data": {"market": "0x8243ff3762bcd3bb8b1d15e665cdcc35716ff318f96fb4631bb46b9eddf8c86a", "price_changes": [{"asset_id": "80154436186274737074522997979313743066759452931198098959504359914163403000674", "price": "0.02", "size": "0", "side": "BUY", "hash": "14f3bfd11ee0614b77b105b2c565b133031ffe88", "best_bid": "0.01", "best_ask": "0.98"}, {"asset_id": "84909880410540638760851349939756323384280160356000595880681494003468739085587", "price": "0.98", "size": "0", "side": "SELL", "hash": "a3538b70f3e5c55c6e939d65b50b6b84cee976c1", "best_bid": "0.02", "best_ask": "0.99"}], "timestamp": "1769384143124", "event_type": "price_change"}}
{"_local_timestamp": "2026-01-25T23:35:43.278888+00:00", "data": {"market": "0x7574b1281bb4b70889c1eddb6c792dfaa230fd6568d4fa08ff48a7b7d0da0ecf", "price_changes": [{"asset_id": "34958021056734425606207493027963264830364280132203939603257911082582091988838", "price": "0.41", "size": "487", "side": "BUY", "hash": "2a6cdb9bfd15b11e2c0ce36441b62c1d6e3fa49a", "best_bid": "0.55", "best_ask": "0.91"}, {"asset_id": "21925343071659716343842350944923307771324323480583567738204826742567392450228", "price": "0.59", "size": "487", "side": "SELL", "hash": "308ce89c69a87faca6419c29e0ba73bb52a0b098", "best_bid": "0.09", "best_ask": "0.45"}], "timestamp": "1769384143210", "event_type": "price_change"}}
{"_local_timestamp": "2026-01-25T23:35:43.721209+00:00", "data": {"market": "0x8243ff3762bcd3bb8b1d15e665cdcc35716ff318f96fb4631bb46b9eddf8c86a", "price_changes": [{"asset_id": "80154436186274737074522997979313743066759452931198098959504359914163403000674", "price": "0.02", "size": "14.68", "side": "BUY", "hash": "e1812296f9b9cf67d9cbd1bf78fd82efe68ce21e", "best_bid": "0.02", "best_ask": "0.98"}, {"asset_id": "84909880410540638760851349939756323384280160356000595880681494003468739085587", "price": "0.98", "size": "14.68", "side": "SELL", "hash": "4c48e59a9911cea374ddb20c9976a952de48d732", "best_bid": "0.02", "best_ask": "0.98"}], "timestamp": "1769384143650", "event_type": "price_change"}}
{"_local_timestamp": "2026-01-25T23:35:43.722697+00:00", "data": {"market": "0x8243ff3762bcd3bb8b1d15e665cdcc35716ff318f96fb4631bb46b9eddf8c86a", "price_changes": [{"asset_id": "80154436186274737074522997979313743066759452931198098959504359914163403000674", "price": "0.01", "size": "79.61", "side": "BUY", "hash": "5b9c5d3ae623ca39f074c9dcfa338f337253d603", "best_bid": "0.02", "best_ask": "0.98"}, {"asset_id": "84909880410540638760851349939756323384280160356000595880681494003468739085587", "price": "0.99", "size": "79.61", "side": "SELL", "hash": "f96c7b210daeb2af5a246d2d9172244d4ef3afea", "best_bid": "0.02", "best_ask": "0.98"}], "timestamp": "1769384143651", "event_type": "price_change"}}
{"_local_timestamp": "2026-01-25T23:35:44.660736+00:00", "data": {"market": "0x8243ff3762bcd3bb8b1d15e665cdcc35716ff318f96fb4631bb46b9eddf8c86a", "price_changes": [{"asset_id": "80154436186274737074522997979313743066759452931198098959504359914163403000674", "price": "0.01", "size": "58.97", "side": "BUY", "hash": "66cc8384bfc83d1d7f57aae3478aab20a6af74ed", "best_bid": "0.02", "best_ask": "0.98"}, {"asset_id": "84909880410540638760851349939756323384280160356000595880681494003468739085587", "price": "0.99", "size": "58.97", "side": "SELL", "hash": "bfe3269fcc6bb743138ef6bde5b546a3715f1854", "best_bid": "0.02", "best_ask": "0.98"}], "timestamp": "1769384144589", "event_type": "price_change"}}
{"_local_timestamp": "2026-01-25T23:35:44.906802+00:00", "data": {"market": "0x8243ff3762bcd3bb8b1d15e665cdcc35716ff318f96fb4631bb46b9eddf8c86a", "price_changes": [{"asset_id": "80154436186274737074522997979313743066759452931198098959504359914163403000674", "price": "0.01", "size": "79.61", "side": "BUY", "hash": "0f59c66d81237f6975e070de603a71db68057ced", "best_bid": "0.02", "best_ask": "0.98"}, {"asset_id": "84909880410540638760851349939756323384280160356000595880681494003468739085587", "price": "0.99", "size": "79.61", "side": "SELL", "hash": "9887e815cb23975cc6104c16119f44d0d7830405", "best_bid": "0.02", "best_ask": "0.98"}], "timestamp": "1769384144833", "event_type": "price_change"}}
{"_local_timestamp": "2026-01-25T23:35:49.133867+00:00", "data": {"market": "0x7574b1281bb4b70889c1eddb6c792dfaa230fd6568d4fa08ff48a7b7d0da0ecf", "price_changes": [{"asset_id": "34958021056734425606207493027963264830364280132203939603257911082582091988838", "price": "0.41", "size": "0", "side": "BUY", "hash": "cc5b6bbbeb44afb1bf9adcd1ba7a1d593d6ce864", "best_bid": "0.55", "best_ask": "0.91"}, {"asset_id": "21925343071659716343842350944923307771324323480583567738204826742567392450228", "price": "0.59", "size": "0", "side": "SELL", "hash": "fc7d2310dc23b2513eba116c24a644b0424071b8", "best_bid": "0.09", "best_ask": "0.45"}], "timestamp": "1769384149004", "event_type": "price_change"}}
{"_local_timestamp": "2026-01-25T23:35:56.576518+00:00", "data": {"market": "0x7574b1281bb4b70889c1eddb6c792dfaa230fd6568d4fa08ff48a7b7d0da0ecf", "price_changes": [{"asset_id": "34958021056734425606207493027963264830364280132203939603257911082582091988838", "price": "0.41", "size": "487", "side": "BUY", "hash": "4def2776b5e16c231f5b8c85bd9db26ed2e26adf", "best_bid": "0.55", "best_ask": "0.91"}, {"asset_id": "21925343071659716343842350944923307771324323480583567738204826742567392450228", "price": "0.59", "size": "487", "side": "SELL", "hash": "77a61ffc4d354f8933a2cf63b3e193fb7abb4ccb", "best_bid": "0.09", "best_ask": "0.45"}], "timestamp": "1769384156468", "event_type": "price_change"}}
{"_local_timestamp": "2026-01-25T23:36:03.119040+00:00", "data": {"market": "0x7574b1281bb4b70889c1eddb6c792dfaa230fd6568d4fa08ff48a7b7d0da0ecf", "price_changes": [{"asset_id": "34958021056734425606207493027963264830364280132203939603257911082582091988838", "price": "0.41", "size": "0", "side": "BUY", "hash": "c6cc655d54c323c57449e5d9086960dbef4b589e", "best_bid": "0.55", "best_ask": "0.91"}, {"asset_id": "21925343071659716343842350944923307771324323480583567738204826742567392450228", "price": "0.59", "size": "0", "side": "SELL", "hash": "937d2bba7e4dd19994d37267378da31e08b0bf4a", "best_bid": "0.09", "best_ask": "0.45"}], "timestamp": "1769384163006", "event_type": "price_change"}}
{"_local_timestamp": "2026-01-25T23:36:03.886935+00:00", "data": {"market": "0x8243ff3762bcd3bb8b1d15e665cdcc35716ff318f96fb4631bb46b9eddf8c86a", "price_changes": [{"asset_id": "80154436186274737074522997979313743066759452931198098959504359914163403000674", "price": "0.01", "size": "58.97", "side": "BUY", "hash": "7caa9fbd94dee905e46dab2492640f071e171bf3", "best_bid": "0.02", "best_ask": "0.98"}, {"asset_id": "84909880410540638760851349939756323384280160356000595880681494003468739085587", "price": "0.99", "size": "58.97", "side": "SELL", "hash": "699d5dd0860eb28857e3bda1e9514c4dfa780ea6", "best_bid": "0.02", "best_ask": "0.98"}], "timestamp": "1769384163819", "event_type": "price_change"}}
{"_local_timestamp": "2026-01-25T23:36:04.218281+00:00", "data": {"market": "0x8243ff3762bcd3bb8b1d15e665cdcc35716ff318f96fb4631bb46b9eddf8c86a", "price_changes": [{"asset_id": "80154436186274737074522997979313743066759452931198098959504359914163403000674", "price": "0.01", "size": "79.61", "side": "BUY", "hash": "2dd3c3309d0cd5b49803e8b37ea442b74251e455", "best_bid": "0.02", "best_ask": "0.98"}, {"asset_id": "84909880410540638760851349939756323384280160356000595880681494003468739085587", "price": "0.99", "size": "79.61", "side": "SELL", "hash": "256c2e5581c0c50e711f7e26a1ef5a42e1124e57", "best_bid": "0.02", "best_ask": "0.98"}], "timestamp": "1769384164135", "event_type": "price_change"}}
{"_local_timestamp": "2026-01-25T23:36:09.526668+00:00", "data": {"market": "0x7574b1281bb4b70889c1eddb6c792dfaa230fd6568d4fa08ff48a7b7d0da0ecf", "price_changes": [{"asset_id": "34958021056734425606207493027963264830364280132203939603257911082582091988838", "price": "0.41", "size": "487", "side": "BUY", "hash": "c1e23d8273e06856068cc8eebed481946fd25ad0", "best_bid": "0.55", "best_ask": "0.91"}, {"asset_id": "21925343071659716343842350944923307771324323480583567738204826742567392450228", "price": "0.59", "size": "487", "side": "SELL", "hash": "67d980fbf80464aca76189f3e818d761826ca57c", "best_bid": "0.09", "best_ask": "0.45"}], "timestamp": "1769384169461", "event_type": "price_change"}}
{"_local_timestamp": "2026-01-25T23:36:16.083732+00:00", "data": {"market": "0x7574b1281bb4b70889c1eddb6c792dfaa230fd6568d4fa08ff48a7b7d0da0ecf", "price_changes": [{"asset_id": "34958021056734425606207493027963264830364280132203939603257911082582091988838", "price": "0.41", "size": "0", "side": "BUY", "hash": "4fa744fd19bb190f5fa83cbeef3989b2b141d4b4", "best_bid": "0.55", "best_ask": "0.91"}, {"asset_id": "21925343071659716343842350944923307771324323480583567738204826742567392450228", "price": "0.59", "size": "0", "side": "SELL", "hash": "7f59199f33a7c12da453e82c25c19ab7bc2efa17", "best_bid": "0.09", "best_ask": "0.45"}], "timestamp": "1769384176000", "event_type": "price_change"}}
{"_local_timestamp": "2026-01-25T23:36:18.013947+00:00", "data": {"market": "0x8243ff3762bcd3bb8b1d15e665cdcc35716ff318f96fb4631bb46b9eddf8c86a", "price_changes": [{"asset_id": "80154436186274737074522997979313743066759452931198098959504359914163403000674", "price": "0.01", "size": "58.97", "side": "BUY", "hash": "65f8b0d98a6bdf42bcb87e05d971ae186781d993", "best_bid": "0.02", "best_ask": "0.98"}, {"asset_id": "84909880410540638760851349939756323384280160356000595880681494003468739085587", "price": "0.99", "size": "58.97", "side": "SELL", "hash": "4e450f27765953817b71dc69a71d5abb4f33f94a", "best_bid": "0.02", "best_ask": "0.98"}], "timestamp": "1769384177942", "event_type": "price_change"}}
{"_local_timestamp": "2026-01-25T23:36:18.455961+00:00", "data": {"market": "0x8243ff3762bcd3bb8b1d15e665cdcc35716ff318f96fb4631bb46b9eddf8c86a", "price_changes": [{"asset_id": "80154436186274737074522997979313743066759452931198098959504359914163403000674", "price": "0.01", "size": "79.61", "side": "BUY", "hash": "f0b14a500759aff1e83c7b8701aad86ec681b7c7", "best_bid": "0.02", "best_ask": "0.98"}, {"asset_id": "84909880410540638760851349939756323384280160356000595880681494003468739085587", "price": "0.99", "size": "79.61", "side": "SELL", "hash": "88487d0d809d0b324f3c05011c70713cc47fb885", "best_bid": "0.02", "best_ask": "0.98"}], "timestamp": "1769384178367", "event_type": "price_change"}}
{"_local_timestamp": "2026-01-25T23:36:23.102733+00:00", "data": {"market": "0x7574b1281bb4b70889c1eddb6c792dfaa230fd6568d4fa08ff48a7b7d0da0ecf", "price_changes": [{"asset_id": "34958021056734425606207493027963264830364280132203939603257911082582091988838", "price": "0.41", "size": "487", "side": "BUY", "hash": "8a414acb6585a45d4586a1ed34b93734b43a7db9", "best_bid": "0.55", "best_ask": "0.91"}, {"asset_id": "21925343071659716343842350944923307771324323480583567738204826742567392450228", "price": "0.59", "size": "487", "side": "SELL", "hash": "ea40e7b5d3451ac47a01edcf3fbcdfa2493d2b5b", "best_bid": "0.09", "best_ask": "0.45"}], "timestamp": "1769384183031", "event_type": "price_change"}}
{"_local_timestamp": "2026-01-25T23:36:29.137991+00:00", "data": {"market": "0x7574b1281bb4b70889c1eddb6c792dfaa230fd6568d4fa08ff48a7b7d0da0ecf", "price_changes": [{"asset_id": "34958021056734425606207493027963264830364280132203939603257911082582091988838", "price": "0.41", "size": "0", "side": "BUY", "hash": "170560af99fc023147729ff2cca49d6fffc9c62a", "best_bid": "0.55", "best_ask": "0.91"}, {"asset_id": "21925343071659716343842350944923307771324323480583567738204826742567392450228", "price": "0.59", "size": "0", "side": "SELL", "hash": "1f830f0f34f57be3f654d9d01d113616b49362bb", "best_bid": "0.09", "best_ask": "0.45"}], "timestamp": "1769384189001", "event_type": "price_change"}}
{"_local_timestamp": "2026-01-25T23:36:32.107666+00:00", "data": {"market": "0x8243ff3762bcd3bb8b1d15e665cdcc35716ff318f96fb4631bb46b9eddf8c86a", "price_changes": [{"asset_id": "80154436186274737074522997979313743066759452931198098959504359914163403000674", "price": "0.01", "size": "58.97", "side": "BUY", "hash": "e86bf46a948e1815cc6da1dda937332752f8973c", "best_bid": "0.02", "best_ask": "0.98"}, {"asset_id": "84909880410540638760851349939756323384280160356000595880681494003468739085587", "price": "0.99", "size": "58.97", "side": "SELL", "hash": "e2d7792f8992359405f920225954098513769f64", "best_bid": "0.02", "best_ask": "0.98"}], "timestamp": "1769384192043", "event_type": "price_change"}}
{"_local_timestamp": "2026-01-25T23:36:32.454138+00:00", "data": {"market": "0x8243ff3762bcd3bb8b1d15e665cdcc35716ff318f96fb4631bb46b9eddf8c86a", "price_changes": [{"asset_id": "80154436186274737074522997979313743066759452931198098959504359914163403000674", "price": "0.01", "size": "79.61", "side": "BUY", "hash": "0cf3c7833888fcda7f79a16b6f03ad32e3bb241a", "best_bid": "0.02", "best_ask": "0.98"}, {"asset_id": "84909880410540638760851349939756323384280160356000595880681494003468739085587", "price": "0.99", "size": "79.61", "side": "SELL", "hash": "26a9cf53376bac3509d2c708cc5c9dcb7cbb9159", "best_bid": "0.02", "best_ask": "0.98"}], "timestamp": "1769384192389", "event_type": "price_change"}}
{"_local_timestamp": "2026-01-25T23:36:35.916747+00:00", "data": {"market": "0x7574b1281bb4b70889c1eddb6c792dfaa230fd6568d4fa08ff48a7b7d0da0ecf", "price_changes": [{"asset_id": "34958021056734425606207493027963264830364280132203939603257911082582091988838", "price": "0.41", "size": "487", "side": "BUY", "hash": "c45a7ff0afbafe8016bf8344fdebedba07698034", "best_bid": "0.55", "best_ask": "0.91"}, {"asset_id": "21925343071659716343842350944923307771324323480583567738204826742567392450228", "price": "0.59", "size": "487", "side": "SELL", "hash": "b596213d465bb1e080f468237663e32f4fae7d68", "best_bid": "0.09", "best_ask": "0.45"}], "timestamp": "1769384195849", "event_type": "price_change"}}
{"_local_timestamp": "2026-01-25T23:36:42.121676+00:00", "data": {"market": "0x7574b1281bb4b70889c1eddb6c792dfaa230fd6568d4fa08ff48a7b7d0da0ecf", "price_changes": [{"asset_id": "34958021056734425606207493027963264830364280132203939603257911082582091988838", "price": "0.41", "size": "0", "side": "BUY", "hash": "dec1bf91afb856e78b757cd752f24e9e394b583c", "best_bid": "0.55", "best_ask": "0.91"}, {"asset_id": "21925343071659716343842350944923307771324323480583567738204826742567392450228", "price": "0.59", "size": "0", "side": "SELL", "hash": "c9c9e81331dcde922097e5140fa37c3a310603d6", "best_bid": "0.09", "best_ask": "0.45"}], "timestamp": "1769384202002", "event_type": "price_change"}}
{"_local_timestamp": "2026-01-25T23:36:44.504881+00:00", "data": {"market": "0x8243ff3762bcd3bb8b1d15e665cdcc35716ff318f96fb4631bb46b9eddf8c86a", "price_changes": [{"asset_id": "80154436186274737074522997979313743066759452931198098959504359914163403000674", "price": "0.01", "size": "58.97", "side": "BUY", "hash": "0471399abdc99845c37ca2346de18c0401bd3c52", "best_bid": "0.02", "best_ask": "0.98"}, {"asset_id": "84909880410540638760851349939756323384280160356000595880681494003468739085587", "price": "0.99", "size": "58.97", "side": "SELL", "hash": "caa6d294848cf3ae2391f625c26a187957ef7f23", "best_bid": "0.02", "best_ask": "0.98"}], "timestamp": "1769384204339", "event_type": "price_change"}}
{"_local_timestamp": "2026-01-25T23:36:44.897080+00:00", "data": {"market": "0x8243ff3762bcd3bb8b1d15e665cdcc35716ff318f96fb4631bb46b9eddf8c86a", "price_changes": [{"asset_id": "80154436186274737074522997979313743066759452931198098959504359914163403000674", "price": "0.01", "size": "79.61", "side": "BUY", "hash": "d9f3181ef1b2d1f3589b8c113de4ca12cb75b7bb", "best_bid": "0.02", "best_ask": "0.98"}, {"asset_id": "84909880410540638760851349939756323384280160356000595880681494003468739085587", "price": "0.99", "size": "79.61", "side": "SELL", "hash": "4579e4efc67d234303f6d1187a91d44a7d81b48d", "best_bid": "0.02", "best_ask": "0.98"}], "timestamp": "1769384204740", "event_type": "price_change"}}
{"_local_timestamp": "2026-01-25T23:36:49.173814+00:00", "data": {"market": "0x7574b1281bb4b70889c1eddb6c792dfaa230fd6568d4fa08ff48a7b7d0da0ecf", "price_changes": [{"asset_id": "34958021056734425606207493027963264830364280132203939603257911082582091988838", "price": "0.41", "size": "487", "side": "BUY", "hash": "11f470a0818c9653ccde02448fad752ec61828df", "best_bid": "0.55", "best_ask": "0.91"}, {"asset_id": "21925343071659716343842350944923307771324323480583567738204826742567392450228", "price": "0.59", "size": "487", "side": "SELL", "hash": "1e480756ad70b5b41760421611d6f75ac4bd1a0d", "best_bid": "0.09", "best_ask": "0.45"}], "timestamp": "1769384209044", "event_type": "price_change"}}
{"_local_timestamp": "2026-01-25T23:36:55.213305+00:00", "data": {"market": "0x7574b1281bb4b70889c1eddb6c792dfaa230fd6568d4fa08ff48a7b7d0da0ecf", "price_changes": [{"asset_id": "34958021056734425606207493027963264830364280132203939603257911082582091988838", "price": "0.41", "size": "0", "side": "BUY", "hash": "ee01ff2ca96269b03e35a71c6128213756b222b7", "best_bid": "0.55", "best_ask": "0.91"}, {"asset_id": "21925343071659716343842350944923307771324323480583567738204826742567392450228", "price": "0.59", "size": "0", "side": "SELL", "hash": "1766adf056462a2f8862307d503e7119cd05b22e", "best_bid": "0.09", "best_ask": "0.45"}], "timestamp": "1769384215001", "event_type": "price_change"}}
{"_local_timestamp": "2026-01-25T23:36:59.248707+00:00", "data": {"market": "0x8243ff3762bcd3bb8b1d15e665cdcc35716ff318f96fb4631bb46b9eddf8c86a", "price_changes": [{"asset_id": "80154436186274737074522997979313743066759452931198098959504359914163403000674", "price": "0.01", "size": "58.97", "side": "BUY", "hash": "a21238f01fd345d65b243f6a26770dfa0803b363", "best_bid": "0.02", "best_ask": "0.98"}, {"asset_id": "84909880410540638760851349939756323384280160356000595880681494003468739085587", "price": "0.99", "size": "58.97", "side": "SELL", "hash": "1675dc625f323f34c82310ecc4542617d99a1e7a", "best_bid": "0.02", "best_ask": "0.98"}], "timestamp": "1769384219023", "event_type": "price_change"}}
{"_local_timestamp": "2026-01-25T23:36:59.536907+00:00", "data": {"market": "0x8243ff3762bcd3bb8b1d15e665cdcc35716ff318f96fb4631bb46b9eddf8c86a", "price_changes": [{"asset_id": "80154436186274737074522997979313743066759452931198098959504359914163403000674", "price": "0.01", "size": "79.61", "side": "BUY", "hash": "69747db9b566e6ac5e936ef47328013a6c5d3c0c", "best_bid": "0.02", "best_ask": "0.98"}, {"asset_id": "84909880410540638760851349939756323384280160356000595880681494003468739085587", "price": "0.99", "size": "79.61", "side": "SELL", "hash": "9524918f1b69b7008ce719271f35072930f25f2e", "best_bid": "0.02", "best_ask": "0.98"}], "timestamp": "1769384219357", "event_type": "price_change"}}
{"_local_timestamp": "2026-01-25T23:37:02.464453+00:00", "data": {"market": "0x7574b1281bb4b70889c1eddb6c792dfaa230fd6568d4fa08ff48a7b7d0da0ecf", "price_changes": [{"asset_id": "34958021056734425606207493027963264830364280132203939603257911082582091988838", "price": "0.41", "size": "487", "side": "BUY", "hash": "f810b4fdf580d6d651972a73d9a2de44daf157b9", "best_bid": "0.55", "best_ask": "0.91"}, {"asset_id": "21925343071659716343842350944923307771324323480583567738204826742567392450228", "price": "0.59", "size": "487", "side": "SELL", "hash": "8d30d0fb9b01b6804dcc0b6a43cb1cdd6c917420", "best_bid": "0.09", "best_ask": "0.45"}], "timestamp": "1769384222291", "event_type": "price_change"}}
{"_local_timestamp": "2026-01-25T23:37:09.070190+00:00", "data": {"market": "0x7574b1281bb4b70889c1eddb6c792dfaa230fd6568d4fa08ff48a7b7d0da0ecf", "price_changes": [{"asset_id": "34958021056734425606207493027963264830364280132203939603257911082582091988838", "price": "0.41", "size": "0", "side": "BUY", "hash": "9bbfd5e41857494ef819d36ec01e7bc5a53d55b5", "best_bid": "0.55", "best_ask": "0.91"}, {"asset_id": "21925343071659716343842350944923307771324323480583567738204826742567392450228", "price": "0.59", "size": "0", "side": "SELL", "hash": "c84f2a7e339b0683e233dea3d7bfd96628b4ffda", "best_bid": "0.09", "best_ask": "0.45"}], "timestamp": "1769384229001", "event_type": "price_change"}}
{"_local_timestamp": "2026-01-25T23:37:15.245630+00:00", "data": {"market": "0x7574b1281bb4b70889c1eddb6c792dfaa230fd6568d4fa08ff48a7b7d0da0ecf", "price_changes": [{"asset_id": "34958021056734425606207493027963264830364280132203939603257911082582091988838", "price": "0.41", "size": "487", "side": "BUY", "hash": "18d6cddbfa481858b7ad881c9f7cbc3f07268a45", "best_bid": "0.55", "best_ask": "0.91"}, {"asset_id": "21925343071659716343842350944923307771324323480583567738204826742567392450228", "price": "0.59", "size": "487", "side": "SELL", "hash": "18c1ca1e30b0130c7dea1a56df65f50df0f4384b", "best_bid": "0.09", "best_ask": "0.45"}], "timestamp": "1769384235182", "event_type": "price_change"}}
{"_local_timestamp": "2026-01-25T23:37:16.184552+00:00", "data": {"market": "0x8243ff3762bcd3bb8b1d15e665cdcc35716ff318f96fb4631bb46b9eddf8c86a", "price_changes": [{"asset_id": "80154436186274737074522997979313743066759452931198098959504359914163403000674", "price": "0.01", "size": "58.97", "side": "BUY", "hash": "c9ef23945f54b12d6ec53ed9b368520a0d53dca9", "best_bid": "0.02", "best_ask": "0.98"}, {"asset_id": "84909880410540638760851349939756323384280160356000595880681494003468739085587", "price": "0.99", "size": "58.97", "side": "SELL", "hash": "dfc81ed787c713a27adbdbf48dbfc5dbc354ca76", "best_bid": "0.02", "best_ask": "0.98"}], "timestamp": "1769384236120", "event_type": "price_change"}}
{"_local_timestamp": "2026-01-25T23:37:16.547164+00:00", "data": {"market": "0x8243ff3762bcd3bb8b1d15e665cdcc35716ff318f96fb4631bb46b9eddf8c86a", "price_changes": [{"asset_id": "80154436186274737074522997979313743066759452931198098959504359914163403000674", "price": "0.01", "size": "79.61", "side": "BUY", "hash": "c9b52ea715895d27b91817fee089ac1adee98bdb", "best_bid": "0.02", "best_ask": "0.98"}, {"asset_id": "84909880410540638760851349939756323384280160356000595880681494003468739085587", "price": "0.99", "size": "79.61", "side": "SELL", "hash": "e15420b9f67c79dafded9ef7ef206a14687d369d", "best_bid": "0.02", "best_ask": "0.98"}], "timestamp": "1769384236479", "event_type": "price_change"}}
{"_local_timestamp": "2026-01-25T23:37:21.070773+00:00", "data": {"market": "0x7574b1281bb4b70889c1eddb6c792dfaa230fd6568d4fa08ff48a7b7d0da0ecf", "price_changes": [{"asset_id": "34958021056734425606207493027963264830364280132203939603257911082582091988838", "price": "0.41", "size": "0", "side": "BUY", "hash": "e05cc9951fc72d2e2dfa4d6355ddc2a57c268808", "best_bid": "0.55", "best_ask": "0.91"}, {"asset_id": "21925343071659716343842350944923307771324323480583567738204826742567392450228", "price": "0.59", "size": "0", "side": "SELL", "hash": "166245a6f6a39cbdb1eed93cd0f09e0021757cdf", "best_bid": "0.09", "best_ask": "0.45"}], "timestamp": "1769384241000", "event_type": "price_change"}}
{"_local_timestamp": "2026-01-25T23:37:28.124150+00:00", "data": {"market": "0x8243ff3762bcd3bb8b1d15e665cdcc35716ff318f96fb4631bb46b9eddf8c86a", "price_changes": [{"asset_id": "80154436186274737074522997979313743066759452931198098959504359914163403000674", "price": "0.01", "size": "58.97", "side": "BUY", "hash": "2d760a62f7c312d1ac46b975d23070bd6e585238", "best_bid": "0.02", "best_ask": "0.98"}, {"asset_id": "84909880410540638760851349939756323384280160356000595880681494003468739085587", "price": "0.99", "size": "58.97", "side": "SELL", "hash": "038b734f6eaf851093f9f57b34ecc4e43c41b89b", "best_bid": "0.02", "best_ask": "0.98"}], "timestamp": "1769384248055", "event_type": "price_change"}}
{"_local_timestamp": "2026-01-25T23:37:28.208815+00:00", "data": {"market": "0x7574b1281bb4b70889c1eddb6c792dfaa230fd6568d4fa08ff48a7b7d0da0ecf", "price_changes": [{"asset_id": "34958021056734425606207493027963264830364280132203939603257911082582091988838", "price": "0.41", "size": "487", "side": "BUY", "hash": "753657b9efe42cec96d7a23e9e154f501f4ae8a1", "best_bid": "0.55", "best_ask": "0.91"}, {"asset_id": "21925343071659716343842350944923307771324323480583567738204826742567392450228", "price": "0.59", "size": "487", "side": "SELL", "hash": "cb4af54df2b337c48d03871b17a8418c3b6e960a", "best_bid": "0.09", "best_ask": "0.45"}], "timestamp": "1769384248143", "event_type": "price_change"}}
{"_local_timestamp": "2026-01-25T23:37:28.580990+00:00", "data": {"market": "0x8243ff3762bcd3bb8b1d15e665cdcc35716ff318f96fb4631bb46b9eddf8c86a", "price_changes": [{"asset_id": "80154436186274737074522997979313743066759452931198098959504359914163403000674", "price": "0.01", "size": "79.61", "side": "BUY", "hash": "ff67836e4922c4a5a84bbecc775256d429253700", "best_bid": "0.02", "best_ask": "0.98"}, {"asset_id": "84909880410540638760851349939756323384280160356000595880681494003468739085587", "price": "0.99", "size": "79.61", "side": "SELL", "hash": "9b5ce6fa723e2b7c620ce20111d0373a99f8f048", "best_bid": "0.02", "best_ask": "0.98"}], "timestamp": "1769384248511", "event_type": "price_change"}}
{"_local_timestamp": "2026-01-25T23:37:34.088363+00:00", "data": {"market": "0x7574b1281bb4b70889c1eddb6c792dfaa230fd6568d4fa08ff48a7b7d0da0ecf", "price_changes": [{"asset_id": "34958021056734425606207493027963264830364280132203939603257911082582091988838", "price": "0.41", "size": "0", "side": "BUY", "hash": "aefd77a5680af9902b8a517ed422170546beaf17", "best_bid": "0.55", "best_ask": "0.91"}, {"asset_id": "21925343071659716343842350944923307771324323480583567738204826742567392450228", "price": "0.59", "size": "0", "side": "SELL", "hash": "25048bc0efa7890d1f40574878637b4190b72c40", "best_bid": "0.09", "best_ask": "0.45"}], "timestamp": "1769384254004", "event_type": "price_change"}}
{"_local_timestamp": "2026-01-25T23:37:40.960807+00:00", "data": {"market": "0x7574b1281bb4b70889c1eddb6c792dfaa230fd6568d4fa08ff48a7b7d0da0ecf", "price_changes": [{"asset_id": "34958021056734425606207493027963264830364280132203939603257911082582091988838", "price": "0.41", "size": "487", "side": "BUY", "hash": "0bf13b7d964f71dfb83c595c115ff595fd7763aa", "best_bid": "0.55", "best_ask": "0.91"}, {"asset_id": "21925343071659716343842350944923307771324323480583567738204826742567392450228", "price": "0.59", "size": "487", "side": "SELL", "hash": "9f50eafa4f63a4ae73185f1dd83dd6408f624bfd", "best_bid": "0.09", "best_ask": "0.45"}], "timestamp": "1769384260856", "event_type": "price_change"}}
{"_local_timestamp": "2026-01-25T23:37:42.056110+00:00", "data": {"market": "0x8243ff3762bcd3bb8b1d15e665cdcc35716ff318f96fb4631bb46b9eddf8c86a", "price_changes": [{"asset_id": "80154436186274737074522997979313743066759452931198098959504359914163403000674", "price": "0.01", "size": "58.97", "side": "BUY", "hash": "b21781a0e65822c58c65f200524af086947c0820", "best_bid": "0.02", "best_ask": "0.98"}, {"asset_id": "84909880410540638760851349939756323384280160356000595880681494003468739085587", "price": "0.99", "size": "58.97", "side": "SELL", "hash": "fe7b059f86c314feae1210bd9bc4def6c1e7b01d", "best_bid": "0.02", "best_ask": "0.98"}], "timestamp": "1769384261939", "event_type": "price_change"}}
{"_local_timestamp": "2026-01-25T23:37:42.363433+00:00", "data": {"market": "0x8243ff3762bcd3bb8b1d15e665cdcc35716ff318f96fb4631bb46b9eddf8c86a", "price_changes": [{"asset_id": "80154436186274737074522997979313743066759452931198098959504359914163403000674", "price": "0.01", "size": "79.61", "side": "BUY", "hash": "e35695ed007638dd446fe5ae858290bc34b20c0f", "best_bid": "0.02", "best_ask": "0.98"}, {"asset_id": "84909880410540638760851349939756323384280160356000595880681494003468739085587", "price": "0.99", "size": "79.61", "side": "SELL", "hash": "611552364395c95a51d61425e75aab8439ca93b8", "best_bid": "0.02", "best_ask": "0.98"}], "timestamp": "1769384262267", "event_type": "price_change"}}
{"_local_timestamp": "2026-01-25T23:37:47.144317+00:00", "data": {"market": "0x7574b1281bb4b70889c1eddb6c792dfaa230fd6568d4fa08ff48a7b7d0da0ecf", "price_changes": [{"asset_id": "34958021056734425606207493027963264830364280132203939603257911082582091988838", "price": "0.41", "size": "0", "side": "BUY", "hash": "343ec9dfc71bcb768f21990a0dd99726363a625d", "best_bid": "0.55", "best_ask": "0.91"}, {"asset_id": "21925343071659716343842350944923307771324323480583567738204826742567392450228", "price": "0.59", "size": "0", "side": "SELL", "hash": "efdbeef981a446d63f5666818c36c9fccf42b59e", "best_bid": "0.09", "best_ask": "0.45"}], "timestamp": "1769384267000", "event_type": "price_change"}}
{"_local_timestamp": "2026-01-25T23:37:54.314787+00:00", "data": {"market": "0x7574b1281bb4b70889c1eddb6c792dfaa230fd6568d4fa08ff48a7b7d0da0ecf", "price_changes": [{"asset_id": "34958021056734425606207493027963264830364280132203939603257911082582091988838", "price": "0.41", "size": "487", "side": "BUY", "hash": "34d15b5977370bedaba8266ee49509c1eb2ee06b", "best_bid": "0.55", "best_ask": "0.91"}, {"asset_id": "21925343071659716343842350944923307771324323480583567738204826742567392450228", "price": "0.59", "size": "487", "side": "SELL", "hash": "ac15a5cba51c0fe5edf8167d21fbf87cc4b1049a", "best_bid": "0.09", "best_ask": "0.45"}], "timestamp": "1769384274175", "event_type": "price_change"}}
{"_local_timestamp": "2026-01-25T23:37:54.363301+00:00", "data": {"market": "0x8243ff3762bcd3bb8b1d15e665cdcc35716ff318f96fb4631bb46b9eddf8c86a", "price_changes": [{"asset_id": "80154436186274737074522997979313743066759452931198098959504359914163403000674", "price": "0.01", "size": "58.97", "side": "BUY", "hash": "5b472e5f5a33ce52ae6e6d0857889ae4d9a0f406", "best_bid": "0.02", "best_ask": "0.98"}, {"asset_id": "84909880410540638760851349939756323384280160356000595880681494003468739085587", "price": "0.99", "size": "58.97", "side": "SELL", "hash": "23937764c3607abb6e4bb3608377005f92ca6aec", "best_bid": "0.02", "best_ask": "0.98"}], "timestamp": "1769384274217", "event_type": "price_change"}}
{"_local_timestamp": "2026-01-25T23:37:54.639330+00:00", "data": {"market": "0x8243ff3762bcd3bb8b1d15e665cdcc35716ff318f96fb4631bb46b9eddf8c86a", "price_changes": [{"asset_id": "80154436186274737074522997979313743066759452931198098959504359914163403000674", "price": "0.01", "size": "79.61", "side": "BUY", "hash": "cd166d94f97058747bf4080409bca660eb32005b", "best_bid": "0.02", "best_ask": "0.98"}, {"asset_id": "84909880410540638760851349939756323384280160356000595880681494003468739085587", "price": "0.99", "size": "79.61", "side": "SELL", "hash": "e2b19a3591e36a24811500cf1583a07907eb0f16", "best_bid": "0.02", "best_ask": "0.98"}], "timestamp": "1769384274518", "event_type": "price_change"}}
{"_local_timestamp": "2026-01-25T23:38:00.114412+00:00", "data": {"market": "0x7574b1281bb4b70889c1eddb6c792dfaa230fd6568d4fa08ff48a7b7d0da0ecf", "price_changes": [{"asset_id": "34958021056734425606207493027963264830364280132203939603257911082582091988838", "price": "0.41", "size": "0", "side": "BUY", "hash": "364f9f06354d343c3b3c09b603721e411ff8ea1e", "best_bid": "0.55", "best_ask": "0.91"}, {"asset_id": "21925343071659716343842350944923307771324323480583567738204826742567392450228", "price": "0.59", "size": "0", "side": "SELL", "hash": "9605e967c66a4739d628b04b55a78d8ed5446e51", "best_bid": "0.09", "best_ask": "0.45"}], "timestamp": "1769384280003", "event_type": "price_change"}}
{"_local_timestamp": "2026-01-25T23:38:06.867490+00:00", "data": {"market": "0x7574b1281bb4b70889c1eddb6c792dfaa230fd6568d4fa08ff48a7b7d0da0ecf", "price_changes": [{"asset_id": "34958021056734425606207493027963264830364280132203939603257911082582091988838", "price": "0.41", "size": "487", "side": "BUY", "hash": "d719e573ef1c7eaf77f670b0a240463cf89b35c4", "best_bid": "0.55", "best_ask": "0.91"}, {"asset_id": "21925343071659716343842350944923307771324323480583567738204826742567392450228", "price": "0.59", "size": "487", "side": "SELL", "hash": "c34448a943318b3f0bd8e19cbbfa75c5275c2897", "best_bid": "0.09", "best_ask": "0.45"}], "timestamp": "1769384286733", "event_type": "price_change"}}
{"_local_timestamp": "2026-01-25T23:38:07.798505+00:00", "data": {"market": "0x8243ff3762bcd3bb8b1d15e665cdcc35716ff318f96fb4631bb46b9eddf8c86a", "price_changes": [{"asset_id": "80154436186274737074522997979313743066759452931198098959504359914163403000674", "price": "0.01", "size": "58.97", "side": "BUY", "hash": "b4ff74c24caeddfecb1bce5f9f85f2eec2ea481f", "best_bid": "0.02", "best_ask": "0.98"}, {"asset_id": "84909880410540638760851349939756323384280160356000595880681494003468739085587", "price": "0.99", "size": "58.97", "side": "SELL", "hash": "113c8cd5786d05eb4b121107a0daac701570710d", "best_bid": "0.02", "best_ask": "0.98"}], "timestamp": "1769384287684", "event_type": "price_change"}}
{"_local_timestamp": "2026-01-25T23:38:08.139842+00:00", "data": {"market": "0x8243ff3762bcd3bb8b1d15e665cdcc35716ff318f96fb4631bb46b9eddf8c86a", "price_changes": [{"asset_id": "80154436186274737074522997979313743066759452931198098959504359914163403000674", "price": "0.01", "size": "79.61", "side": "BUY", "hash": "7f4d219373019a6c8b251445a27c3282dad3000a", "best_bid": "0.02", "best_ask": "0.98"}, {"asset_id": "84909880410540638760851349939756323384280160356000595880681494003468739085587", "price": "0.99", "size": "79.61", "side": "SELL", "hash": "993b669c842c6062059f41992ac75508398b93e3", "best_bid": "0.02", "best_ask": "0.98"}], "timestamp": "1769384288011", "event_type": "price_change"}}
{"_local_timestamp": "2026-01-25T23:38:13.085300+00:00", "data": {"market": "0x7574b1281bb4b70889c1eddb6c792dfaa230fd6568d4fa08ff48a7b7d0da0ecf", "price_changes": [{"asset_id": "34958021056734425606207493027963264830364280132203939603257911082582091988838", "price": "0.41", "size": "0", "side": "BUY", "hash": "90e53c157482591b4fdb24867de8ec0147bb3e0a", "best_bid": "0.55", "best_ask": "0.91"}, {"asset_id": "21925343071659716343842350944923307771324323480583567738204826742567392450228", "price": "0.59", "size": "0", "side": "SELL", "hash": "27fd998f3cf201fa5196408ee3dc5352045ff332", "best_bid": "0.09", "best_ask": "0.45"}], "timestamp": "1769384293000", "event_type": "price_change"}}
{"_local_timestamp": "2026-01-25T23:38:17.543581+00:00", "data": {"market": "0xcdb617d835aa90a8c6f989e15b0f7db83cad61881f9b7cc376ebddfc02e3fe6f", "price_changes": [{"asset_id": "81824081964236123440688084957864924731834402897456136707584091215379279966782", "price": "0.02", "size": "0", "side": "BUY", "hash": "59d423ecb824acf7df2ae2b8d20d0f11b2eb6a2a", "best_bid": "0", "best_ask": "0.98"}, {"asset_id": "17205059258036519763047896274452667362004729364919245534806651698362948920774", "price": "0.98", "size": "0", "side": "SELL", "hash": "1b0c16a66ee1c5e8d3a2c0ef4ed23e170ed5d824", "best_bid": "0.02", "best_ask": "1"}], "timestamp": "1769384297480", "event_type": "price_change"}}
{"_local_timestamp": "2026-01-25T23:38:17.549235+00:00", "data": {"market": "0xcdb617d835aa90a8c6f989e15b0f7db83cad61881f9b7cc376ebddfc02e3fe6f", "price_changes": [{"asset_id": "81824081964236123440688084957864924731834402897456136707584091215379279966782", "price": "0.01", "size": "0", "side": "BUY", "hash": "59d423ecb824acf7df2ae2b8d20d0f11b2eb6a2a", "best_bid": "0", "best_ask": "0.98"}, {"asset_id": "17205059258036519763047896274452667362004729364919245534806651698362948920774", "price": "0.99", "size": "0", "side": "SELL", "hash": "1b0c16a66ee1c5e8d3a2c0ef4ed23e170ed5d824", "best_bid": "0.02", "best_ask": "1"}], "timestamp": "1769384297480", "event_type": "price_change"}}
{"_local_timestamp": "2026-01-25T23:38:17.549739+00:00", "data": {"market": "0xcdb617d835aa90a8c6f989e15b0f7db83cad61881f9b7cc376ebddfc02e3fe6f", "asset_id": "17205059258036519763047896274452667362004729364919245534806651698362948920774", "bids": [{"price": "0.01", "size": "70.64"}, {"price": "0.02", "size": "24.63"}], "asks": [], "hash": "1b0c16a66ee1c5e8d3a2c0ef4ed23e170ed5d824", "timestamp": "1769384297480", "event_type": "book"}}
{"_local_timestamp": "2026-01-25T23:38:17.550190+00:00", "data": {"market": "0xcdb617d835aa90a8c6f989e15b0f7db83cad61881f9b7cc376ebddfc02e3fe6f", "asset_id": "81824081964236123440688084957864924731834402897456136707584091215379279966782", "bids": [], "asks": [{"price": "0.99", "size": "70.64"}, {"price": "0.98", "size": "24.63"}], "hash": "59d423ecb824acf7df2ae2b8d20d0f11b2eb6a2a", "timestamp": "1769384297480", "event_type": "book"}}
{"_local_timestamp": "2026-01-25T23:38:17.576862+00:00", "data": {"market": "0xcdb617d835aa90a8c6f989e15b0f7db83cad61881f9b7cc376ebddfc02e3fe6f", "asset_id": "17205059258036519763047896274452667362004729364919245534806651698362948920774", "price": "0.99", "size": "89.8", "fee_rate_bps": "0", "side": "BUY", "timestamp": "1769384297508", "event_type": "last_trade_price", "transaction_hash": "0x99bf779b27a09b541963169c6d41c64f32216d52d2552af313ad8401cc9fd928"}}
{"_local_timestamp": "2026-01-25T23:38:19.461843+00:00", "data": {"market": "0x7574b1281bb4b70889c1eddb6c792dfaa230fd6568d4fa08ff48a7b7d0da0ecf", "price_changes": [{"asset_id": "34958021056734425606207493027963264830364280132203939603257911082582091988838", "price": "0.41", "size": "487", "side": "BUY", "hash": "3f0b94a98be6a760347da9f0efe757998da961f3", "best_bid": "0.55", "best_ask": "0.91"}, {"asset_id": "21925343071659716343842350944923307771324323480583567738204826742567392450228", "price": "0.59", "size": "487", "side": "SELL", "hash": "4700bce140fb742876823fb546f4ae0a3f158c13", "best_bid": "0.09", "best_ask": "0.45"}], "timestamp": "1769384299392", "event_type": "price_change"}}
{"_local_timestamp": "2026-01-25T23:38:20.707860+00:00", "data": {"market": "0x8243ff3762bcd3bb8b1d15e665cdcc35716ff318f96fb4631bb46b9eddf8c86a", "price_changes": [{"asset_id": "80154436186274737074522997979313743066759452931198098959504359914163403000674", "price": "0.01", "size": "58.97", "side": "BUY", "hash": "87ac078306412a3d4d6fd93b8ea0089357cbb2fb", "best_bid": "0.02", "best_ask": "0.98"}, {"asset_id": "84909880410540638760851349939756323384280160356000595880681494003468739085587", "price": "0.99", "size": "58.97", "side": "SELL", "hash": "bdc55e2b0468f03b163164aebe936e53337c16f1", "best_bid": "0.02", "best_ask": "0.98"}], "timestamp": "1769384300638", "event_type": "price_change"}}
{"_local_timestamp": "2026-01-25T23:38:21.085057+00:00", "data": {"market": "0x8243ff3762bcd3bb8b1d15e665cdcc35716ff318f96fb4631bb46b9eddf8c86a", "price_changes": [{"asset_id": "80154436186274737074522997979313743066759452931198098959504359914163403000674", "price": "0.01", "size": "79.61", "side": "BUY", "hash": "4b14d994f430073874502e4bf220db4a5f289436", "best_bid": "0.02", "best_ask": "0.98"}, {"asset_id": "84909880410540638760851349939756323384280160356000595880681494003468739085587", "price": "0.99", "size": "79.61", "side": "SELL", "hash": "c849e8dae1e9fdc98d6fbcc5a201f2fc2f9fdbac", "best_bid": "0.02", "best_ask": "0.98"}], "timestamp": "1769384300994", "event_type": "price_change"}}
{"_local_timestamp": "2026-01-25T23:38:22.875670+00:00", "data": {"market": "0xcdb617d835aa90a8c6f989e15b0f7db83cad61881f9b7cc376ebddfc02e3fe6f", "price_changes": [{"asset_id": "81824081964236123440688084957864924731834402897456136707584091215379279966782", "price": "0.97", "size": "8.2", "side": "SELL", "hash": "04eb697bfa07451479dd8534f7732a619a3d3a6d", "best_bid": "0", "best_ask": "0.97"}, {"asset_id": "17205059258036519763047896274452667362004729364919245534806651698362948920774", "price": "0.03", "size": "8.2", "side": "BUY", "hash": "2b89abe56cdd1c87bf5b8e332ca29203d4040f5e", "best_bid": "0.03", "best_ask": "1"}], "timestamp": "1769384302811", "event_type": "price_change"}}
{"_local_timestamp": "2026-01-25T23:38:22.879625+00:00", "data": {"market": "0xcdb617d835aa90a8c6f989e15b0f7db83cad61881f9b7cc376ebddfc02e3fe6f", "price_changes": [{"asset_id": "81824081964236123440688084957864924731834402897456136707584091215379279966782", "price": "0.98", "size": "56.12", "side": "SELL", "hash": "18239be34a8fe60ecaefa44c3d881f0e7863cfa2", "best_bid": "0", "best_ask": "0.97"}, {"asset_id": "17205059258036519763047896274452667362004729364919245534806651698362948920774", "price": "0.02", "size": "56.12", "side": "BUY", "hash": "64f686e9ef1505d95dcfa72ffd848b9a6c33640b", "best_bid": "0.03", "best_ask": "1"}], "timestamp": "1769384302812", "event_type": "price_change"}}
{"_local_timestamp": "2026-01-25T23:38:26.077718+00:00", "data": {"market": "0x7574b1281bb4b70889c1eddb6c792dfaa230fd6568d4fa08ff48a7b7d0da0ecf", "price_changes": [{"asset_id": "34958021056734425606207493027963264830364280132203939603257911082582091988838", "price": "0.41", "size": "0", "side": "BUY", "hash": "098b56fbafb5217080d17a9ca5f4505748d0ad42", "best_bid": "0.55", "best_ask": "0.91"}, {"asset_id": "21925343071659716343842350944923307771324323480583567738204826742567392450228", "price": "0.59", "size": "0", "side": "SELL", "hash": "ba24103a711a3cc5bab2fca61aee14f9899fa064", "best_bid": "0.09", "best_ask": "0.45"}], "timestamp": "1769384306002", "event_type": "price_change"}}
{"_local_timestamp": "2026-01-25T23:38:29.741928+00:00", "data": {"market": "0xcdb617d835aa90a8c6f989e15b0f7db83cad61881f9b7cc376ebddfc02e3fe6f", "price_changes": [{"asset_id": "17205059258036519763047896274452667362004729364919245534806651698362948920774", "price": "0.02", "size": "50.65", "side": "BUY", "hash": "84c142adab3d77b3dca42f34bcec596767c54795", "best_bid": "0.03", "best_ask": "1"}, {"asset_id": "81824081964236123440688084957864924731834402897456136707584091215379279966782", "price": "0.98", "size": "50.65", "side": "SELL", "hash": "6efeb190bf00479266ab0796125dafc9df7e4f6d", "best_bid": "0", "best_ask": "0.97"}], "timestamp": "1769384309666", "event_type": "price_change"}}
{"_local_timestamp": "2026-01-25T23:38:29.777658+00:00", "data": {"market": "0xcdb617d835aa90a8c6f989e15b0f7db83cad61881f9b7cc376ebddfc02e3fe6f", "price_changes": [{"asset_id": "17205059258036519763047896274452667362004729364919245534806651698362948920774", "price": "0.04", "size": "5.47", "side": "BUY", "hash": "af45053ce059858e16a14101b0c05a7168391fd6", "best_bid": "0.04", "best_ask": "1"}, {"asset_id": "81824081964236123440688084957864924731834402897456136707584091215379279966782", "price": "0.96", "size": "5.47", "side": "SELL", "hash": "c17e8db659639099c02181ae5c67b9b402888883", "best_bid": "0", "best_ask": "0.96"}], "timestamp": "1769384309709", "event_type": "price_change"}}
{"_local_timestamp": "2026-01-25T23:38:31.490958+00:00", "data": {"market": "0xcdb617d835aa90a8c6f989e15b0f7db83cad61881f9b7cc376ebddfc02e3fe6f", "price_changes": [{"asset_id": "81824081964236123440688084957864924731834402897456136707584091215379279966782", "price": "0.97", "size": "0", "side": "SELL", "hash": "2e99bd848271e2e38fb16138dfa3acd0f95c4c6e", "best_bid": "0", "best_ask": "0.96"}, {"asset_id": "17205059258036519763047896274452667362004729364919245534806651698362948920774", "price": "0.03", "size": "0", "side": "BUY", "hash": "b448c6fc57e5bd27faa2ec3e01551314a69ad643", "best_bid": "0.04", "best_ask": "1"}], "timestamp": "1769384311398", "event_type": "price_change"}}
{"_local_timestamp": "2026-01-25T23:38:31.838735+00:00", "data": {"market": "0xcdb617d835aa90a8c6f989e15b0f7db83cad61881f9b7cc376ebddfc02e3fe6f", "price_changes": [{"asset_id": "81824081964236123440688084957864924731834402897456136707584091215379279966782", "price": "0.95", "size": "8.3", "side": "SELL", "hash": "8c54b30711346b2a716fc02c3c9a8bf1802a67a5", "best_bid": "0", "best_ask": "0.95"}, {"asset_id": "17205059258036519763047896274452667362004729364919245534806651698362948920774", "price": "0.05", "size": "8.3", "side": "BUY", "hash": "bc7444c3548e9ad2c35a54212f8ba58dffea9169", "best_bid": "0.05", "best_ask": "1"}], "timestamp": "1769384311770", "event_type": "price_change"}}
{"_local_timestamp": "2026-01-25T23:38:32.586567+00:00", "data": {"market": "0x7574b1281bb4b70889c1eddb6c792dfaa230fd6568d4fa08ff48a7b7d0da0ecf", "price_changes": [{"asset_id": "34958021056734425606207493027963264830364280132203939603257911082582091988838", "price": "0.41", "size": "487", "side": "BUY", "hash": "f453271a63745f70b7a92297cb15abf6be08a156", "best_bid": "0.55", "best_ask": "0.91"}, {"asset_id": "21925343071659716343842350944923307771324323480583567738204826742567392450228", "price": "0.59", "size": "487", "side": "SELL", "hash": "7f56c5748e2250f45b95ba9bbcc62c6efa8e0261", "best_bid": "0.09", "best_ask": "0.45"}], "timestamp": "1769384312493", "event_type": "price_change"}}
{"_local_timestamp": "2026-01-25T23:38:33.008335+00:00", "data": {"market": "0xcdb617d835aa90a8c6f989e15b0f7db83cad61881f9b7cc376ebddfc02e3fe6f", "price_changes": [{"asset_id": "17205059258036519763047896274452667362004729364919245534806651698362948920774", "price": "0.04", "size": "0", "side": "BUY", "hash": "3fbe5d6d644a3852522cb669b6c9cf1f81a5597b", "best_bid": "0.05", "best_ask": "1"}, {"asset_id": "81824081964236123440688084957864924731834402897456136707584091215379279966782", "price": "0.96", "size": "0", "side": "SELL", "hash": "0c7a949207530f464c87de272a6de1ef5b7c372c", "best_bid": "0", "best_ask": "0.95"}], "timestamp": "1769384312938", "event_type": "price_change"}}
{"_local_timestamp": "2026-01-25T23:38:33.056123+00:00", "data": {"market": "0xcdb617d835aa90a8c6f989e15b0f7db83cad61881f9b7cc376ebddfc02e3fe6f", "price_changes": [{"asset_id": "17205059258036519763047896274452667362004729364919245534806651698362948920774", "price": "0.06", "size": "5.47", "side": "BUY", "hash": "ef311fa8a53ad889cb653bc84a33d50cb35db8d5", "best_bid": "0.06", "best_ask": "1"}, {"asset_id": "81824081964236123440688084957864924731834402897456136707584091215379279966782", "price": "0.94", "size": "5.47", "side": "SELL", "hash": "3f2c80fab13407a5bd3c3dc06b853dd05349b3cc", "best_bid": "0", "best_ask": "0.94"}], "timestamp": "1769384312967", "event_type": "price_change"}}
{"_local_timestamp": "2026-01-25T23:38:34.065246+00:00", "data": {"market": "0x8243ff3762bcd3bb8b1d15e665cdcc35716ff318f96fb4631bb46b9eddf8c86a", "price_changes": [{"asset_id": "80154436186274737074522997979313743066759452931198098959504359914163403000674", "price": "0.01", "size": "58.97", "side": "BUY", "hash": "780c346aff71a6ecf7cf7f06f8f63575011801d4", "best_bid": "0.02", "best_ask": "0.98"}, {"asset_id": "84909880410540638760851349939756323384280160356000595880681494003468739085587", "price": "0.99", "size": "58.97", "side": "SELL", "hash": "bc50e0afa4882503745e9bac02f2cc43def1e54a", "best_bid": "0.02", "best_ask": "0.98"}], "timestamp": "1769384313998", "event_type": "price_change"}}
{"_local_timestamp": "2026-01-25T23:38:34.069493+00:00", "data": {"market": "0xcdb617d835aa90a8c6f989e15b0f7db83cad61881f9b7cc376ebddfc02e3fe6f", "price_changes": [{"asset_id": "81824081964236123440688084957864924731834402897456136707584091215379279966782", "price": "0.95", "size": "0", "side": "SELL", "hash": "88639cfc619878f36cd5b8af4238bb5fbb1a31b3", "best_bid": "0", "best_ask": "0.94"}, {"asset_id": "17205059258036519763047896274452667362004729364919245534806651698362948920774", "price": "0.05", "size": "0", "side": "BUY", "hash": "296352d6a5534af354c3cae3f03db109abb01894", "best_bid": "0.06", "best_ask": "1"}], "timestamp": "1769384313998", "event_type": "price_change"}}
{"_local_timestamp": "2026-01-25T23:38:34.452518+00:00", "data": {"market": "0x8243ff3762bcd3bb8b1d15e665cdcc35716ff318f96fb4631bb46b9eddf8c86a", "price_changes": [{"asset_id": "80154436186274737074522997979313743066759452931198098959504359914163403000674", "price": "0.01", "size": "79.61", "side": "BUY", "hash": "000350edf1f692447df63221789a9bc43f15c82a", "best_bid": "0.02", "best_ask": "0.98"}, {"asset_id": "84909880410540638760851349939756323384280160356000595880681494003468739085587", "price": "0.99", "size": "79.61", "side": "SELL", "hash": "028fe2d4378031ebf29a613cdfb090d8eb34ec1f", "best_bid": "0.02", "best_ask": "0.98"}], "timestamp": "1769384314386", "event_type": "price_change"}}
{"_local_timestamp": "2026-01-25T23:38:34.453164+00:00", "data": {"market": "0xcdb617d835aa90a8c6f989e15b0f7db83cad61881f9b7cc376ebddfc02e3fe6f", "price_changes": [{"asset_id": "81824081964236123440688084957864924731834402897456136707584091215379279966782", "price": "0.94", "size": "13.77", "side": "SELL", "hash": "74f4e6c735147cc877e0584512628c29ac7ef5c2", "best_bid": "0", "best_ask": "0.94"}, {"asset_id": "17205059258036519763047896274452667362004729364919245534806651698362948920774", "price": "0.06", "size": "13.77", "side": "BUY", "hash": "a592f69fd7c07a7cc91429013dcfbe0cff131b01", "best_bid": "0.06", "best_ask": "1"}], "timestamp": "1769384314386", "event_type": "price_change"}}
{"_local_timestamp": "2026-01-25T23:38:38.028574+00:00", "data": {"market": "0xcdb617d835aa90a8c6f989e15b0f7db83cad61881f9b7cc376ebddfc02e3fe6f", "price_changes": [{"asset_id": "81824081964236123440688084957864924731834402897456136707584091215379279966782", "price": "0.94", "size": "5.47", "side": "SELL", "hash": "b06fdffc3df954858808ca91c4a5e131e7bde77a", "best_bid": "0", "best_ask": "0.94"}, {"asset_id": "17205059258036519763047896274452667362004729364919245534806651698362948920774", "price": "0.06", "size": "5.47", "side": "BUY", "hash": "a61bbcc4929d48175ca59b4b7cc4776121af1ee6", "best_bid": "0.06", "best_ask": "1"}], "timestamp": "1769384317955", "event_type": "price_change"}}
{"_local_timestamp": "2026-01-25T23:38:38.366972+00:00", "data": {"market": "0xcdb617d835aa90a8c6f989e15b0f7db83cad61881f9b7cc376ebddfc02e3fe6f", "price_changes": [{"asset_id": "81824081964236123440688084957864924731834402897456136707584091215379279966782", "price": "0.93", "size": "8.3", "side": "SELL", "hash": "1f201dc97843bbf0595885afe40bd48e4cb3e6b0", "best_bid": "0", "best_ask": "0.93"}, {"asset_id": "17205059258036519763047896274452667362004729364919245534806651698362948920774", "price": "0.07", "size": "8.3", "side": "BUY", "hash": "3db858008b0ca60b3e221983cea51800770b9353", "best_bid": "0.07", "best_ask": "1"}], "timestamp": "1769384318302", "event_type": "price_change"}}
{"_local_timestamp": "2026-01-25T23:38:39.101340+00:00", "data": {"market": "0xcdb617d835aa90a8c6f989e15b0f7db83cad61881f9b7cc376ebddfc02e3fe6f", "price_changes": [{"asset_id": "17205059258036519763047896274452667362004729364919245534806651698362948920774", "price": "0.06", "size": "0", "side": "BUY", "hash": "9a77f10812c87114bf34771fd52c3d74ef5fd2b3", "best_bid": "0.07", "best_ask": "1"}, {"asset_id": "81824081964236123440688084957864924731834402897456136707584091215379279966782", "price": "0.94", "size": "0", "side": "SELL", "hash": "38bfd25ac1b22a785b6bfe73f8e85f083dddde90", "best_bid": "0", "best_ask": "0.93"}], "timestamp": "1769384319003", "event_type": "price_change"}}
{"_local_timestamp": "2026-01-25T23:38:39.139837+00:00", "data": {"market": "0x7574b1281bb4b70889c1eddb6c792dfaa230fd6568d4fa08ff48a7b7d0da0ecf", "price_changes": [{"asset_id": "34958021056734425606207493027963264830364280132203939603257911082582091988838", "price": "0.41", "size": "0", "side": "BUY", "hash": "b72bbd29c04aae4ed961dc96abcaaa5400276b6f", "best_bid": "0.55", "best_ask": "0.91"}, {"asset_id": "21925343071659716343842350944923307771324323480583567738204826742567392450228", "price": "0.59", "size": "0", "side": "SELL", "hash": "5daadc653f12ec0f4dc8d3390a589ada2011f1a4", "best_bid": "0.09", "best_ask": "0.45"}], "timestamp": "1769384319004", "event_type": "price_change"}}
{"_local_timestamp": "2026-01-25T23:38:39.158687+00:00", "data": {"market": "0xcdb617d835aa90a8c6f989e15b0f7db83cad61881f9b7cc376ebddfc02e3fe6f", "price_changes": [{"asset_id": "17205059258036519763047896274452667362004729364919245534806651698362948920774", "price": "0.07", "size": "13.77", "side": "BUY", "hash": "59ea73ea494674f621948d756d4bea4377152444", "best_bid": "0.07", "best_ask": "1"}, {"asset_id": "81824081964236123440688084957864924731834402897456136707584091215379279966782", "price": "0.93", "size": "13.77", "side": "SELL", "hash": "0a3cef91ba622bb2ba09cc76b3aed3496780f46f", "best_bid": "0", "best_ask": "0.93"}], "timestamp": "1769384319033", "event_type": "price_change"}}
{"_local_timestamp": "2026-01-25T23:38:41.136692+00:00", "data": {"market": "0xcdb617d835aa90a8c6f989e15b0f7db83cad61881f9b7cc376ebddfc02e3fe6f", "price_changes": [{"asset_id": "81824081964236123440688084957864924731834402897456136707584091215379279966782", "price": "0.93", "size": "5.47", "side": "SELL", "hash": "be87796c96474114007fc7ae92458262690a4789", "best_bid": "0", "best_ask": "0.93"}, {"asset_id": "17205059258036519763047896274452667362004729364919245534806651698362948920774", "price": "0.07", "size": "5.47", "side": "BUY", "hash": "faf3cac30d8190c7fd39660a3ab899ab85245c2f", "best_bid": "0.07", "best_ask": "1"}], "timestamp": "1769384321065", "event_type": "price_change"}}
{"_local_timestamp": "2026-01-25T23:38:41.631710+00:00", "data": {"market": "0xcdb617d835aa90a8c6f989e15b0f7db83cad61881f9b7cc376ebddfc02e3fe6f", "price_changes": [{"asset_id": "81824081964236123440688084957864924731834402897456136707584091215379279966782", "price": "0.92", "size": "8.3", "side": "SELL", "hash": "418e1b9b5fbbe7ff1fa7d4e35c2e315c1fdf6dfe", "best_bid": "0", "best_ask": "0.92"}, {"asset_id": "17205059258036519763047896274452667362004729364919245534806651698362948920774", "price": "0.08", "size": "8.3", "side": "BUY", "hash": "7a4658252a7100b3d0f25543cf384030118c0846", "best_bid": "0.08", "best_ask": "1"}], "timestamp": "1769384321529", "event_type": "price_change"}}
{"_local_timestamp": "2026-01-25T23:38:42.393926+00:00", "data": {"market": "0xcdb617d835aa90a8c6f989e15b0f7db83cad61881f9b7cc376ebddfc02e3fe6f", "price_changes": [{"asset_id": "17205059258036519763047896274452667362004729364919245534806651698362948920774", "price": "0.07", "size": "0", "side": "BUY", "hash": "a8b9a0c65792d59c9acecc96b43f3b730923f768", "best_bid": "0.08", "best_ask": "1"}, {"asset_id": "81824081964236123440688084957864924731834402897456136707584091215379279966782", "price": "0.93", "size": "0", "side": "SELL", "hash": "925a2167cc417b723968ece8b3cafd9016d36e34", "best_bid": "0", "best_ask": "0.92"}], "timestamp": "1769384322326", "event_type": "price_change"}}
{"_local_timestamp": "2026-01-25T23:38:42.457708+00:00", "data": {"market": "0xcdb617d835aa90a8c6f989e15b0f7db83cad61881f9b7cc376ebddfc02e3fe6f", "price_changes": [{"asset_id": "17205059258036519763047896274452667362004729364919245534806651698362948920774", "price": "0.03", "size": "5.47", "side": "BUY", "hash": "6a967a2574308b82f352c2665a891704e44bd9fd", "best_bid": "0.08", "best_ask": "1"}, {"asset_id": "81824081964236123440688084957864924731834402897456136707584091215379279966782", "price": "0.97", "size": "5.47", "side": "SELL", "hash": "cc540c41c90263b30408ff326fe8514f4d3f2271", "best_bid": "0", "best_ask": "0.92"}], "timestamp": "1769384322382", "event_type": "price_change"}}
{"_local_timestamp": "2026-01-25T23:38:43.316789+00:00", "data": {"market": "0xcdb617d835aa90a8c6f989e15b0f7db83cad61881f9b7cc376ebddfc02e3fe6f", "price_changes": [{"asset_id": "17205059258036519763047896274452667362004729364919245534806651698362948920774", "price": "0.01", "size": "99.99", "side": "BUY", "hash": "dfeb497dd9f799da0beee3cc1db4f3bf4781e5df", "best_bid": "0.08", "best_ask": "1"}, {"asset_id": "81824081964236123440688084957864924731834402897456136707584091215379279966782", "price": "0.99", "size": "99.99", "side": "SELL", "hash": "3b63809e1e253c0297666ba94ca5d5e0914133d7", "best_bid": "0", "best_ask": "0.92"}], "timestamp": "1769384323246", "event_type": "price_change"}}
{"_local_timestamp": "2026-01-25T23:38:43.317376+00:00", "data": {"market": "0xcdb617d835aa90a8c6f989e15b0f7db83cad61881f9b7cc376ebddfc02e3fe6f", "price_changes": [{"asset_id": "17205059258036519763047896274452667362004729364919245534806651698362948920774", "price": "0.02", "size": "56.49", "side": "BUY", "hash": "8e3cd691cc71932bd94b572d0084233d736670c7", "best_bid": "0.08", "best_ask": "1"}, {"asset_id": "81824081964236123440688084957864924731834402897456136707584091215379279966782", "price": "0.98", "size": "56.49", "side": "SELL", "hash": "4e277a8c555c64924d04aac6ab46477c6ebf8adc", "best_bid": "0", "best_ask": "0.92"}], "timestamp": "1769384323246", "event_type": "price_change"}}
{"_local_timestamp": "2026-01-25T23:38:44.812622+00:00", "data": {"market": "0xcdb617d835aa90a8c6f989e15b0f7db83cad61881f9b7cc376ebddfc02e3fe6f", "price_changes": [{"asset_id": "81824081964236123440688084957864924731834402897456136707584091215379279966782", "price": "0.92", "size": "0", "side": "SELL", "hash": "11174699a895d603a5c1d913b15ce412f9f9d953", "best_bid": "0", "best_ask": "0.97"}, {"asset_id": "17205059258036519763047896274452667362004729364919245534806651698362948920774", "price": "0.08", "size": "0", "side": "BUY", "hash": "cf7b08bbf997feecad672b73713520e525c911cf", "best_bid": "0.03", "best_ask": "1"}], "timestamp": "1769384324748", "event_type": "price_change"}}
{"_local_timestamp": "2026-01-25T23:38:45.101522+00:00", "data": {"market": "0xaac4a763d1b76646ed69ff0d6a49b09a701799d9fcc6ddf96275ddc1f0b41e7b", "price_changes": [{"asset_id": "2861305146776921171242951029031737179185749195848905136077267186430964686700", "price": "0.02", "size": "0", "side": "BUY", "hash": "88493a29498a7a82df6dc34167589ac40a7675c6", "best_bid": "0", "best_ask": "0.98"}, {"asset_id": "36440283020173761096990686108430143240313572746247081572057361599072536650982", "price": "0.98", "size": "0", "side": "SELL", "hash": "74bcb03ccda3f2f2e1d263d1e46d260dbf702d63", "best_bid": "0.02", "best_ask": "1"}], "timestamp": "1769384325033", "event_type": "price_change"}}
{"_local_timestamp": "2026-01-25T23:38:45.102363+00:00", "data": {"market": "0xaac4a763d1b76646ed69ff0d6a49b09a701799d9fcc6ddf96275ddc1f0b41e7b", "price_changes": [{"asset_id": "2861305146776921171242951029031737179185749195848905136077267186430964686700", "price": "0.01", "size": "0", "side": "BUY", "hash": "88493a29498a7a82df6dc34167589ac40a7675c6", "best_bid": "0", "best_ask": "0.98"}, {"asset_id": "36440283020173761096990686108430143240313572746247081572057361599072536650982", "price": "0.99", "size": "0", "side": "SELL", "hash": "74bcb03ccda3f2f2e1d263d1e46d260dbf702d63", "best_bid": "0.02", "best_ask": "1"}], "timestamp": "1769384325033", "event_type": "price_change"}}
{"_local_timestamp": "2026-01-25T23:38:45.102863+00:00", "data": {"market": "0xaac4a763d1b76646ed69ff0d6a49b09a701799d9fcc6ddf96275ddc1f0b41e7b", "asset_id": "2861305146776921171242951029031737179185749195848905136077267186430964686700", "bids": [], "asks": [{"price": "0.99", "size": "70.64"}, {"price": "0.98", "size": "19.16"}], "hash": "88493a29498a7a82df6dc34167589ac40a7675c6", "timestamp": "1769384325033", "event_type": "book"}}
{"_local_timestamp": "2026-01-25T23:38:45.106410+00:00", "data": {"market": "0xaac4a763d1b76646ed69ff0d6a49b09a701799d9fcc6ddf96275ddc1f0b41e7b", "asset_id": "36440283020173761096990686108430143240313572746247081572057361599072536650982", "bids": [{"price": "0.01", "size": "70.64"}, {"price": "0.02", "size": "19.16"}], "asks": [], "hash": "74bcb03ccda3f2f2e1d263d1e46d260dbf702d63", "timestamp": "1769384325033", "event_type": "book"}}
{"_local_timestamp": "2026-01-25T23:38:45.134693+00:00", "data": {"market": "0xaac4a763d1b76646ed69ff0d6a49b09a701799d9fcc6ddf96275ddc1f0b41e7b", "asset_id": "36440283020173761096990686108430143240313572746247081572057361599072536650982", "price": "0.99", "size": "95.27", "fee_rate_bps": "0", "side": "BUY", "timestamp": "1769384325064", "event_type": "last_trade_price", "transaction_hash": "0x2afe87f237df4c4c5d17d6402bcd4a8175e4590f6c87cb8fb9a53cf7507c54ea"}}
{"_local_timestamp": "2026-01-25T23:38:45.166535+00:00", "data": {"market": "0xcdb617d835aa90a8c6f989e15b0f7db83cad61881f9b7cc376ebddfc02e3fe6f", "price_changes": [{"asset_id": "81824081964236123440688084957864924731834402897456136707584091215379279966782", "price": "0.91", "size": "8.3", "side": "SELL", "hash": "f9195cef7ad8633791d4415fe892ed827a127e83", "best_bid": "0", "best_ask": "0.91"}, {"asset_id": "17205059258036519763047896274452667362004729364919245534806651698362948920774", "price": "0.09", "size": "8.3", "side": "BUY", "hash": "0e0b82bdc8851843753eb36b7b5706825afdd373", "best_bid": "0.09", "best_ask": "1"}], "timestamp": "1769384325096", "event_type": "price_change"}}
{"_local_timestamp": "2026-01-25T23:38:45.586929+00:00", "data": {"market": "0x7574b1281bb4b70889c1eddb6c792dfaa230fd6568d4fa08ff48a7b7d0da0ecf", "price_changes": [{"asset_id": "34958021056734425606207493027963264830364280132203939603257911082582091988838", "price": "0.41", "size": "487", "side": "BUY", "hash": "ae4e5fa00d6be01606fc668107445fe4ac74d552", "best_bid": "0.55", "best_ask": "0.91"}, {"asset_id": "21925343071659716343842350944923307771324323480583567738204826742567392450228", "price": "0.59", "size": "487", "side": "SELL", "hash": "796ad06af1987f975f20a9e3be2f4d48307f5062", "best_bid": "0.09", "best_ask": "0.45"}], "timestamp": "1769384325519", "event_type": "price_change"}}
{"_local_timestamp": "2026-01-25T23:38:47.854945+00:00", "data": {"market": "0xcdb617d835aa90a8c6f989e15b0f7db83cad61881f9b7cc376ebddfc02e3fe6f", "price_changes": [{"asset_id": "81824081964236123440688084957864924731834402897456136707584091215379279966782", "price": "0.91", "size": "0", "side": "SELL", "hash": "79386ead4f644674defdff4f566fef4516bbb22e", "best_bid": "0", "best_ask": "0.97"}, {"asset_id": "17205059258036519763047896274452667362004729364919245534806651698362948920774", "price": "0.09", "size": "0", "side": "BUY", "hash": "dcb7d8c86fc9a95ed0c6584c7d11e877d90ca143", "best_bid": "0.03", "best_ask": "1"}], "timestamp": "1769384327773", "event_type": "price_change"}}
{"_local_timestamp": "2026-01-25T23:38:48.159129+00:00", "data": {"market": "0xcdb617d835aa90a8c6f989e15b0f7db83cad61881f9b7cc376ebddfc02e3fe6f", "price_changes": [{"asset_id": "81824081964236123440688084957864924731834402897456136707584091215379279966782", "price": "0.96", "size": "8.3", "side": "SELL", "hash": "50562d415b406d36d59b49c904e94fbd2aefbb6f", "best_bid": "0", "best_ask": "0.96"}, {"asset_id": "17205059258036519763047896274452667362004729364919245534806651698362948920774", "price": "0.04", "size": "8.3", "side": "BUY", "hash": "e3cabc14df9b60b0f44a248620a8407ccdd88e93", "best_bid": "0.04", "best_ask": "1"}], "timestamp": "1769384328084", "event_type": "price_change"}}
{"_local_timestamp": "2026-01-25T23:38:48.915264+00:00", "data": {"market": "0xcdb617d835aa90a8c6f989e15b0f7db83cad61881f9b7cc376ebddfc02e3fe6f", "price_changes": [{"asset_id": "17205059258036519763047896274452667362004729364919245534806651698362948920774", "price": "0.03", "size": "0", "side": "BUY", "hash": "9aeb1f669b4727df3c9eb8bd82dda2af1cd6e1bb", "best_bid": "0.04", "best_ask": "1"}, {"asset_id": "81824081964236123440688084957864924731834402897456136707584091215379279966782", "price": "0.97", "size": "0", "side": "SELL", "hash": "95df979571888523634f656545a5e6ca5ed24068", "best_bid": "0", "best_ask": "0.96"}], "timestamp": "1769384328848", "event_type": "price_change"}}
{"_local_timestamp": "2026-01-25T23:38:48.946693+00:00", "data": {"market": "0xcdb617d835aa90a8c6f989e15b0f7db83cad61881f9b7cc376ebddfc02e3fe6f", "price_changes": [{"asset_id": "17205059258036519763047896274452667362004729364919245534806651698362948920774", "price": "0.05", "size": "5.47", "side": "BUY", "hash": "f9053e4e96d8b5c94d61bb55fddae579c2173bf6", "best_bid": "0.05", "best_ask": "1"}, {"asset_id": "81824081964236123440688084957864924731834402897456136707584091215379279966782", "price": "0.95", "size": "5.47", "side": "SELL", "hash": "1cad67262cc2c05ee5d47319eff27222a381f288", "best_bid": "0", "best_ask": "0.95"}], "timestamp": "1769384328879", "event_type": "price_change"}}
{"_local_timestamp": "2026-01-25T23:38:50.412211+00:00", "data": {"market": "0xcdb617d835aa90a8c6f989e15b0f7db83cad61881f9b7cc376ebddfc02e3fe6f", "price_changes": [{"asset_id": "81824081964236123440688084957864924731834402897456136707584091215379279966782", "price": "0.96", "size": "0", "side": "SELL", "hash": "e67ea89c93430b2feb2b045bce23e8a5d4643869", "best_bid": "0", "best_ask": "0.95"}, {"asset_id": "17205059258036519763047896274452667362004729364919245534806651698362948920774", "price": "0.04", "size": "0", "side": "BUY", "hash": "c3188148749737761dd05e9de0b163e4d03dfa7f", "best_bid": "0.05", "best_ask": "1"}], "timestamp": "1769384330344", "event_type": "price_change"}}
{"_local_timestamp": "2026-01-25T23:38:50.700917+00:00", "data": {"market": "0xaac4a763d1b76646ed69ff0d6a49b09a701799d9fcc6ddf96275ddc1f0b41e7b", "price_changes": [{"asset_id": "2861305146776921171242951029031737179185749195848905136077267186430964686700", "price": "0.98", "size": "58.85", "side": "SELL", "hash": "f895e6d64cf3eb31cf45f8b2b708b6807dd80be6", "best_bid": "0", "best_ask": "0.98"}, {"asset_id": "36440283020173761096990686108430143240313572746247081572057361599072536650982", "price": "0.02", "size": "58.85", "side": "BUY", "hash": "0202d090d487d2d21d95f99e7ee6428a4cc6ed85", "best_bid": "0.02", "best_ask": "1"}], "timestamp": "1769384330636", "event_type": "price_change"}}
{"_local_timestamp": "2026-01-25T23:38:50.974602+00:00", "data": {"market": "0xcdb617d835aa90a8c6f989e15b0f7db83cad61881f9b7cc376ebddfc02e3fe6f", "price_changes": [{"asset_id": "81824081964236123440688084957864924731834402897456136707584091215379279966782", "price": "0.94", "size": "8.3", "side": "SELL", "hash": "4defa192b55c9b81810b0e235f0d04c0d9d7eb1a", "best_bid": "0", "best_ask": "0.94"}, {"asset_id": "17205059258036519763047896274452667362004729364919245534806651698362948920774", "price": "0.06", "size": "8.3", "side": "BUY", "hash": "4ff8f4aab2b2d42eb8046693e7f2c1aaf7a35110", "best_bid": "0.06", "best_ask": "1"}], "timestamp": "1769384330888", "event_type": "price_change"}}
{"_local_timestamp": "2026-01-25T23:38:52.066535+00:00", "data": {"market": "0x7574b1281bb4b70889c1eddb6c792dfaa230fd6568d4fa08ff48a7b7d0da0ecf", "price_changes": [{"asset_id": "34958021056734425606207493027963264830364280132203939603257911082582091988838", "price": "0.41", "size": "0", "side": "BUY", "hash": "04b93bc93c8554ad06361b04b55dcb447690173a", "best_bid": "0.55", "best_ask": "0.91"}, {"asset_id": "21925343071659716343842350944923307771324323480583567738204826742567392450228", "price": "0.59", "size": "0", "side": "SELL", "hash": "8576a7349baaed6b1bd2dcc55967a6d1842c6db8", "best_bid": "0.09", "best_ask": "0.45"}], "timestamp": "1769384332000", "event_type": "price_change"}}
{"_local_timestamp": "2026-01-25T23:38:52.084352+00:00", "data": {"market": "0xcdb617d835aa90a8c6f989e15b0f7db83cad61881f9b7cc376ebddfc02e3fe6f", "price_changes": [{"asset_id": "17205059258036519763047896274452667362004729364919245534806651698362948920774", "price": "0.05", "size": "0", "side": "BUY", "hash": "b9ab1f36ba73c87519476816d017b2f06a712506", "best_bid": "0.06", "best_ask": "1"}, {"asset_id": "81824081964236123440688084957864924731834402897456136707584091215379279966782", "price": "0.95", "size": "0", "side": "SELL", "hash": "91e598cc1220e5b2896f9549158976880c503006", "best_bid": "0", "best_ask": "0.94"}], "timestamp": "1769384332005", "event_type": "price_change"}}
{"_local_timestamp": "2026-01-25T23:38:52.120470+00:00", "data": {"market": "0x8243ff3762bcd3bb8b1d15e665cdcc35716ff318f96fb4631bb46b9eddf8c86a", "price_changes": [{"asset_id": "80154436186274737074522997979313743066759452931198098959504359914163403000674", "price": "0.01", "size": "58.97", "side": "BUY", "hash": "fb563ffe596aa83b17fffa7157352db1438540ec", "best_bid": "0.02", "best_ask": "0.98"}, {"asset_id": "84909880410540638760851349939756323384280160356000595880681494003468739085587", "price": "0.99", "size": "58.97", "side": "SELL", "hash": "f556852ba6937074112542a5c554db480e6b8e6f", "best_bid": "0.02", "best_ask": "0.98"}], "timestamp": "1769384332043", "event_type": "price_change"}}
{"_local_timestamp": "2026-01-25T23:38:52.154223+00:00", "data": {"market": "0xcdb617d835aa90a8c6f989e15b0f7db83cad61881f9b7cc376ebddfc02e3fe6f", "price_changes": [{"asset_id": "17205059258036519763047896274452667362004729364919245534806651698362948920774", "price": "0.06", "size": "13.77", "side": "BUY", "hash": "efabc3922ded90ff4a0cce3bb0a77ea629e6e40b", "best_bid": "0.06", "best_ask": "1"}, {"asset_id": "81824081964236123440688084957864924731834402897456136707584091215379279966782", "price": "0.94", "size": "13.77", "side": "SELL", "hash": "8264865794aea2c6c2a307f0d2920524137434c2", "best_bid": "0", "best_ask": "0.94"}], "timestamp": "1769384332081", "event_type": "price_change"}}
{"_local_timestamp": "2026-01-25T23:38:52.382777+00:00", "data": {"market": "0x8243ff3762bcd3bb8b1d15e665cdcc35716ff318f96fb4631bb46b9eddf8c86a", "price_changes": [{"asset_id": "80154436186274737074522997979313743066759452931198098959504359914163403000674", "price": "0.01", "size": "79.61", "side": "BUY", "hash": "65882ad580fa48b979be821ebd15cedb87dbddf8", "best_bid": "0.02", "best_ask": "0.98"}, {"asset_id": "84909880410540638760851349939756323384280160356000595880681494003468739085587", "price": "0.99", "size": "79.61", "side": "SELL", "hash": "5725f2d5d1745ac57997802ffeda63586b41567f", "best_bid": "0.02", "best_ask": "0.98"}], "timestamp": "1769384332315", "event_type": "price_change"}}
{"_local_timestamp": "2026-01-25T23:38:53.685883+00:00", "data": {"market": "0xcdb617d835aa90a8c6f989e15b0f7db83cad61881f9b7cc376ebddfc02e3fe6f", "price_changes": [{"asset_id": "81824081964236123440688084957864924731834402897456136707584091215379279966782", "price": "0.94", "size": "5.47", "side": "SELL", "hash": "4b1ad4c7482bc592c6ec0307fda13ec15d336d20", "best_bid": "0", "best_ask": "0.94"}, {"asset_id": "17205059258036519763047896274452667362004729364919245534806651698362948920774", "price": "0.06", "size": "5.47", "side": "BUY", "hash": "06d720b0a2bd2e2b0fcb4d717e30550c4755b445", "best_bid": "0.06", "best_ask": "1"}], "timestamp": "1769384333611", "event_type": "price_change"}}
{"_local_timestamp": "2026-01-25T23:38:53.742173+00:00", "data": {"market": "0xee51dab3cac9f613ef4adde6f4d31c54d0768434f906a8830bcb29a6aa80fd62", "price_changes": [{"asset_id": "43525410081347620429019438629612271308506021187417584292466825241377512975930", "price": "0.02", "size": "0", "side": "BUY", "hash": "1caa5d217467cb6e5a2ee093af61cf70ae2fde6a", "best_bid": "0", "best_ask": "0.98"}, {"asset_id": "63233769642798353880862491463624056549555468632412539687403277969546363593618", "price": "0.98", "size": "0", "side": "SELL", "hash": "55937497e4bfa911888f2518c15cb33ef071f28b", "best_bid": "0.02", "best_ask": "1"}], "timestamp": "1769384333671", "event_type": "price_change"}}
{"_local_timestamp": "2026-01-25T23:38:53.742755+00:00", "data": {"market": "0xee51dab3cac9f613ef4adde6f4d31c54d0768434f906a8830bcb29a6aa80fd62", "price_changes": [{"asset_id": "43525410081347620429019438629612271308506021187417584292466825241377512975930", "price": "0.01", "size": "0", "side": "BUY", "hash": "1caa5d217467cb6e5a2ee093af61cf70ae2fde6a", "best_bid": "0", "best_ask": "0.98"}, {"asset_id": "63233769642798353880862491463624056549555468632412539687403277969546363593618", "price": "0.99", "size": "0", "side": "SELL", "hash": "55937497e4bfa911888f2518c15cb33ef071f28b", "best_bid": "0.02", "best_ask": "1"}], "timestamp": "1769384333671", "event_type": "price_change"}}
{"_local_timestamp": "2026-01-25T23:38:53.743272+00:00", "data": {"market": "0xee51dab3cac9f613ef4adde6f4d31c54d0768434f906a8830bcb29a6aa80fd62", "asset_id": "43525410081347620429019438629612271308506021187417584292466825241377512975930", "bids": [], "asks": [{"price": "0.99", "size": "70.64"}, {"price": "0.98", "size": "19.16"}], "hash": "1caa5d217467cb6e5a2ee093af61cf70ae2fde6a", "timestamp": "1769384333671", "event_type": "book"}}
{"_local_timestamp": "2026-01-25T23:38:53.743774+00:00", "data": {"market": "0xee51dab3cac9f613ef4adde6f4d31c54d0768434f906a8830bcb29a6aa80fd62", "asset_id": "63233769642798353880862491463624056549555468632412539687403277969546363593618", "bids": [{"price": "0.01", "size": "70.64"}, {"price": "0.02", "size": "19.16"}], "asks": [], "hash": "55937497e4bfa911888f2518c15cb33ef071f28b", "timestamp": "1769384333671", "event_type": "book"}}
{"_local_timestamp": "2026-01-25T23:38:53.767553+00:00", "data": {"market": "0xee51dab3cac9f613ef4adde6f4d31c54d0768434f906a8830bcb29a6aa80fd62", "asset_id": "63233769642798353880862491463624056549555468632412539687403277969546363593618", "price": "0.99", "size": "95.27", "fee_rate_bps": "0", "side": "BUY", "timestamp": "1769384333698", "event_type": "last_trade_price", "transaction_hash": "0xa15dcb639186d5d52734e2c065b9bcc3349d74715c89dd30c2f1b06d66b9cb1e"}}
{"_local_timestamp": "2026-01-25T23:38:54.104626+00:00", "data": {"market": "0xcdb617d835aa90a8c6f989e15b0f7db83cad61881f9b7cc376ebddfc02e3fe6f", "price_changes": [{"asset_id": "81824081964236123440688084957864924731834402897456136707584091215379279966782", "price": "0.93", "size": "8.3", "side": "SELL", "hash": "1ed98aa0778547cbe73009f91df3c2182126476a", "best_bid": "0", "best_ask": "0.93"}, {"asset_id": "17205059258036519763047896274452667362004729364919245534806651698362948920774", "price": "0.07", "size": "8.3", "side": "BUY", "hash": "328e3b69eea3a8a1a1e12654ea7683f08e2b0be8", "best_bid": "0.07", "best_ask": "1"}], "timestamp": "1769384334013", "event_type": "price_change"}}
{"_local_timestamp": "2026-01-25T23:38:55.305319+00:00", "data": {"market": "0xcdb617d835aa90a8c6f989e15b0f7db83cad61881f9b7cc376ebddfc02e3fe6f", "price_changes": [{"asset_id": "17205059258036519763047896274452667362004729364919245534806651698362948920774", "price": "0.06", "size": "0", "side": "BUY", "hash": "8bc5a32a04b1e7b8802852ac65792333a61f865d", "best_bid": "0.07", "best_ask": "1"}, {"asset_id": "81824081964236123440688084957864924731834402897456136707584091215379279966782", "price": "0.94", "size": "0", "side": "SELL", "hash": "d69a63e4221afe7455b4b5dcf86e4c5b64dff1d4", "best_bid": "0", "best_ask": "0.93"}], "timestamp": "1769384335232", "event_type": "price_change"}}
{"_local_timestamp": "2026-01-25T23:38:55.348261+00:00", "data": {"market": "0xcdb617d835aa90a8c6f989e15b0f7db83cad61881f9b7cc376ebddfc02e3fe6f", "price_changes": [{"asset_id": "17205059258036519763047896274452667362004729364919245534806651698362948920774", "price": "0.07", "size": "13.77", "side": "BUY", "hash": "2dafb7caa7ed51ef2c1b8362402b25e1d3b0da11", "best_bid": "0.07", "best_ask": "1"}, {"asset_id": "81824081964236123440688084957864924731834402897456136707584091215379279966782", "price": "0.93", "size": "13.77", "side": "SELL", "hash": "159ade1db793cf3ab2d95950dba9dc60924eb8b3", "best_bid": "0", "best_ask": "0.93"}], "timestamp": "1769384335278", "event_type": "price_change"}}
{"_local_timestamp": "2026-01-25T23:38:55.348999+00:00", "data": {"market": "0xee51dab3cac9f613ef4adde6f4d31c54d0768434f906a8830bcb29a6aa80fd62", "price_changes": [{"asset_id": "43525410081347620429019438629612271308506021187417584292466825241377512975930", "price": "0.01", "size": "5.47", "side": "BUY", "hash": "0c3d9ab64cdadb086a762f15730365d0ce5bd7e2", "best_bid": "0.01", "best_ask": "0.98"}, {"asset_id": "63233769642798353880862491463624056549555468632412539687403277969546363593618", "price": "0.99", "size": "5.47", "side": "SELL", "hash": "70561c2b21f0269002c6047f487d2312f5875354", "best_bid": "0.02", "best_ask": "0.99"}], "timestamp": "1769384335278", "event_type": "price_change"}}
{"_local_timestamp": "2026-01-25T23:38:56.680502+00:00", "data": {"market": "0xcdb617d835aa90a8c6f989e15b0f7db83cad61881f9b7cc376ebddfc02e3fe6f", "price_changes": [{"asset_id": "81824081964236123440688084957864924731834402897456136707584091215379279966782", "price": "0.93", "size": "5.47", "side": "SELL", "hash": "4e2c0a1f4ef65d86d7154ea67ce411fb0fd3125a", "best_bid": "0", "best_ask": "0.93"}, {"asset_id": "17205059258036519763047896274452667362004729364919245534806651698362948920774", "price": "0.07", "size": "5.47", "side": "BUY", "hash": "c3ae76e2c0676d8b8339b4ad2104f4f7a3a0fc42", "best_bid": "0.07", "best_ask": "1"}], "timestamp": "1769384336611", "event_type": "price_change"}}
{"_local_timestamp": "2026-01-25T23:38:57.025978+00:00", "data": {"market": "0xcdb617d835aa90a8c6f989e15b0f7db83cad61881f9b7cc376ebddfc02e3fe6f", "price_changes": [{"asset_id": "81824081964236123440688084957864924731834402897456136707584091215379279966782", "price": "0.92", "size": "8.3", "side": "SELL", "hash": "3b3ca586a1f6112c461d0d2bb879d4bca83704cf", "best_bid": "0", "best_ask": "0.92"}, {"asset_id": "17205059258036519763047896274452667362004729364919245534806651698362948920774", "price": "0.08", "size": "8.3", "side": "BUY", "hash": "5c11e743d62b891a5577cff97bffb13176be4975", "best_bid": "0.08", "best_ask": "1"}], "timestamp": "1769384336915", "event_type": "price_change"}}
{"_local_timestamp": "2026-01-25T23:38:57.900859+00:00", "data": {"market": "0x7574b1281bb4b70889c1eddb6c792dfaa230fd6568d4fa08ff48a7b7d0da0ecf", "price_changes": [{"asset_id": "34958021056734425606207493027963264830364280132203939603257911082582091988838", "price": "0.41", "size": "487", "side": "BUY", "hash": "16df23e10b75f6966a72f875589991591d4e4941", "best_bid": "0.55", "best_ask": "0.91"}, {"asset_id": "21925343071659716343842350944923307771324323480583567738204826742567392450228", "price": "0.59", "size": "487", "side": "SELL", "hash": "8c70aad31135ef4fb8332beb248348a2f2935ac3", "best_bid": "0.09", "best_ask": "0.45"}], "timestamp": "1769384337836", "event_type": "price_change"}}
{"_local_timestamp": "2026-01-25T23:38:58.501537+00:00", "data": {"market": "0xaac4a763d1b76646ed69ff0d6a49b09a701799d9fcc6ddf96275ddc1f0b41e7b", "price_changes": [{"asset_id": "2861305146776921171242951029031737179185749195848905136077267186430964686700", "price": "0.97", "size": "5.47", "side": "SELL", "hash": "f84c8d47d9472a81b92d778240c80a46fb1fbfd0", "best_bid": "0", "best_ask": "0.97"}, {"asset_id": "36440283020173761096990686108430143240313572746247081572057361599072536650982", "price": "0.03", "size": "5.47", "side": "BUY", "hash": "791820daaa29dbb72bcd9d07b94e7fcb01429589", "best_bid": "0.03", "best_ask": "1"}], "timestamp": "1769384338246", "event_type": "price_change"}}
{"_local_timestamp": "2026-01-25T23:38:58.590006+00:00", "data": {"market": "0xcdb617d835aa90a8c6f989e15b0f7db83cad61881f9b7cc376ebddfc02e3fe6f", "price_changes": [{"asset_id": "17205059258036519763047896274452667362004729364919245534806651698362948920774", "price": "0.07", "size": "0", "side": "BUY", "hash": "59a6120b12ea2807b8c18ee26074c5ca2b56ff92", "best_bid": "0.08", "best_ask": "1"}, {"asset_id": "81824081964236123440688084957864924731834402897456136707584091215379279966782", "price": "0.93", "size": "0", "side": "SELL", "hash": "e060b0b2622ac0686ff677226bc6fec4786fc9a5", "best_bid": "0", "best_ask": "0.92"}], "timestamp": "1769384338378", "event_type": "price_change"}}
{"_local_timestamp": "2026-01-25T23:38:58.613290+00:00", "data": {"market": "0xcdb617d835aa90a8c6f989e15b0f7db83cad61881f9b7cc376ebddfc02e3fe6f", "price_changes": [{"asset_id": "17205059258036519763047896274452667362004729364919245534806651698362948920774", "price": "0.03", "size": "5.47", "side": "BUY", "hash": "e466ef8116a3be5940410e74096d86ccc5573ab9", "best_bid": "0.08", "best_ask": "1"}, {"asset_id": "81824081964236123440688084957864924731834402897456136707584091215379279966782", "price": "0.97", "size": "5.47", "side": "SELL", "hash": "c3d31fe8a733572808dcb416f30770d47fa1ca25", "best_bid": "0", "best_ask": "0.92"}], "timestamp": "1769384338418", "event_type": "price_change"}}
{"_local_timestamp": "2026-01-25T23:38:58.748303+00:00", "data": {"market": "0xee51dab3cac9f613ef4adde6f4d31c54d0768434f906a8830bcb29a6aa80fd62", "price_changes": [{"asset_id": "43525410081347620429019438629612271308506021187417584292466825241377512975930", "price": "0.98", "size": "58.85", "side": "SELL", "hash": "fd0894a772dd3ea4c668395f31ddf2d0e2178e48", "best_bid": "0.01", "best_ask": "0.98"}, {"asset_id": "63233769642798353880862491463624056549555468632412539687403277969546363593618", "price": "0.02", "size": "58.85", "side": "BUY", "hash": "d13e5e156fc4005bc21bf2bc32d9ff74dffa3239", "best_bid": "0.02", "best_ask": "0.99"}], "timestamp": "1769384338671", "event_type": "price_change"}}
