{"_local_timestamp": "2026-01-25T23:41:25.518336+00:00", "data": [{"market": "0x7574b1281bb4b70889c1eddb6c792dfaa230fd6568d4fa08ff48a7b7d0da0ecf", "asset_id": "34958021056734425606207493027963264830364280132203939603257911082582091988838", "timestamp": "1769384484000", "hash": "20b10d561b9cc00fb31a9dba664c66d2729d0bc2", "bids": [{"price": "0.01", "size": "450"}, {"price": "0.05", "size": "1200"}, {"price": "0.08", "size": "500"}, {"price": "0.1", "size": "10"}, {"price": "0.14", "size": "200"}, {"price": "0.4", "size": "337.5"}, {"price": "0.5", "size": "250"}, {"price": "0.55", "size": "54.54"}], "asks": [{"price": "0.99", "size": "50"}, {"price": "0.98", "size": "5.47"}, {"price": "0.91", "size": "17.8"}], "event_type": "book", "last_trade_price": "0.910"}, {"market": "0xc33520b8387bc2a129fcaec53006563386084e17ef43cea9824037e05d375609", "asset_id": "88107263401951392791865049914930056809888874143168323721673810521359076570528", "timestamp": "1769384409405", "hash": "9ba40c2504e42723e6e21a7837df63e6b5bf4c35", "bids": [{"price": "0.01", "size": "50"}, {"price": "0.02", "size": "5.47"}], "asks": [{"price": "0.99", "size": "50"}], "event_type": "book", "last_trade_price": ""}, {"market": "0xcf30250a0e584bea13f277a2a479833decd67d538fc1e8dc926f9c793b2454b4", "asset_id": "71798061293991410963260986689732621295551480607717504639668717597775598148302", "timestamp": "1769384409405", "hash": "620d8725d74930d8c0bc0824f9d68319e1c586c2", "bids": [{"price": "0.01", "size": "50"}, {"price": "0.02", "size": "5.47"}], "asks": [{"price": "0.99", "size": "50"}], "event_type": "book", "last_trade_price": ""}, {"market": "0xcf30250a0e584bea13f277a2a479833decd67d538fc1e8dc926f9c793b2454b4", "asset_id": "97841068365372931999998603307281424944260043023122833947885732788800138095480", "timestamp": "1769384409405", "hash": "6982305a9649a0846c760916b1375d64cae6332a", "bids": [{"price": "0.01", "size": "50"}], "asks": [{"price": "0.99", "size": "50"}, {"price": "0.98", "size": "5.47"}], "event_type": "book", "last_trade_price": ""}, {"market": "0xc3dd4c54259748bd6c2e56e94d934532f175b75a62d1fb123bc72864c35c9730", "asset_id": "86714981083437714666168917725933210365838689433918892747380598364153479467398", "timestamp": "1769384409405", "hash": "bc6a52dcbdf1f659d63e985d3aa23df0fa6f625d", "bids": [{"price": "0.01", "size": "50"}, {"price": "0.02", "size": "5.47"}], "asks": [{"price": "0.99", "size": "50"}], "event_type": "book", "last_trade_price": ""}, {"market": "0xee51dab3cac9f613ef4adde6f4d31c54d0768434f906a8830bcb29a6aa80fd62", "asset_id": "43525410081347620429019438629612271308506021187417584292466825241377512975930", "timestamp": "1769384485199", "hash": "b3556b84003cf3bb0d66a530d40fbb578ebb8401", "bids": [], "asks": [{"price": "0.99", "size": "50"}, {"price": "0.98", "size": "31.59"}, {"price": "0.95", "size": "5.47"}], "event_type": "book", "last_trade_price": "0.010"}, {"market": "0x7574b1281bb4b70889c1eddb6c792dfaa230fd6568d4fa08ff48a7b7d0da0ecf", "asset_id": "21925343071659716343842350944923307771324323480583567738204826742567392450228", "timestamp": "1769384484000", "hash": "8ea291c094c4ccc673e774b28e367edd156050a0", "bids": [{"price": "0.01", "size": "50"}, {"price": "0.02", "size": "5.47"}, {"price": "0.09", "size": "17.8"}], "asks": [{"price": "0.99", "size": "450"}, {"price": "0.95", "size": "1200"}, {"price": "0.92", "size": "500"}, {"price": "0.9", "size": "10"}, {"price": "0.86", "size": "200"}, {"price": "0.6", "size": "337.5"}, {"price": "0.5", "size": "250"}, {"price": "0.45", "size": "54.54"}], "event_type": "book", "last_trade_price": "0.910"}, {"market": "0xaac4a763d1b76646ed69ff0d6a49b09a701799d9fcc6ddf96275ddc1f0b41e7b", "asset_id": "36440283020173761096990686108430143240313572746247081572057361599072536650982", "timestamp": "1769384485199", "hash": "4304ad1c393fda80370765f8eccaaf3f83056ccc", "bids": [{"price": "0.01", "size": "50"}, {"price": "0.02", "size": "31.59"}, {"price": "0.11", "size": "5.47"}], "asks": [], "event_type": "book", "last_trade_price": "0.010"}, {"market": "0xaac4a763d1b76646ed69ff0d6a49b09a701799d9fcc6ddf96275ddc1f0b41e7b", "asset_id": "2861305146776921171242951029031737179185749195848905136077267186430964686700", "timestamp": "1769384485199", "hash": "88b3538cdf2426781fef33478e370d30eee46fe8", "bids": [], "asks": [{"price": "0.99", "size": "50"}, {"price": "0.98", "size": "31.59"}, {"price": "0.89", "size": "5.47"}], "event_type": "book", "last_trade_price": "0.010"}, {"market": "0x9c8293577f4543ef93f7aaeb509c558f57206963738afc0005a3c8b657c35c2c", "asset_id": "106370297633240418331069674055597687951292185544334737174986495171756252672268", "timestamp": "1769384409405", "hash": "46aa9da20e14e54fa0493448de58aa79f322e83c", "bids": [{"price": "0.01", "size": "50"}], "asks": [{"price": "0.99", "size": "50"}, {"price": "0.98", "size": "5.47"}], "event_type": "book", "last_trade_price": ""}, {"market": "0x8243ff3762bcd3bb8b1d15e665cdcc35716ff318f96fb4631bb46b9eddf8c86a", "asset_id": "84909880410540638760851349939756323384280160356000595880681494003468739085587", "timestamp": "1769384485199", "hash": "ea059a2a331061615477c8a67ba2bb9fef6d5e55", "bids": [], "asks": [{"price": "0.99", "size": "50"}, {"price": "0.98", "size": "31.59"}, {"price": "0.19", "size": "5.47"}], "event_type": "book", "last_trade_price": "0.010"}, {"market": "0x8243ff3762bcd3bb8b1d15e665cdcc35716ff318f96fb4631bb46b9eddf8c86a", "asset_id": "80154436186274737074522997979313743066759452931198098959504359914163403000674", "timestamp": "1769384485199", "hash": "70dd6d4e020080186b0d13d931775eb1239b6f02", "bids": [{"price": "0.01", "size": "50"}, {"price": "0.02", "size": "31.59"}, {"price": "0.81", "size": "5.47"}], "asks": [], "event_type": "book", "last_trade_price": "0.010"}, {"market": "0xc3dd4c54259748bd6c2e56e94d934532f175b75a62d1fb123bc72864c35c9730", "asset_id": "27389633440629820237562052149714649048234868895442626956737031241849873740466", "timestamp": "1769384409405", "hash": "faee97708d61d725e6ddc3ce2560f9b3d60d8226", "bids": [{"price": "0.01", "size": "50"}], "asks": [{"price": "0.99", "size": "50"}, {"price": "0.98", "size": "5.47"}], "event_type": "book", "last_trade_price": ""}, {"market": "0xc33520b8387bc2a129fcaec53006563386084e17ef43cea9824037e05d375609", "asset_id": "2621382290123481396373492494020332967195582455868928518804195047605986757722", "timestamp": "1769384409405", "hash": "08fa67aa63530e3064e512a21b0a116c24028e0d", "bids": [{"price": "0.01", "size": "50"}], "asks": [{"price": "0.99", "size": "50"}, {"price": "0.98", "size": "5.47"}], "event_type": "book", "last_trade_price": ""}, {"market": "0x9c8293577f4543ef93f7aaeb509c558f57206963738afc0005a3c8b657c35c2c", "asset_id": "67835301387931085120131152357622221875363198868454977123292686295357133755559", "timestamp": "1769384409405", "hash": "c19c1da3c07846659a8f17f03f3975ce80f8d755", "bids": [{"price": "0.01", "size": "50"}, {"price": "0.02", "size": "5.47"}], "asks": [{"price": "0.99", "size": "50"}], "event_type": "book", "last_trade_price": ""}, {"market": "0xcdb617d835aa90a8c6f989e15b0f7db83cad61881f9b7cc376ebddfc02e3fe6f", "asset_id": "17205059258036519763047896274452667362004729364919245534806651698362948920774", "timestamp": "1769384485214", "hash": "5b59f4bf020b8b772e1167140605584a39110088", "bids": [{"price": "0.01", "size": "50"}, {"price": "0.02", "size": "31.59"}, {"price": "0.04", "size": "8.2"}, {"price": "0.05", "size": "5.47"}], "asks": [], "event_type": "book", "last_trade_price": "0.010"}, {"market": "0xee51dab3cac9f613ef4adde6f4d31c54d0768434f906a8830bcb29a6aa80fd62", "asset_id": "63233769642798353880862491463624056549555468632412539687403277969546363593618", "timestamp": "1769384485199", "hash": "cc2a431813e50db4b72cbd4814b2edb70bbf3b42", "bids": [{"price": "0.01", "size": "50"}, {"price": "0.02", "size": "31.59"}, {"price": "0.05", "size": "5.47"}], "asks": [], "event_type": "book", "last_trade_price": "0.010"}, {"market": "0xcdb617d835aa90a8c6f989e15b0f7db83cad61881f9b7cc376ebddfc02e3fe6f", "asset_id": "81824081964236123440688084957864924731834402897456136707584091215379279966782", "timestamp": "1769384485214", "hash": "23458b069f8a102d8e2b1fdc2c33d782c6440a55", "bids": [], "asks": [{"price": "0.99", "size": "50"}, {"price": "0.98", "size": "31.59"}, {"price": "0.96", "size": "8.2"}, {"price": "0.95", "size": "5.47"}], "event_type": "book", "last_trade_price": "0.010"}]}
{"_local_timestamp": "2026-01-25T23:41:25.620751+00:00", "data": {"market": "0xee51dab3cac9f613ef4adde6f4d31c54d0768434f906a8830bcb29a6aa80fd62", "price_changes": [{"asset_id": "43525410081347620429019438629612271308506021187417584292466825241377512975930", "price": "0.94", "size": "8.2", "side": "SELL", "hash": "9bd5b4a561d364e193961b3cec7d8900026dfb96", "best_bid": "0", "best_ask": "0.94"}, {"asset_id": "63233769642798353880862491463624056549555468632412539687403277969546363593618", "price": "0.06", "size": "8.2", "side": "BUY", "hash": "01687e619cb503d919a6202ba42130dab1a7032c", "best_bid": "0.06", "best_ask": "1"}], "timestamp": "1769384485551", "event_type": "price_change"}}
{"_local_timestamp": "2026-01-25T23:41:25.623349+00:00", "data": {"market": "0xaac4a763d1b76646ed69ff0d6a49b09a701799d9fcc6ddf96275ddc1f0b41e7b", "price_changes": [{"asset_id": "2861305146776921171242951029031737179185749195848905136077267186430964686700", "price": "0.88", "size": "8.2", "side": "SELL", "hash": "3425d9efbce4c1ef4631489a0eb2e14e24c47914", "best_bid": "0", "best_ask": "0.88"}, {"asset_id": "36440283020173761096990686108430143240313572746247081572057361599072536650982", "price": "0.12", "size": "8.2", "side": "BUY", "hash": "1c69450a13c48a1ff6fa86f55b7922f0de6c58ed", "best_bid": "0.12", "best_ask": "1"}], "timestamp": "1769384485551", "event_type": "price_change"}}
{"_local_timestamp": "2026-01-25T23:41:25.626001+00:00", "data": {"market": "0x8243ff3762bcd3bb8b1d15e665cdcc35716ff318f96fb4631bb46b9eddf8c86a", "price_changes": [{"asset_id": "84909880410540638760851349939756323384280160356000595880681494003468739085587", "price": "0.18", "size": "8.2", "side": "SELL", "hash": "16eec9f389bb957f069c15093e51f6eeccb756f7", "best_bid": "0", "best_ask": "0.18"}, {"asset_id": "80154436186274737074522997979313743066759452931198098959504359914163403000674", "price": "0.82", "size": "8.2", "side": "BUY", "hash": "f0c4ae9cfe0711aaa0e026958bffe1c256214914", "best_bid": "0.82", "best_ask": "1"}], "timestamp": "1769384485551", "event_type": "price_change"}}
{"_local_timestamp": "2026-01-25T23:41:26.100552+00:00", "data": {"market": "0xcdb617d835aa90a8c6f989e15b0f7db83cad61881f9b7cc376ebddfc02e3fe6f", "price_changes": [{"asset_id": "81824081964236123440688084957864924731834402897456136707584091215379279966782", "price": "0.96", "size": "0", "side": "SELL", "hash": "abf7bacc7704e35ffafe6987d117ac31a97d5f48", "best_bid": "0", "best_ask": "0.95"}, {"asset_id": "17205059258036519763047896274452667362004729364919245534806651698362948920774", "price": "0.04", "size": "0", "side": "BUY", "hash": "6ff1c3f7e54c7d39f6bd4a0372e85d18dc06d1f3", "best_bid": "0.05", "best_ask": "1"}], "timestamp": "1769384486037", "event_type": "price_change"}}
{"_local_timestamp": "2026-01-25T23:41:26.384530+00:00", "data": {"market": "0xcdb617d835aa90a8c6f989e15b0f7db83cad61881f9b7cc376ebddfc02e3fe6f", "price_changes": [{"asset_id": "81824081964236123440688084957864924731834402897456136707584091215379279966782", "price": "0.94", "size": "8.2", "side": "SELL", "hash": "615c8c7acfcc4b82373bd47d58887149911901c2", "best_bid": "0", "best_ask": "0.94"}, {"asset_id": "17205059258036519763047896274452667362004729364919245534806651698362948920774", "price": "0.06", "size": "8.2", "side": "BUY", "hash": "c194c195cfe309e9ee5bfff9b0ee071b5ac9ab26", "best_bid": "0.06", "best_ask": "1"}], "timestamp": "1769384486311", "event_type": "price_change"}}
{"_local_timestamp": "2026-01-25T23:41:26.456357+00:00", "data": {"market": "0xaac4a763d1b76646ed69ff0d6a49b09a701799d9fcc6ddf96275ddc1f0b41e7b", "price_changes": [{"asset_id": "2861305146776921171242951029031737179185749195848905136077267186430964686700", "price": "0.89", "size": "0", "side": "SELL", "hash": "b6325942fe2993454106c1576239cad327c9ec71", "best_bid": "0", "best_ask": "0.88"}, {"asset_id": "36440283020173761096990686108430143240313572746247081572057361599072536650982", "price": "0.11", "size": "0", "side": "BUY", "hash": "0d56e1e731e78c8d7d84ac1a76c06bd5902b229a", "best_bid": "0.12", "best_ask": "1"}], "timestamp": "1769384486380", "event_type": "price_change"}}
{"_local_timestamp": "2026-01-25T23:41:26.468109+00:00", "data": {"market": "0x8243ff3762bcd3bb8b1d15e665cdcc35716ff318f96fb4631bb46b9eddf8c86a", "price_changes": [{"asset_id": "84909880410540638760851349939756323384280160356000595880681494003468739085587", "price": "0.19", "size": "0", "side": "SELL", "hash": "f0948235cf20ecb900ed5c549fa5419845989a65", "best_bid": "0", "best_ask": "0.18"}, {"asset_id": "80154436186274737074522997979313743066759452931198098959504359914163403000674", "price": "0.81", "size": "0", "side": "BUY", "hash": "64083e2be16480f67f5ca50151c58a8e36cace3b", "best_bid": "0.82", "best_ask": "1"}], "timestamp": "1769384486380", "event_type": "price_change"}}
{"_local_timestamp": "2026-01-25T23:41:26.469510+00:00", "data": {"market": "0xee51dab3cac9f613ef4adde6f4d31c54d0768434f906a8830bcb29a6aa80fd62", "price_changes": [{"asset_id": "43525410081347620429019438629612271308506021187417584292466825241377512975930", "price": "0.95", "size": "0", "side": "SELL", "hash": "1dca4ec8c7f09b6ec8bbb2d2adc8b14755a1dba9", "best_bid": "0", "best_ask": "0.94"}, {"asset_id": "63233769642798353880862491463624056549555468632412539687403277969546363593618", "price": "0.05", "size": "0", "side": "BUY", "hash": "843c612dd4bb090d5a49d355e00b5583de8fe0da", "best_bid": "0.06", "best_ask": "1"}], "timestamp": "1769384486380", "event_type": "price_change"}}
{"_local_timestamp": "2026-01-25T23:41:26.584533+00:00", "data": {"market": "0xaac4a763d1b76646ed69ff0d6a49b09a701799d9fcc6ddf96275ddc1f0b41e7b", "price_changes": [{"asset_id": "2861305146776921171242951029031737179185749195848905136077267186430964686700", "price": "0.87", "size": "5.47", "side": "SELL", "hash": "cbd036fe87bd7e1ee64378c153c358663e328b9f", "best_bid": "0", "best_ask": "0.87"}, {"asset_id": "36440283020173761096990686108430143240313572746247081572057361599072536650982", "price": "0.13", "size": "5.47", "side": "BUY", "hash": "07aabb45bb0c22df9c7eb9173756b500cf451589", "best_bid": "0.13", "best_ask": "1"}], "timestamp": "1769384486492", "event_type": "price_change"}}
{"_local_timestamp": "2026-01-25T23:41:26.586250+00:00", "data": {"market": "0xee51dab3cac9f613ef4adde6f4d31c54d0768434f906a8830bcb29a6aa80fd62", "price_changes": [{"asset_id": "43525410081347620429019438629612271308506021187417584292466825241377512975930", "price": "0.93", "size": "5.47", "side": "SELL", "hash": "ce35098867f52d358f3fe64ed1589238216fb3eb", "best_bid": "0", "best_ask": "0.93"}, {"asset_id": "63233769642798353880862491463624056549555468632412539687403277969546363593618", "price": "0.07", "size": "5.47", "side": "BUY", "hash": "c7a9bab4ceecd6480f21114c271d81384f4efc2e", "best_bid": "0.07", "best_ask": "1"}], "timestamp": "1769384486492", "event_type": "price_change"}}
{"_local_timestamp": "2026-01-25T23:41:26.605837+00:00", "data": {"market": "0x8243ff3762bcd3bb8b1d15e665cdcc35716ff318f96fb4631bb46b9eddf8c86a", "price_changes": [{"asset_id": "84909880410540638760851349939756323384280160356000595880681494003468739085587", "price": "0.17", "size": "5.47", "side": "SELL", "hash": "92c04e095ac3369090201de00aa99bdfb4a4937d", "best_bid": "0", "best_ask": "0.17"}, {"asset_id": "80154436186274737074522997979313743066759452931198098959504359914163403000674", "price": "0.83", "size": "5.47", "side": "BUY", "hash": "ecdada63ce43e8f28f196811500e9a5e8b65bbbc", "best_bid": "0.83", "best_ask": "1"}], "timestamp": "1769384486530", "event_type": "price_change"}}
{"_local_timestamp": "2026-01-25T23:41:26.953138+00:00", "data": {"market": "0xaac4a763d1b76646ed69ff0d6a49b09a701799d9fcc6ddf96275ddc1f0b41e7b", "price_changes": [{"asset_id": "2861305146776921171242951029031737179185749195848905136077267186430964686700", "price": "0.88", "size": "0", "side": "SELL", "hash": "a6bf04610f5d8181af2aa1c7588668239681c0df", "best_bid": "0", "best_ask": "0.87"}, {"asset_id": "36440283020173761096990686108430143240313572746247081572057361599072536650982", "price": "0.12", "size": "0", "side": "BUY", "hash": "837e6dfed6a633531d5de31efe04ab3cf2841b5a", "best_bid": "0.13", "best_ask": "1"}], "timestamp": "1769384486885", "event_type": "price_change"}}
{"_local_timestamp": "2026-01-25T23:41:26.955890+00:00", "data": {"market": "0xee51dab3cac9f613ef4adde6f4d31c54d0768434f906a8830bcb29a6aa80fd62", "price_changes": [{"asset_id": "43525410081347620429019438629612271308506021187417584292466825241377512975930", "price": "0.94", "size": "0", "side": "SELL", "hash": "afb1f567005a6767aae1049a4c6ae357736e6831", "best_bid": "0", "best_ask": "0.93"}, {"asset_id": "63233769642798353880862491463624056549555468632412539687403277969546363593618", "price": "0.06", "size": "0", "side": "BUY", "hash": "99d4e551c2f5bd319b29850e7aaf9b27c6c24367", "best_bid": "0.07", "best_ask": "1"}], "timestamp": "1769384486885", "event_type": "price_change"}}
{"_local_timestamp": "2026-01-25T23:41:26.958135+00:00", "data": {"market": "0x8243ff3762bcd3bb8b1d15e665cdcc35716ff318f96fb4631bb46b9eddf8c86a", "price_changes": [{"asset_id": "84909880410540638760851349939756323384280160356000595880681494003468739085587", "price": "0.18", "size": "0", "side": "SELL", "hash": "f43aa767fd44030e47866bc5dbc88c23c6d2c5cb", "best_bid": "0", "best_ask": "0.17"}, {"asset_id": "80154436186274737074522997979313743066759452931198098959504359914163403000674", "price": "0.82", "size": "0", "side": "BUY", "hash": "a8845ff4650e7f1a7748a2f5fa03422c4c887b87", "best_bid": "0.83", "best_ask": "1"}], "timestamp": "1769384486885", "event_type": "price_change"}}
{"_local_timestamp": "2026-01-25T23:41:27.166294+00:00", "data": {"market": "0x8243ff3762bcd3bb8b1d15e665cdcc35716ff318f96fb4631bb46b9eddf8c86a", "price_changes": [{"asset_id": "84909880410540638760851349939756323384280160356000595880681494003468739085587", "price": "0.16", "size": "8.2", "side": "SELL", "hash": "27747784106201ac2e7776b8097ab2bfa8856d2b", "best_bid": "0", "best_ask": "0.16"}, {"asset_id": "80154436186274737074522997979313743066759452931198098959504359914163403000674", "price": "0.84", "size": "8.2", "side": "BUY", "hash": "e8b6190f70a5cf5dad96b7eafa3763c63c01fda3", "best_bid": "0.84", "best_ask": "1"}], "timestamp": "1769384487095", "event_type": "price_change"}}
{"_local_timestamp": "2026-01-25T23:41:27.266634+00:00", "data": {"market": "0xee51dab3cac9f613ef4adde6f4d31c54d0768434f906a8830bcb29a6aa80fd62", "price_changes": [{"asset_id": "43525410081347620429019438629612271308506021187417584292466825241377512975930", "price": "0.92", "size": "8.2", "side": "SELL", "hash": "01a15b9af58eaaacd9f5dd4ff850d1c8bfc70f9f", "best_bid": "0", "best_ask": "0.92"}, {"asset_id": "63233769642798353880862491463624056549555468632412539687403277969546363593618", "price": "0.08", "size": "8.2", "side": "BUY", "hash": "390403934301be212b73d8fcb392fabe49732c2b", "best_bid": "0.08", "best_ask": "1"}], "timestamp": "1769384487198", "event_type": "price_change"}}
{"_local_timestamp": "2026-01-25T23:41:27.268085+00:00", "data": {"market": "0xaac4a763d1b76646ed69ff0d6a49b09a701799d9fcc6ddf96275ddc1f0b41e7b", "price_changes": [{"asset_id": "2861305146776921171242951029031737179185749195848905136077267186430964686700", "price": "0.86", "size": "8.2", "side": "SELL", "hash": "5823f6e379b7c878941b235e52250c75ea9d3d8b", "best_bid": "0", "best_ask": "0.86"}, {"asset_id": "36440283020173761096990686108430143240313572746247081572057361599072536650982", "price": "0.14", "size": "8.2", "side": "BUY", "hash": "d98700b0d1f674f92e1a70cd86797d82eda6e33b", "best_bid": "0.14", "best_ask": "1"}], "timestamp": "1769384487198", "event_type": "price_change"}}
{"_local_timestamp": "2026-01-25T23:41:27.829757+00:00", "data": {"market": "0x8243ff3762bcd3bb8b1d15e665cdcc35716ff318f96fb4631bb46b9eddf8c86a", "price_changes": [{"asset_id": "84909880410540638760851349939756323384280160356000595880681494003468739085587", "price": "0.17", "size": "0", "side": "SELL", "hash": "5b13ca591f6123f6a54078a3604972f214df3719", "best_bid": "0", "best_ask": "0.16"}, {"asset_id": "80154436186274737074522997979313743066759452931198098959504359914163403000674", "price": "0.83", "size": "0", "side": "BUY", "hash": "a05d0e1397daaaab19faca319744cc0b79be953d", "best_bid": "0.84", "best_ask": "1"}], "timestamp": "1769384487761", "event_type": "price_change"}}
{"_local_timestamp": "2026-01-25T23:41:27.835272+00:00", "data": {"market": "0xaac4a763d1b76646ed69ff0d6a49b09a701799d9fcc6ddf96275ddc1f0b41e7b", "price_changes": [{"asset_id": "2861305146776921171242951029031737179185749195848905136077267186430964686700", "price": "0.87", "size": "0", "side": "SELL", "hash": "cc8b9b0fe0c7532230036ce5c16fc67e5e8efa31", "best_bid": "0", "best_ask": "0.86"}, {"asset_id": "36440283020173761096990686108430143240313572746247081572057361599072536650982", "price": "0.13", "size": "0", "side": "BUY", "hash": "02b240e8c656b3d51f282500ec333a13ac40d67f", "best_bid": "0.14", "best_ask": "1"}], "timestamp": "1769384487761", "event_type": "price_change"}}
{"_local_timestamp": "2026-01-25T23:41:27.836964+00:00", "data": {"market": "0xee51dab3cac9f613ef4adde6f4d31c54d0768434f906a8830bcb29a6aa80fd62", "price_changes": [{"asset_id": "43525410081347620429019438629612271308506021187417584292466825241377512975930", "price": "0.93", "size": "0", "side": "SELL", "hash": "1d5914ae8e41e819bec7e27d2c7650f0cfeef317", "best_bid": "0", "best_ask": "0.92"}, {"asset_id": "63233769642798353880862491463624056549555468632412539687403277969546363593618", "price": "0.07", "size": "0", "side": "BUY", "hash": "668e7ce489bf0695a94df21bf71034ebd882a471", "best_bid": "0.08", "best_ask": "1"}], "timestamp": "1769384487761", "event_type": "price_change"}}
{"_local_timestamp": "2026-01-25T23:41:27.949219+00:00", "data": {"market": "0xee51dab3cac9f613ef4adde6f4d31c54d0768434f906a8830bcb29a6aa80fd62", "price_changes": [{"asset_id": "43525410081347620429019438629612271308506021187417584292466825241377512975930", "price": "0.91", "size": "5.47", "side": "SELL", "hash": "151e94029c8a54f3437533c08f7fd4fa8e9a05b5", "best_bid": "0", "best_ask": "0.91"}, {"asset_id": "63233769642798353880862491463624056549555468632412539687403277969546363593618", "price": "0.09", "size": "5.47", "side": "BUY", "hash": "9de579c34f3ce5167d546d27c8691784e4147fad", "best_bid": "0.09", "best_ask": "1"}], "timestamp": "1769384487879", "event_type": "price_change"}}
{"_local_timestamp": "2026-01-25T23:41:27.953291+00:00", "data": {"market": "0x8243ff3762bcd3bb8b1d15e665cdcc35716ff318f96fb4631bb46b9eddf8c86a", "price_changes": [{"asset_id": "84909880410540638760851349939756323384280160356000595880681494003468739085587", "price": "0.15", "size": "5.47", "side": "SELL", "hash": "4e2867c3fb4dcf85ae92f2dc4c10805fcfa2d3fa", "best_bid": "0", "best_ask": "0.15"}, {"asset_id": "80154436186274737074522997979313743066759452931198098959504359914163403000674", "price": "0.85", "size": "5.47", "side": "BUY", "hash": "67a0210961694fd32cbeebcab5a1e5fa7f438398", "best_bid": "0.85", "best_ask": "1"}], "timestamp": "1769384487879", "event_type": "price_change"}}
{"_local_timestamp": "2026-01-25T23:41:27.955223+00:00", "data": {"market": "0xaac4a763d1b76646ed69ff0d6a49b09a701799d9fcc6ddf96275ddc1f0b41e7b", "price_changes": [{"asset_id": "2861305146776921171242951029031737179185749195848905136077267186430964686700", "price": "0.85", "size": "5.47", "side": "SELL", "hash": "f0dde8cc2435e6040379873a1b7622f26383f8b9", "best_bid": "0", "best_ask": "0.85"}, {"asset_id": "36440283020173761096990686108430143240313572746247081572057361599072536650982", "price": "0.15", "size": "5.47", "side": "BUY", "hash": "236c6214d2f22bb1bea0547715592312400afc5e", "best_bid": "0.15", "best_ask": "1"}], "timestamp": "1769384487879", "event_type": "price_change"}}
{"_local_timestamp": "2026-01-25T23:41:28.095783+00:00", "data": {"market": "0xaac4a763d1b76646ed69ff0d6a49b09a701799d9fcc6ddf96275ddc1f0b41e7b", "price_changes": [{"asset_id": "2861305146776921171242951029031737179185749195848905136077267186430964686700", "price": "0.86", "size": "0", "side": "SELL", "hash": "c2e5d9ac78a5e472144461b0a98987809e284e6c", "best_bid": "0", "best_ask": "0.85"}, {"asset_id": "36440283020173761096990686108430143240313572746247081572057361599072536650982", "price": "0.14", "size": "0", "side": "BUY", "hash": "39a0c19d48bb75c721d354960390f8a3c2af639b", "best_bid": "0.15", "best_ask": "1"}], "timestamp": "1769384488027", "event_type": "price_change"}}
{"_local_timestamp": "2026-01-25T23:41:28.097231+00:00", "data": {"market": "0x8243ff3762bcd3bb8b1d15e665cdcc35716ff318f96fb4631bb46b9eddf8c86a", "price_changes": [{"asset_id": "84909880410540638760851349939756323384280160356000595880681494003468739085587", "price": "0.16", "size": "0", "side": "SELL", "hash": "80b5865cf31355812f770ed495fdfe2fa2f5c0a8", "best_bid": "0", "best_ask": "0.15"}, {"asset_id": "80154436186274737074522997979313743066759452931198098959504359914163403000674", "price": "0.84", "size": "0", "side": "BUY", "hash": "04e0e39144a13fe6765f260724f712cdd383f410", "best_bid": "0.85", "best_ask": "1"}], "timestamp": "1769384488027", "event_type": "price_change"}}
{"_local_timestamp": "2026-01-25T23:41:28.098663+00:00", "data": {"market": "0xee51dab3cac9f613ef4adde6f4d31c54d0768434f906a8830bcb29a6aa80fd62", "price_changes": [{"asset_id": "43525410081347620429019438629612271308506021187417584292466825241377512975930", "price": "0.92", "size": "0", "side": "SELL", "hash": "7308e35cef8d31f0e9d56d55471ec53e2d621362", "best_bid": "0", "best_ask": "0.91"}, {"asset_id": "63233769642798353880862491463624056549555468632412539687403277969546363593618", "price": "0.08", "size": "0", "side": "BUY", "hash": "885cb661a1bc7f76993fb344996343e88cd091df", "best_bid": "0.09", "best_ask": "1"}], "timestamp": "1769384488027", "event_type": "price_change"}}
{"_local_timestamp": "2026-01-25T23:41:28.385846+00:00", "data": {"market": "0xaac4a763d1b76646ed69ff0d6a49b09a701799d9fcc6ddf96275ddc1f0b41e7b", "price_changes": [{"asset_id": "2861305146776921171242951029031737179185749195848905136077267186430964686700", "price": "0.84", "size": "8.2", "side": "SELL", "hash": "b84bffd53ae170e307e41739ab392eff80c4a4b7", "best_bid": "0", "best_ask": "0.84"}, {"asset_id": "36440283020173761096990686108430143240313572746247081572057361599072536650982", "price": "0.16", "size": "8.2", "side": "BUY", "hash": "b80734c2a6e9f23de73c141716a70a6399bba0e0", "best_bid": "0.16", "best_ask": "1"}], "timestamp": "1769384488311", "event_type": "price_change"}}
{"_local_timestamp": "2026-01-25T23:41:28.388865+00:00", "data": {"market": "0x8243ff3762bcd3bb8b1d15e665cdcc35716ff318f96fb4631bb46b9eddf8c86a", "price_changes": [{"asset_id": "84909880410540638760851349939756323384280160356000595880681494003468739085587", "price": "0.14", "size": "8.2", "side": "SELL", "hash": "ed79b92af20f1d937f5a6364e0cc380ad1a666f5", "best_bid": "0", "best_ask": "0.14"}, {"asset_id": "80154436186274737074522997979313743066759452931198098959504359914163403000674", "price": "0.86", "size": "8.2", "side": "BUY", "hash": "720c3fe26064c1d4f5d9a69a808b3e1fe92b6f18", "best_bid": "0.86", "best_ask": "1"}], "timestamp": "1769384488311", "event_type": "price_change"}}
{"_local_timestamp": "2026-01-25T23:41:28.391680+00:00", "data": {"market": "0xee51dab3cac9f613ef4adde6f4d31c54d0768434f906a8830bcb29a6aa80fd62", "price_changes": [{"asset_id": "43525410081347620429019438629612271308506021187417584292466825241377512975930", "price": "0.9", "size": "8.2", "side": "SELL", "hash": "dd560bab4870b4ef3da8d5c794c373d6571e75e2", "best_bid": "0", "best_ask": "0.9"}, {"asset_id": "63233769642798353880862491463624056549555468632412539687403277969546363593618", "price": "0.1", "size": "8.2", "side": "BUY", "hash": "2a4d910cd4512b1b13221ba0d627764d50ee7d26", "best_bid": "0.1", "best_ask": "1"}], "timestamp": "1769384488312", "event_type": "price_change"}}
{"_local_timestamp": "2026-01-25T23:41:28.579149+00:00", "data": {"market": "0xcdb617d835aa90a8c6f989e15b0f7db83cad61881f9b7cc376ebddfc02e3fe6f", "price_changes": [{"asset_id": "17205059258036519763047896274452667362004729364919245534806651698362948920774", "price": "0.05", "size": "0", "side": "BUY", "hash": "8d4e93c9aee011927486c8de158fb2406730da2b", "best_bid": "0.06", "best_ask": "1"}, {"asset_id": "81824081964236123440688084957864924731834402897456136707584091215379279966782", "price": "0.95", "size": "0", "side": "SELL", "hash": "59356e5e854b45d98defbeb8b70ed8d5974852e5", "best_bid": "0", "best_ask": "0.94"}], "timestamp": "1769384488508", "event_type": "price_change"}}
{"_local_timestamp": "2026-01-25T23:41:28.627471+00:00", "data": {"market": "0xcdb617d835aa90a8c6f989e15b0f7db83cad61881f9b7cc376ebddfc02e3fe6f", "price_changes": [{"asset_id": "17205059258036519763047896274452667362004729364919245534806651698362948920774", "price": "0.06", "size": "13.67", "side": "BUY", "hash": "8ed769742191d8f23e8acbb8adee2dcd3201de35", "best_bid": "0.06", "best_ask": "1"}, {"asset_id": "81824081964236123440688084957864924731834402897456136707584091215379279966782", "price": "0.94", "size": "13.67", "side": "SELL", "hash": "a02d898c9573a336b755f24ff3f3bdc412364287", "best_bid": "0", "best_ask": "0.94"}], "timestamp": "1769384488556", "event_type": "price_change"}}
{"_local_timestamp": "2026-01-25T23:41:28.947441+00:00", "data": {"market": "0xcdb617d835aa90a8c6f989e15b0f7db83cad61881f9b7cc376ebddfc02e3fe6f", "price_changes": [{"asset_id": "81824081964236123440688084957864924731834402897456136707584091215379279966782", "price": "0.94", "size": "5.47", "side": "SELL", "hash": "828b3081e6948e0d50be93c75e7299b1aa6818dc", "best_bid": "0", "best_ask": "0.94"}, {"asset_id": "17205059258036519763047896274452667362004729364919245534806651698362948920774", "price": "0.06", "size": "5.47", "side": "BUY", "hash": "aafe78257d66ccfc93babc7ce0c421ef67697bee", "best_bid": "0.06", "best_ask": "1"}], "timestamp": "1769384488878", "event_type": "price_change"}}
{"_local_timestamp": "2026-01-25T23:41:29.187638+00:00", "data": {"market": "0xcdb617d835aa90a8c6f989e15b0f7db83cad61881f9b7cc376ebddfc02e3fe6f", "price_changes": [{"asset_id": "81824081964236123440688084957864924731834402897456136707584091215379279966782", "price": "0.93", "size": "8.2", "side": "SELL", "hash": "7ded01329c89fb3b9941303bd41c21232a89c080", "best_bid": "0", "best_ask": "0.93"}, {"asset_id": "17205059258036519763047896274452667362004729364919245534806651698362948920774", "price": "0.07", "size": "8.2", "side": "BUY", "hash": "80550266559201575fb34347581db203d5e665f0", "best_bid": "0.07", "best_ask": "1"}], "timestamp": "1769384489110", "event_type": "price_change"}}
{"_local_timestamp": "2026-01-25T23:41:29.442198+00:00", "data": {"market": "0x8243ff3762bcd3bb8b1d15e665cdcc35716ff318f96fb4631bb46b9eddf8c86a", "price_changes": [{"asset_id": "84909880410540638760851349939756323384280160356000595880681494003468739085587", "price": "0.15", "size": "0", "side": "SELL", "hash": "718de837dcc85a5e6fb298453173acca4a749270", "best_bid": "0", "best_ask": "0.14"}, {"asset_id": "80154436186274737074522997979313743066759452931198098959504359914163403000674", "price": "0.85", "size": "0", "side": "BUY", "hash": "946147d9e34772e56a0e787fa45306ac8e8753f7", "best_bid": "0.86", "best_ask": "1"}], "timestamp": "1769384489373", "event_type": "price_change"}}
{"_local_timestamp": "2026-01-25T23:41:29.446036+00:00", "data": {"market": "0xee51dab3cac9f613ef4adde6f4d31c54d0768434f906a8830bcb29a6aa80fd62", "price_changes": [{"asset_id": "43525410081347620429019438629612271308506021187417584292466825241377512975930", "price": "0.91", "size": "0", "side": "SELL", "hash": "ee4e64cb23661ceacfaef7e310d9da41b731acc1", "best_bid": "0", "best_ask": "0.9"}, {"asset_id": "63233769642798353880862491463624056549555468632412539687403277969546363593618", "price": "0.09", "size": "0", "side": "BUY", "hash": "1856514815b4440279095c59ad6bedb53dab4441", "best_bid": "0.1", "best_ask": "1"}], "timestamp": "1769384489373", "event_type": "price_change"}}
{"_local_timestamp": "2026-01-25T23:41:29.465338+00:00", "data": {"market": "0xaac4a763d1b76646ed69ff0d6a49b09a701799d9fcc6ddf96275ddc1f0b41e7b", "price_changes": [{"asset_id": "2861305146776921171242951029031737179185749195848905136077267186430964686700", "price": "0.85", "size": "0", "side": "SELL", "hash": "0105cf84fcbe203282e73af2d0892f11bc648a22", "best_bid": "0", "best_ask": "0.84"}, {"asset_id": "36440283020173761096990686108430143240313572746247081572057361599072536650982", "price": "0.15", "size": "0", "side": "BUY", "hash": "aca2c8756e0305723b898c92f7201403b7caf998", "best_bid": "0.16", "best_ask": "1"}], "timestamp": "1769384489373", "event_type": "price_change"}}
{"_local_timestamp": "2026-01-25T23:41:29.539356+00:00", "data": {"market": "0xee51dab3cac9f613ef4adde6f4d31c54d0768434f906a8830bcb29a6aa80fd62", "price_changes": [{"asset_id": "43525410081347620429019438629612271308506021187417584292466825241377512975930", "price": "0.89", "size": "5.47", "side": "SELL", "hash": "3543968db1be9a0467e2f46a533fe1ab93ff5d23", "best_bid": "0", "best_ask": "0.89"}, {"asset_id": "63233769642798353880862491463624056549555468632412539687403277969546363593618", "price": "0.11", "size": "5.47", "side": "BUY", "hash": "f3f9c1c190a6d679b27f4bd6621a96f6f249bf7f", "best_bid": "0.11", "best_ask": "1"}], "timestamp": "1769384489463", "event_type": "price_change"}}
{"_local_timestamp": "2026-01-25T23:41:29.540985+00:00", "data": {"market": "0xaac4a763d1b76646ed69ff0d6a49b09a701799d9fcc6ddf96275ddc1f0b41e7b", "price_changes": [{"asset_id": "2861305146776921171242951029031737179185749195848905136077267186430964686700", "price": "0.83", "size": "5.47", "side": "SELL", "hash": "c71b62c9ac721cdc0ca76a3f7719dbc1d594f674", "best_bid": "0", "best_ask": "0.83"}, {"asset_id": "36440283020173761096990686108430143240313572746247081572057361599072536650982", "price": "0.17", "size": "5.47", "side": "BUY", "hash": "d641ac724b3ff7a824f4b817e06293863923d715", "best_bid": "0.17", "best_ask": "1"}], "timestamp": "1769384489463", "event_type": "price_change"}}
{"_local_timestamp": "2026-01-25T23:41:29.544701+00:00", "data": {"market": "0x8243ff3762bcd3bb8b1d15e665cdcc35716ff318f96fb4631bb46b9eddf8c86a", "price_changes": [{"asset_id": "84909880410540638760851349939756323384280160356000595880681494003468739085587", "price": "0.13", "size": "5.47", "side": "SELL", "hash": "39b3c75a0d0002508adee1a8996aca8c576eeaf7", "best_bid": "0", "best_ask": "0.13"}, {"asset_id": "80154436186274737074522997979313743066759452931198098959504359914163403000674", "price": "0.87", "size": "5.47", "side": "BUY", "hash": "7e25fed610f0e9bc0600ff4bb36b9d1513d9caac", "best_bid": "0.87", "best_ask": "1"}], "timestamp": "1769384489463", "event_type": "price_change"}}
{"_local_timestamp": "2026-01-25T23:41:29.948645+00:00", "data": {"market": "0xee51dab3cac9f613ef4adde6f4d31c54d0768434f906a8830bcb29a6aa80fd62", "price_changes": [{"asset_id": "43525410081347620429019438629612271308506021187417584292466825241377512975930", "price": "0.9", "size": "0", "side": "SELL", "hash": "40d8bb84fde8509fc4d632530c662fa097ad5971", "best_bid": "0", "best_ask": "0.89"}, {"asset_id": "63233769642798353880862491463624056549555468632412539687403277969546363593618", "price": "0.1", "size": "0", "side": "BUY", "hash": "4458ddb8a2c7ba599373623af3dcb773858301dc", "best_bid": "0.11", "best_ask": "1"}], "timestamp": "1769384489878", "event_type": "price_change"}}
{"_local_timestamp": "2026-01-25T23:41:29.950131+00:00", "data": {"market": "0x8243ff3762bcd3bb8b1d15e665cdcc35716ff318f96fb4631bb46b9eddf8c86a", "price_changes": [{"asset_id": "84909880410540638760851349939756323384280160356000595880681494003468739085587", "price": "0.14", "size": "0", "side": "SELL", "hash": "6dc0f8e9f6a08af3b6b1c08e761b4d5be9836937", "best_bid": "0", "best_ask": "0.13"}, {"asset_id": "80154436186274737074522997979313743066759452931198098959504359914163403000674", "price": "0.86", "size": "0", "side": "BUY", "hash": "24703bc842d1717a7161dd50ba036f2856737419", "best_bid": "0.87", "best_ask": "1"}], "timestamp": "1769384489878", "event_type": "price_change"}}
{"_local_timestamp": "2026-01-25T23:41:29.951424+00:00", "data": {"market": "0xaac4a763d1b76646ed69ff0d6a49b09a701799d9fcc6ddf96275ddc1f0b41e7b", "price_changes": [{"asset_id": "2861305146776921171242951029031737179185749195848905136077267186430964686700", "price": "0.84", "size": "0", "side": "SELL", "hash": "c35505c70958d40c924b2f6b08ef9ceb143cbfd7", "best_bid": "0", "best_ask": "0.83"}, {"asset_id": "36440283020173761096990686108430143240313572746247081572057361599072536650982", "price": "0.16", "size": "0", "side": "BUY", "hash": "18097fba2d565a66684e5eb4ed2f1ba8b9b3e3ac", "best_bid": "0.17", "best_ask": "1"}], "timestamp": "1769384489878", "event_type": "price_change"}}
{"_local_timestamp": "2026-01-25T23:41:30.291027+00:00", "data": {"market": "0xee51dab3cac9f613ef4adde6f4d31c54d0768434f906a8830bcb29a6aa80fd62", "price_changes": [{"asset_id": "43525410081347620429019438629612271308506021187417584292466825241377512975930", "price": "0.88", "size": "8.2", "side": "SELL", "hash": "a92262b0c288bc9e46a165f656c2ac4bd1509499", "best_bid": "0", "best_ask": "0.88"}, {"asset_id": "63233769642798353880862491463624056549555468632412539687403277969546363593618", "price": "0.12", "size": "8.2", "side": "BUY", "hash": "cc4b68a06d22e101d1fcc1d91558eddcf6942858", "best_bid": "0.12", "best_ask": "1"}], "timestamp": "1769384490218", "event_type": "price_change"}}
{"_local_timestamp": "2026-01-25T23:41:30.292382+00:00", "data": {"market": "0xaac4a763d1b76646ed69ff0d6a49b09a701799d9fcc6ddf96275ddc1f0b41e7b", "price_changes": [{"asset_id": "2861305146776921171242951029031737179185749195848905136077267186430964686700", "price": "0.82", "size": "8.2", "side": "SELL", "hash": "fbd926a4abbe746db328fb899427f6661f8f5a27", "best_bid": "0", "best_ask": "0.82"}, {"asset_id": "36440283020173761096990686108430143240313572746247081572057361599072536650982", "price": "0.18", "size": "8.2", "side": "BUY", "hash": "b848d446872955f8b1be92c9940c3ea382e4d34f", "best_bid": "0.18", "best_ask": "1"}], "timestamp": "1769384490218", "event_type": "price_change"}}
{"_local_timestamp": "2026-01-25T23:41:30.293638+00:00", "data": {"market": "0x8243ff3762bcd3bb8b1d15e665cdcc35716ff318f96fb4631bb46b9eddf8c86a", "price_changes": [{"asset_id": "84909880410540638760851349939756323384280160356000595880681494003468739085587", "price": "0.12", "size": "8.2", "side": "SELL", "hash": "c82c2aa391b9056857374a5caa6218a7a00dd453", "best_bid": "0", "best_ask": "0.12"}, {"asset_id": "80154436186274737074522997979313743066759452931198098959504359914163403000674", "price": "0.88", "size": "8.2", "side": "BUY", "hash": "ddc73cba569db97addcedfa0b4ad38ac7c20630c", "best_bid": "0.88", "best_ask": "1"}], "timestamp": "1769384490218", "event_type": "price_change"}}
{"_local_timestamp": "2026-01-25T23:41:30.502722+00:00", "data": {"market": "0x7574b1281bb4b70889c1eddb6c792dfaa230fd6568d4fa08ff48a7b7d0da0ecf", "price_changes": [{"asset_id": "34958021056734425606207493027963264830364280132203939603257911082582091988838", "price": "0.41", "size": "487", "side": "BUY", "hash": "8d4b84dc120658c4e3ed9395a4c7d4bb878a470e", "best_bid": "0.55", "best_ask": "0.91"}, {"asset_id": "21925343071659716343842350944923307771324323480583567738204826742567392450228", "price": "0.59", "size": "487", "side": "SELL", "hash": "cdeaccf8c37beba13c3c14054baba6ebf4e42fb3", "best_bid": "0.09", "best_ask": "0.45"}], "timestamp": "1769384490430", "event_type": "price_change"}}
{"_local_timestamp": "2026-01-25T23:41:30.822893+00:00", "data": {"market": "0xaac4a763d1b76646ed69ff0d6a49b09a701799d9fcc6ddf96275ddc1f0b41e7b", "price_changes": [{"asset_id": "2861305146776921171242951029031737179185749195848905136077267186430964686700", "price": "0.83", "size": "0", "side": "SELL", "hash": "1745c6667c14f356fe760cdce80fdb604e47aece", "best_bid": "0", "best_ask": "0.82"}, {"asset_id": "36440283020173761096990686108430143240313572746247081572057361599072536650982", "price": "0.17", "size": "0", "side": "BUY", "hash": "89c35057dd43a963bb0d4ba55f4d286cbb18e506", "best_bid": "0.18", "best_ask": "1"}], "timestamp": "1769384490758", "event_type": "price_change"}}
{"_local_timestamp": "2026-01-25T23:41:30.825415+00:00", "data": {"market": "0x8243ff3762bcd3bb8b1d15e665cdcc35716ff318f96fb4631bb46b9eddf8c86a", "price_changes": [{"asset_id": "84909880410540638760851349939756323384280160356000595880681494003468739085587", "price": "0.13", "size": "0", "side": "SELL", "hash": "71ff578e9427c3a279c070fd4af8b6669a4307a9", "best_bid": "0", "best_ask": "0.12"}, {"asset_id": "80154436186274737074522997979313743066759452931198098959504359914163403000674", "price": "0.87", "size": "0", "side": "BUY", "hash": "ce8871ca397bf55512b1496b81fe98540c3da0f1", "best_bid": "0.88", "best_ask": "1"}], "timestamp": "1769384490758", "event_type": "price_change"}}
{"_local_timestamp": "2026-01-25T23:41:30.826764+00:00", "data": {"market": "0xee51dab3cac9f613ef4adde6f4d31c54d0768434f906a8830bcb29a6aa80fd62", "price_changes": [{"asset_id": "43525410081347620429019438629612271308506021187417584292466825241377512975930", "price": "0.89", "size": "0", "side": "SELL", "hash": "58d9e1ff50539e306625555bdecd8e7cdfa4e394", "best_bid": "0", "best_ask": "0.88"}, {"asset_id": "63233769642798353880862491463624056549555468632412539687403277969546363593618", "price": "0.11", "size": "0", "side": "BUY", "hash": "f1ea60502ffab2447f49a0898bcfa953049432a0", "best_bid": "0.12", "best_ask": "1"}], "timestamp": "1769384490758", "event_type": "price_change"}}
{"_local_timestamp": "2026-01-25T23:41:30.880372+00:00", "data": {"market": "0xaac4a763d1b76646ed69ff0d6a49b09a701799d9fcc6ddf96275ddc1f0b41e7b", "price_changes": [{"asset_id": "2861305146776921171242951029031737179185749195848905136077267186430964686700", "price": "0.81", "size": "5.47", "side": "SELL", "hash": "60b93dff2c70374a84ebde4fdaad0b71a1d4aa74", "best_bid": "0", "best_ask": "0.81"}, {"asset_id": "36440283020173761096990686108430143240313572746247081572057361599072536650982", "price": "0.19", "size": "5.47", "side": "BUY", "hash": "4e4c365d4853ab44bba1ee00a5a73c43b1c0f34b", "best_bid": "0.19", "best_ask": "1"}], "timestamp": "1769384490809", "event_type": "price_change"}}
{"_local_timestamp": "2026-01-25T23:41:30.930632+00:00", "data": {"market": "0x8243ff3762bcd3bb8b1d15e665cdcc35716ff318f96fb4631bb46b9eddf8c86a", "price_changes": [{"asset_id": "84909880410540638760851349939756323384280160356000595880681494003468739085587", "price": "0.11", "size": "5.47", "side": "SELL", "hash": "8013961df861ab4563275ccf28b1ba6750d00161", "best_bid": "0", "best_ask": "0.11"}, {"asset_id": "80154436186274737074522997979313743066759452931198098959504359914163403000674", "price": "0.89", "size": "5.47", "side": "BUY", "hash": "df35e0700c793b4255eb040059e896a9a2403b11", "best_bid": "0.89", "best_ask": "1"}], "timestamp": "1769384490863", "event_type": "price_change"}}
{"_local_timestamp": "2026-01-25T23:41:30.932184+00:00", "data": {"market": "0xee51dab3cac9f613ef4adde6f4d31c54d0768434f906a8830bcb29a6aa80fd62", "price_changes": [{"asset_id": "43525410081347620429019438629612271308506021187417584292466825241377512975930", "price": "0.87", "size": "5.47", "side": "SELL", "hash": "88061ac7e7f85407eeded61ac035477efabc861d", "best_bid": "0", "best_ask": "0.87"}, {"asset_id": "63233769642798353880862491463624056549555468632412539687403277969546363593618", "price": "0.13", "size": "5.47", "side": "BUY", "hash": "31ba844aefb23c5f59354049a7908c60dd4ab5c0", "best_bid": "0.13", "best_ask": "1"}], "timestamp": "1769384490863", "event_type": "price_change"}}
{"_local_timestamp": "2026-01-25T23:41:31.220607+00:00", "data": {"market": "0xaac4a763d1b76646ed69ff0d6a49b09a701799d9fcc6ddf96275ddc1f0b41e7b", "price_changes": [{"asset_id": "2861305146776921171242951029031737179185749195848905136077267186430964686700", "price": "0.82", "size": "0", "side": "SELL", "hash": "6069aaaaeb52545ee7bc671ef317fa8b20d137c4", "best_bid": "0", "best_ask": "0.81"}, {"asset_id": "36440283020173761096990686108430143240313572746247081572057361599072536650982", "price": "0.18", "size": "0", "side": "BUY", "hash": "1574be4cf23086edba27030e7053ae3fe73de084", "best_bid": "0.19", "best_ask": "1"}], "timestamp": "1769384491143", "event_type": "price_change"}}
{"_local_timestamp": "2026-01-25T23:41:31.221989+00:00", "data": {"market": "0xee51dab3cac9f613ef4adde6f4d31c54d0768434f906a8830bcb29a6aa80fd62", "price_changes": [{"asset_id": "43525410081347620429019438629612271308506021187417584292466825241377512975930", "price": "0.88", "size": "0", "side": "SELL", "hash": "a44426f0bd93a427f02f648b933aba64c555aec2", "best_bid": "0", "best_ask": "0.87"}, {"asset_id": "63233769642798353880862491463624056549555468632412539687403277969546363593618", "price": "0.12", "size": "0", "side": "BUY", "hash": "9faeba24995d95dd37b5ca2594af241c4aa5ac2c", "best_bid": "0.13", "best_ask": "1"}], "timestamp": "1769384491143", "event_type": "price_change"}}
{"_local_timestamp": "2026-01-25T23:41:31.224047+00:00", "data": {"market": "0x8243ff3762bcd3bb8b1d15e665cdcc35716ff318f96fb4631bb46b9eddf8c86a", "price_changes": [{"asset_id": "84909880410540638760851349939756323384280160356000595880681494003468739085587", "price": "0.12", "size": "0", "side": "SELL", "hash": "911ad28085385e5f8d6ed46633487e572090a21f", "best_bid": "0", "best_ask": "0.11"}, {"asset_id": "80154436186274737074522997979313743066759452931198098959504359914163403000674", "price": "0.88", "size": "0", "side": "BUY", "hash": "279b7b422ae97ea8c567ca26d5b472ad93bdf051", "best_bid": "0.89", "best_ask": "1"}], "timestamp": "1769384491143", "event_type": "price_change"}}
{"_local_timestamp": "2026-01-25T23:41:31.653478+00:00", "data": {"market": "0xee51dab3cac9f613ef4adde6f4d31c54d0768434f906a8830bcb29a6aa80fd62", "price_changes": [{"asset_id": "43525410081347620429019438629612271308506021187417584292466825241377512975930", "price": "0.86", "size": "8.2", "side": "SELL", "hash": "89f8f6f0f678e5c17b61eb494313400c9773b16e", "best_bid": "0", "best_ask": "0.86"}, {"asset_id": "63233769642798353880862491463624056549555468632412539687403277969546363593618", "price": "0.14", "size": "8.2", "side": "BUY", "hash": "3cde0febf58727c2c503574fcffe22392aa5a7d3", "best_bid": "0.14", "best_ask": "1"}], "timestamp": "1769384491582", "event_type": "price_change"}}
{"_local_timestamp": "2026-01-25T23:41:31.656173+00:00", "data": {"market": "0xaac4a763d1b76646ed69ff0d6a49b09a701799d9fcc6ddf96275ddc1f0b41e7b", "price_changes": [{"asset_id": "2861305146776921171242951029031737179185749195848905136077267186430964686700", "price": "0.8", "size": "8.2", "side": "SELL", "hash": "41e820704fd96c3750b7e7fdab9787b724781be4", "best_bid": "0", "best_ask": "0.8"}, {"asset_id": "36440283020173761096990686108430143240313572746247081572057361599072536650982", "price": "0.2", "size": "8.2", "side": "BUY", "hash": "39a33ab0aff1f4c14ed7bb74a48c08f0b882b1e1", "best_bid": "0.2", "best_ask": "1"}], "timestamp": "1769384491582", "event_type": "price_change"}}
{"_local_timestamp": "2026-01-25T23:41:31.657579+00:00", "data": {"market": "0x8243ff3762bcd3bb8b1d15e665cdcc35716ff318f96fb4631bb46b9eddf8c86a", "price_changes": [{"asset_id": "84909880410540638760851349939756323384280160356000595880681494003468739085587", "price": "0.1", "size": "8.2", "side": "SELL", "hash": "e7990bcb1142771401cac1d70755e4048e63be83", "best_bid": "0", "best_ask": "0.1"}, {"asset_id": "80154436186274737074522997979313743066759452931198098959504359914163403000674", "price": "0.9", "size": "8.2", "side": "BUY", "hash": "2b83df49ff96fdf838bf97e6f36a4b0da47ca559", "best_bid": "0.9", "best_ask": "1"}], "timestamp": "1769384491582", "event_type": "price_change"}}
{"_local_timestamp": "2026-01-25T23:41:34.060213+00:00", "data": {"market": "0xaac4a763d1b76646ed69ff0d6a49b09a701799d9fcc6ddf96275ddc1f0b41e7b", "price_changes": [{"asset_id": "2861305146776921171242951029031737179185749195848905136077267186430964686700", "price": "0.81", "size": "0", "side": "SELL", "hash": "83cecf5c53ce45c005bbe619f10cf6c7b53889e0", "best_bid": "0", "best_ask": "0.8"}, {"asset_id": "36440283020173761096990686108430143240313572746247081572057361599072536650982", "price": "0.19", "size": "0", "side": "BUY", "hash": "46924e4d3b5175170dfd0e809942480e885bdb61", "best_bid": "0.2", "best_ask": "1"}], "timestamp": "1769384493991", "event_type": "price_change"}}
{"_local_timestamp": "2026-01-25T23:41:34.066553+00:00", "data": {"market": "0xee51dab3cac9f613ef4adde6f4d31c54d0768434f906a8830bcb29a6aa80fd62", "price_changes": [{"asset_id": "43525410081347620429019438629612271308506021187417584292466825241377512975930", "price": "0.87", "size": "0", "side": "SELL", "hash": "08952c34453371ef9b1dbc70559c6a1e1e28ae8b", "best_bid": "0", "best_ask": "0.86"}, {"asset_id": "63233769642798353880862491463624056549555468632412539687403277969546363593618", "price": "0.13", "size": "0", "side": "BUY", "hash": "be38304f1d95bdb942b5c72b2b4c723ed99ba2a8", "best_bid": "0.14", "best_ask": "1"}], "timestamp": "1769384493991", "event_type": "price_change"}}
{"_local_timestamp": "2026-01-25T23:41:34.068121+00:00", "data": {"market": "0x8243ff3762bcd3bb8b1d15e665cdcc35716ff318f96fb4631bb46b9eddf8c86a", "price_changes": [{"asset_id": "84909880410540638760851349939756323384280160356000595880681494003468739085587", "price": "0.11", "size": "0", "side": "SELL", "hash": "d7339ddd862eba00f4aeebc32501868ba53564ec", "best_bid": "0", "best_ask": "0.1"}, {"asset_id": "80154436186274737074522997979313743066759452931198098959504359914163403000674", "price": "0.89", "size": "0", "side": "BUY", "hash": "f42999ea3bdfc36ea1fe97a9bfe7639d2feb84ab", "best_bid": "0.9", "best_ask": "1"}], "timestamp": "1769384493991", "event_type": "price_change"}}
{"_local_timestamp": "2026-01-25T23:41:34.114055+00:00", "data": {"market": "0xaac4a763d1b76646ed69ff0d6a49b09a701799d9fcc6ddf96275ddc1f0b41e7b", "price_changes": [{"asset_id": "2861305146776921171242951029031737179185749195848905136077267186430964686700", "price": "0.79", "size": "5.47", "side": "SELL", "hash": "6069854d790ca79f769cc22d6ab9895478d6cf4b", "best_bid": "0", "best_ask": "0.79"}, {"asset_id": "36440283020173761096990686108430143240313572746247081572057361599072536650982", "price": "0.21", "size": "5.47", "side": "BUY", "hash": "60dcf7aa949940bbc9484d710b7956fac0f52614", "best_bid": "0.21", "best_ask": "1"}], "timestamp": "1769384494042", "event_type": "price_change"}}
{"_local_timestamp": "2026-01-25T23:41:34.152002+00:00", "data": {"market": "0xee51dab3cac9f613ef4adde6f4d31c54d0768434f906a8830bcb29a6aa80fd62", "price_changes": [{"asset_id": "43525410081347620429019438629612271308506021187417584292466825241377512975930", "price": "0.85", "size": "5.47", "side": "SELL", "hash": "5c3bcb1a679c076b0f68ac3b89a3addd261d5d80", "best_bid": "0", "best_ask": "0.85"}, {"asset_id": "63233769642798353880862491463624056549555468632412539687403277969546363593618", "price": "0.15", "size": "5.47", "side": "BUY", "hash": "48d98fcb6ab3348d4f634f3aea7c9e89a726a948", "best_bid": "0.15", "best_ask": "1"}], "timestamp": "1769384494081", "event_type": "price_change"}}
{"_local_timestamp": "2026-01-25T23:41:34.153556+00:00", "data": {"market": "0x8243ff3762bcd3bb8b1d15e665cdcc35716ff318f96fb4631bb46b9eddf8c86a", "price_changes": [{"asset_id": "84909880410540638760851349939756323384280160356000595880681494003468739085587", "price": "0.1", "size": "13.67", "side": "SELL", "hash": "3fed74ef32c876a447e27f9a40e215f5aa7d3729", "best_bid": "0", "best_ask": "0.1"}, {"asset_id": "80154436186274737074522997979313743066759452931198098959504359914163403000674", "price": "0.9", "size": "13.67", "side": "BUY", "hash": "1be306339f47cf2efddecefc07838ee8569a9d17", "best_bid": "0.9", "best_ask": "1"}], "timestamp": "1769384494082", "event_type": "price_change"}}
{"_local_timestamp": "2026-01-25T23:41:34.287964+00:00", "data": {"market": "0xee51dab3cac9f613ef4adde6f4d31c54d0768434f906a8830bcb29a6aa80fd62", "price_changes": [{"asset_id": "43525410081347620429019438629612271308506021187417584292466825241377512975930", "price": "0.86", "size": "0", "side": "SELL", "hash": "7feda7df89edc1848fcd68dd16071039d466e1bf", "best_bid": "0", "best_ask": "0.85"}, {"asset_id": "63233769642798353880862491463624056549555468632412539687403277969546363593618", "price": "0.14", "size": "0", "side": "BUY", "hash": "e957cb37eb85441fcb3e8b33c13be791b8961aa1", "best_bid": "0.15", "best_ask": "1"}], "timestamp": "1769384494209", "event_type": "price_change"}}
{"_local_timestamp": "2026-01-25T23:41:34.289995+00:00", "data": {"market": "0xaac4a763d1b76646ed69ff0d6a49b09a701799d9fcc6ddf96275ddc1f0b41e7b", "price_changes": [{"asset_id": "2861305146776921171242951029031737179185749195848905136077267186430964686700", "price": "0.8", "size": "0", "side": "SELL", "hash": "28f18a774a62ed0919890eb66f1eaa269af5d100", "best_bid": "0", "best_ask": "0.79"}, {"asset_id": "36440283020173761096990686108430143240313572746247081572057361599072536650982", "price": "0.2", "size": "0", "side": "BUY", "hash": "9a68c0c7704f0059eb33bc82dc52a7beb12fc402", "best_bid": "0.21", "best_ask": "1"}], "timestamp": "1769384494209", "event_type": "price_change"}}
{"_local_timestamp": "2026-01-25T23:41:34.291430+00:00", "data": {"market": "0x8243ff3762bcd3bb8b1d15e665cdcc35716ff318f96fb4631bb46b9eddf8c86a", "price_changes": [{"asset_id": "84909880410540638760851349939756323384280160356000595880681494003468739085587", "price": "0.1", "size": "5.47", "side": "SELL", "hash": "4a1d0ba4c01b5a4a3336484f9f3ba28909c88ea9", "best_bid": "0", "best_ask": "0.1"}, {"asset_id": "80154436186274737074522997979313743066759452931198098959504359914163403000674", "price": "0.9", "size": "5.47", "side": "BUY", "hash": "ea90cd4900daef3cca0741b434173c149679e8bb", "best_bid": "0.9", "best_ask": "1"}], "timestamp": "1769384494209", "event_type": "price_change"}}
{"_local_timestamp": "2026-01-25T23:41:34.565895+00:00", "data": {"market": "0xaac4a763d1b76646ed69ff0d6a49b09a701799d9fcc6ddf96275ddc1f0b41e7b", "price_changes": [{"asset_id": "2861305146776921171242951029031737179185749195848905136077267186430964686700", "price": "0.78", "size": "8.2", "side": "SELL", "hash": "a6de307ec2af10b84ac56e3968108b3ee15b6242", "best_bid": "0", "best_ask": "0.78"}, {"asset_id": "36440283020173761096990686108430143240313572746247081572057361599072536650982", "price": "0.22", "size": "8.2", "side": "BUY", "hash": "bf686de80db3617e4b12341a3ee715d3e2c8d01b", "best_bid": "0.22", "best_ask": "1"}], "timestamp": "1769384494494", "event_type": "price_change"}}
{"_local_timestamp": "2026-01-25T23:41:34.570026+00:00", "data": {"market": "0xee51dab3cac9f613ef4adde6f4d31c54d0768434f906a8830bcb29a6aa80fd62", "price_changes": [{"asset_id": "43525410081347620429019438629612271308506021187417584292466825241377512975930", "price": "0.84", "size": "8.2", "side": "SELL", "hash": "55869bb7c76e365d03caee6619868bc40e80f9a0", "best_bid": "0", "best_ask": "0.84"}, {"asset_id": "63233769642798353880862491463624056549555468632412539687403277969546363593618", "price": "0.16", "size": "8.2", "side": "BUY", "hash": "ee5c429532a13d7b235f5f74a6eacf9d40a23f32", "best_bid": "0.16", "best_ask": "1"}], "timestamp": "1769384494494", "event_type": "price_change"}}
{"_local_timestamp": "2026-01-25T23:41:34.571924+00:00", "data": {"market": "0x8243ff3762bcd3bb8b1d15e665cdcc35716ff318f96fb4631bb46b9eddf8c86a", "price_changes": [{"asset_id": "84909880410540638760851349939756323384280160356000595880681494003468739085587", "price": "0.09", "size": "8.2", "side": "SELL", "hash": "1994c0e9691eea51ed6a07609b5a2927c2ee5d17", "best_bid": "0", "best_ask": "0.09"}, {"asset_id": "80154436186274737074522997979313743066759452931198098959504359914163403000674", "price": "0.91", "size": "8.2", "side": "BUY", "hash": "95dad2faf6b58496b0469d5e3db248fddd551768", "best_bid": "0.91", "best_ask": "1"}], "timestamp": "1769384494494", "event_type": "price_change"}}
{"_local_timestamp": "2026-01-25T23:41:34.955418+00:00", "data": {"market": "0xcdb617d835aa90a8c6f989e15b0f7db83cad61881f9b7cc376ebddfc02e3fe6f", "price_changes": [{"asset_id": "17205059258036519763047896274452667362004729364919245534806651698362948920774", "price": "0.06", "size": "0", "side": "BUY", "hash": "4abe7c246891fa4076e6eae3ff48b5118542d2f9", "best_bid": "0.07", "best_ask": "1"}, {"asset_id": "81824081964236123440688084957864924731834402897456136707584091215379279966782", "price": "0.94", "size": "0", "side": "SELL", "hash": "ed4b20b75a1ea07f144788d6f1fa1a3ca9fcb838", "best_bid": "0", "best_ask": "0.93"}], "timestamp": "1769384494883", "event_type": "price_change"}}
{"_local_timestamp": "2026-01-25T23:41:34.994384+00:00", "data": {"market": "0xcdb617d835aa90a8c6f989e15b0f7db83cad61881f9b7cc376ebddfc02e3fe6f", "price_changes": [{"asset_id": "17205059258036519763047896274452667362004729364919245534806651698362948920774", "price": "0.07", "size": "13.67", "side": "BUY", "hash": "18ff67d50b57bf53fc9f5d7f806a307c25923f3a", "best_bid": "0.07", "best_ask": "1"}, {"asset_id": "81824081964236123440688084957864924731834402897456136707584091215379279966782", "price": "0.93", "size": "13.67", "side": "SELL", "hash": "9efe0388e6bcdab86bb491d077dbbd265d20a0f2", "best_bid": "0", "best_ask": "0.93"}], "timestamp": "1769384494928", "event_type": "price_change"}}
{"_local_timestamp": "2026-01-25T23:41:35.555351+00:00", "data": {"market": "0xcdb617d835aa90a8c6f989e15b0f7db83cad61881f9b7cc376ebddfc02e3fe6f", "price_changes": [{"asset_id": "81824081964236123440688084957864924731834402897456136707584091215379279966782", "price": "0.93", "size": "5.47", "side": "SELL", "hash": "57b09c715a59b3ede1098ea799c45e16df93e4ca", "best_bid": "0", "best_ask": "0.93"}, {"asset_id": "17205059258036519763047896274452667362004729364919245534806651698362948920774", "price": "0.07", "size": "5.47", "side": "BUY", "hash": "3750e13878f2d78790fe1b878eef5af4d4807332", "best_bid": "0.07", "best_ask": "1"}], "timestamp": "1769384495488", "event_type": "price_change"}}
{"_local_timestamp": "2026-01-25T23:41:35.650390+00:00", "data": {"market": "0xaac4a763d1b76646ed69ff0d6a49b09a701799d9fcc6ddf96275ddc1f0b41e7b", "price_changes": [{"asset_id": "2861305146776921171242951029031737179185749195848905136077267186430964686700", "price": "0.79", "size": "0", "side": "SELL", "hash": "55bd928c8beaa544cc0d596ceaa152a3228920d5", "best_bid": "0", "best_ask": "0.78"}, {"asset_id": "36440283020173761096990686108430143240313572746247081572057361599072536650982", "price": "0.21", "size": "0", "side": "BUY", "hash": "6702b89e38ebc64c61e854dbf9c0655001c0772a", "best_bid": "0.22", "best_ask": "1"}], "timestamp": "1769384495582", "event_type": "price_change"}}
{"_local_timestamp": "2026-01-25T23:41:35.654514+00:00", "data": {"market": "0xee51dab3cac9f613ef4adde6f4d31c54d0768434f906a8830bcb29a6aa80fd62", "price_changes": [{"asset_id": "43525410081347620429019438629612271308506021187417584292466825241377512975930", "price": "0.85", "size": "0", "side": "SELL", "hash": "db23e3fae1fc6ee3b0527cd79b882cf6a583f022", "best_bid": "0", "best_ask": "0.84"}, {"asset_id": "63233769642798353880862491463624056549555468632412539687403277969546363593618", "price": "0.15", "size": "0", "side": "BUY", "hash": "5843de72e1f77fd24bee974d655d501615dd39c0", "best_bid": "0.16", "best_ask": "1"}], "timestamp": "1769384495582", "event_type": "price_change"}}
{"_local_timestamp": "2026-01-25T23:41:35.658940+00:00", "data": {"market": "0x8243ff3762bcd3bb8b1d15e665cdcc35716ff318f96fb4631bb46b9eddf8c86a", "price_changes": [{"asset_id": "84909880410540638760851349939756323384280160356000595880681494003468739085587", "price": "0.1", "size": "0", "side": "SELL", "hash": "20795f32381a694dbb1b7f7ef9ad6926f59d71a9", "best_bid": "0", "best_ask": "0.09"}, {"asset_id": "80154436186274737074522997979313743066759452931198098959504359914163403000674", "price": "0.9", "size": "0", "side": "BUY", "hash": "b82be1aadb8c2cb09dfebef5175d44e002fe201a", "best_bid": "0.91", "best_ask": "1"}], "timestamp": "1769384495582", "event_type": "price_change"}}
{"_local_timestamp": "2026-01-25T23:41:35.742000+00:00", "data": {"market": "0xaac4a763d1b76646ed69ff0d6a49b09a701799d9fcc6ddf96275ddc1f0b41e7b", "price_changes": [{"asset_id": "2861305146776921171242951029031737179185749195848905136077267186430964686700", "price": "0.77", "size": "5.47", "side": "SELL", "hash": "bc40f13fb2001350d3c81af904e638860b8152c3", "best_bid": "0", "best_ask": "0.77"}, {"asset_id": "36440283020173761096990686108430143240313572746247081572057361599072536650982", "price": "0.23", "size": "5.47", "side": "BUY", "hash": "4bb1238c153f108e06c92ba72e9c1699e1f57479", "best_bid": "0.23", "best_ask": "1"}], "timestamp": "1769384495673", "event_type": "price_change"}}
{"_local_timestamp": "2026-01-25T23:41:35.745202+00:00", "data": {"market": "0xee51dab3cac9f613ef4adde6f4d31c54d0768434f906a8830bcb29a6aa80fd62", "price_changes": [{"asset_id": "43525410081347620429019438629612271308506021187417584292466825241377512975930", "price": "0.83", "size": "5.47", "side": "SELL", "hash": "47dc6449bfd2010add2a15a8f873d735b66ec10f", "best_bid": "0", "best_ask": "0.83"}, {"asset_id": "63233769642798353880862491463624056549555468632412539687403277969546363593618", "price": "0.17", "size": "5.47", "side": "BUY", "hash": "de6769420998868eaaefd5b7526cd78961c8f283", "best_bid": "0.17", "best_ask": "1"}], "timestamp": "1769384495673", "event_type": "price_change"}}
{"_local_timestamp": "2026-01-25T23:41:35.785725+00:00", "data": {"market": "0x8243ff3762bcd3bb8b1d15e665cdcc35716ff318f96fb4631bb46b9eddf8c86a", "price_changes": [{"asset_id": "84909880410540638760851349939756323384280160356000595880681494003468739085587", "price": "0.08", "size": "5.47", "side": "SELL", "hash": "c44015cebafe4c2671a46b0ffad2374752fd2ce4", "best_bid": "0", "best_ask": "0.08"}, {"asset_id": "80154436186274737074522997979313743066759452931198098959504359914163403000674", "price": "0.92", "size": "5.47", "side": "BUY", "hash": "f9040c42da2825bc6fc4b6a68aef70d241a30ea6", "best_bid": "0.92", "best_ask": "1"}], "timestamp": "1769384495708", "event_type": "price_change"}}
{"_local_timestamp": "2026-01-25T23:41:35.812217+00:00", "data": {"market": "0xcdb617d835aa90a8c6f989e15b0f7db83cad61881f9b7cc376ebddfc02e3fe6f", "price_changes": [{"asset_id": "81824081964236123440688084957864924731834402897456136707584091215379279966782", "price": "0.92", "size": "8.2", "side": "SELL", "hash": "085b253dd83383e044e74def51c2f076e21bdcac", "best_bid": "0", "best_ask": "0.92"}, {"asset_id": "17205059258036519763047896274452667362004729364919245534806651698362948920774", "price": "0.08", "size": "8.2", "side": "BUY", "hash": "bef2e754c586625babf7a51b7a4ea34af5ed5a88", "best_bid": "0.08", "best_ask": "1"}], "timestamp": "1769384495744", "event_type": "price_change"}}
{"_local_timestamp": "2026-01-25T23:41:35.975360+00:00", "data": {"market": "0xee51dab3cac9f613ef4adde6f4d31c54d0768434f906a8830bcb29a6aa80fd62", "price_changes": [{"asset_id": "43525410081347620429019438629612271308506021187417584292466825241377512975930", "price": "0.84", "size": "0", "side": "SELL", "hash": "5ace4094f3b862cfc8387408f923af9206c636c2", "best_bid": "0", "best_ask": "0.83"}, {"asset_id": "63233769642798353880862491463624056549555468632412539687403277969546363593618", "price": "0.16", "size": "0", "side": "BUY", "hash": "e504bd486186e514d38d9ac19dfdb0dab4c465ac", "best_bid": "0.17", "best_ask": "1"}], "timestamp": "1769384495907", "event_type": "price_change"}}
{"_local_timestamp": "2026-01-25T23:41:35.978918+00:00", "data": {"market": "0x8243ff3762bcd3bb8b1d15e665cdcc35716ff318f96fb4631bb46b9eddf8c86a", "price_changes": [{"asset_id": "84909880410540638760851349939756323384280160356000595880681494003468739085587", "price": "0.09", "size": "0", "side": "SELL", "hash": "465057e9eac8e70d5b318d8b5483011ba0a6f21b", "best_bid": "0", "best_ask": "0.08"}, {"asset_id": "80154436186274737074522997979313743066759452931198098959504359914163403000674", "price": "0.91", "size": "0", "side": "BUY", "hash": "f6e5c79dd6dd65b582d4c0332eea4d4902ddbffc", "best_bid": "0.92", "best_ask": "1"}], "timestamp": "1769384495907", "event_type": "price_change"}}
{"_local_timestamp": "2026-01-25T23:41:35.981467+00:00", "data": {"market": "0xaac4a763d1b76646ed69ff0d6a49b09a701799d9fcc6ddf96275ddc1f0b41e7b", "price_changes": [{"asset_id": "2861305146776921171242951029031737179185749195848905136077267186430964686700", "price": "0.78", "size": "0", "side": "SELL", "hash": "3b426c7f6a3c72d1fbd7fe56b2b6e3ba454b720b", "best_bid": "0", "best_ask": "0.77"}, {"asset_id": "36440283020173761096990686108430143240313572746247081572057361599072536650982", "price": "0.22", "size": "0", "side": "BUY", "hash": "1b39641d8e9c85be3e617f2225e4015542ca60a3", "best_bid": "0.23", "best_ask": "1"}], "timestamp": "1769384495907", "event_type": "price_change"}}
{"_local_timestamp": "2026-01-25T23:41:36.313657+00:00", "data": {"market": "0xaac4a763d1b76646ed69ff0d6a49b09a701799d9fcc6ddf96275ddc1f0b41e7b", "price_changes": [{"asset_id": "2861305146776921171242951029031737179185749195848905136077267186430964686700", "price": "0.76", "size": "8.2", "side": "SELL", "hash": "204917ae36f06b313e50ed63a604ffbd64072bd4", "best_bid": "0", "best_ask": "0.76"}, {"asset_id": "36440283020173761096990686108430143240313572746247081572057361599072536650982", "price": "0.24", "size": "8.2", "side": "BUY", "hash": "ae2f864be67042d1e8d88ea77490a7b6aeb7adc8", "best_bid": "0.24", "best_ask": "1"}], "timestamp": "1769384496238", "event_type": "price_change"}}
{"_local_timestamp": "2026-01-25T23:41:36.317132+00:00", "data": {"market": "0xee51dab3cac9f613ef4adde6f4d31c54d0768434f906a8830bcb29a6aa80fd62", "price_changes": [{"asset_id": "43525410081347620429019438629612271308506021187417584292466825241377512975930", "price": "0.82", "size": "8.2", "side": "SELL", "hash": "29fedf30940c9f07eec3e5317cd0705daa67cc93", "best_bid": "0", "best_ask": "0.82"}, {"asset_id": "63233769642798353880862491463624056549555468632412539687403277969546363593618", "price": "0.18", "size": "8.2", "side": "BUY", "hash": "2f41165016d2570f428d952f9b0346e0505d6c89", "best_bid": "0.18", "best_ask": "1"}], "timestamp": "1769384496238", "event_type": "price_change"}}
{"_local_timestamp": "2026-01-25T23:41:36.318986+00:00", "data": {"market": "0x8243ff3762bcd3bb8b1d15e665cdcc35716ff318f96fb4631bb46b9eddf8c86a", "price_changes": [{"asset_id": "84909880410540638760851349939756323384280160356000595880681494003468739085587", "price": "0.07", "size": "8.2", "side": "SELL", "hash": "e4bea6579ced2747e8a781dd4244aa103c1a8281", "best_bid": "0", "best_ask": "0.07"}, {"asset_id": "80154436186274737074522997979313743066759452931198098959504359914163403000674", "price": "0.93", "size": "8.2", "side": "BUY", "hash": "d764a82807a657bc96a056d33a482fa232bb74c1", "best_bid": "0.93", "best_ask": "1"}], "timestamp": "1769384496238", "event_type": "price_change"}}
{"_local_timestamp": "2026-01-25T23:41:37.078234+00:00", "data": {"market": "0x7574b1281bb4b70889c1eddb6c792dfaa230fd6568d4fa08ff48a7b7d0da0ecf", "price_changes": [{"asset_id": "34958021056734425606207493027963264830364280132203939603257911082582091988838", "price": "0.41", "size": "0", "side": "BUY", "hash": "5bf806003c068fd5a051a49935bcd1542ac9a24b", "best_bid": "0.55", "best_ask": "0.91"}, {"asset_id": "21925343071659716343842350944923307771324323480583567738204826742567392450228", "price": "0.59", "size": "0", "side": "SELL", "hash": "cab568dbe125c92b6f8c855c4e3595df0aa590d9", "best_bid": "0.09", "best_ask": "0.45"}], "timestamp": "1769384497000", "event_type": "price_change"}}
{"_local_timestamp": "2026-01-25T23:41:37.105714+00:00", "data": {"market": "0xee51dab3cac9f613ef4adde6f4d31c54d0768434f906a8830bcb29a6aa80fd62", "price_changes": [{"asset_id": "43525410081347620429019438629612271308506021187417584292466825241377512975930", "price": "0.83", "size": "0", "side": "SELL", "hash": "a0424dcd68304857875639552706f0b123b28750", "best_bid": "0", "best_ask": "0.82"}, {"asset_id": "63233769642798353880862491463624056549555468632412539687403277969546363593618", "price": "0.17", "size": "0", "side": "BUY", "hash": "7481b88b52b0355449c6a4da4d5f3d532f86adb7", "best_bid": "0.18", "best_ask": "1"}], "timestamp": "1769384497004", "event_type": "price_change"}}
{"_local_timestamp": "2026-01-25T23:41:37.107206+00:00", "data": {"market": "0xaac4a763d1b76646ed69ff0d6a49b09a701799d9fcc6ddf96275ddc1f0b41e7b", "price_changes": [{"asset_id": "2861305146776921171242951029031737179185749195848905136077267186430964686700", "price": "0.77", "size": "0", "side": "SELL", "hash": "05ec4992df99b78414bf86f521361af90eaa925e", "best_bid": "0", "best_ask": "0.76"}, {"asset_id": "36440283020173761096990686108430143240313572746247081572057361599072536650982", "price": "0.23", "size": "0", "side": "BUY", "hash": "553f2596c29011684bed4e9e4a5acd4fddedce27", "best_bid": "0.24", "best_ask": "1"}], "timestamp": "1769384497004", "event_type": "price_change"}}
{"_local_timestamp": "2026-01-25T23:41:37.111091+00:00", "data": {"market": "0x8243ff3762bcd3bb8b1d15e665cdcc35716ff318f96fb4631bb46b9eddf8c86a", "price_changes": [{"asset_id": "84909880410540638760851349939756323384280160356000595880681494003468739085587", "price": "0.08", "size": "0", "side": "SELL", "hash": "4b83048cada8da4c44cc52e9263bb2603025ac11", "best_bid": "0", "best_ask": "0.07"}, {"asset_id": "80154436186274737074522997979313743066759452931198098959504359914163403000674", "price": "0.92", "size": "0", "side": "BUY", "hash": "54993489eec4381d5d43d0c025d62bbf181e4f4e", "best_bid": "0.93", "best_ask": "1"}], "timestamp": "1769384497004", "event_type": "price_change"}}
{"_local_timestamp": "2026-01-25T23:41:37.166717+00:00", "data": {"market": "0xaac4a763d1b76646ed69ff0d6a49b09a701799d9fcc6ddf96275ddc1f0b41e7b", "price_changes": [{"asset_id": "2861305146776921171242951029031737179185749195848905136077267186430964686700", "price": "0.75", "size": "5.47", "side": "SELL", "hash": "740b5829de264d26e549503246d673d6e61c47cf", "best_bid": "0", "best_ask": "0.75"}, {"asset_id": "36440283020173761096990686108430143240313572746247081572057361599072536650982", "price": "0.25", "size": "5.47", "side": "BUY", "hash": "c3d3a9911b1e78436c2ee804a6041e71b5a641a9", "best_bid": "0.25", "best_ask": "1"}], "timestamp": "1769384497094", "event_type": "price_change"}}
{"_local_timestamp": "2026-01-25T23:41:37.168272+00:00", "data": {"market": "0x8243ff3762bcd3bb8b1d15e665cdcc35716ff318f96fb4631bb46b9eddf8c86a", "price_changes": [{"asset_id": "84909880410540638760851349939756323384280160356000595880681494003468739085587", "price": "0.07", "size": "13.67", "side": "SELL", "hash": "87fd197dd5ba87b15f5f61ea020c7ab8232c4563", "best_bid": "0", "best_ask": "0.07"}, {"asset_id": "80154436186274737074522997979313743066759452931198098959504359914163403000674", "price": "0.93", "size": "13.67", "side": "BUY", "hash": "2370cb446e38ed1d694ef999e568f3394da95d18", "best_bid": "0.93", "best_ask": "1"}], "timestamp": "1769384497094", "event_type": "price_change"}}
{"_local_timestamp": "2026-01-25T23:41:37.170020+00:00", "data": {"market": "0xee51dab3cac9f613ef4adde6f4d31c54d0768434f906a8830bcb29a6aa80fd62", "price_changes": [{"asset_id": "43525410081347620429019438629612271308506021187417584292466825241377512975930", "price": "0.81", "size": "5.47", "side": "SELL", "hash": "4118f90954a196f04f229f97889c21e35672278a", "best_bid": "0", "best_ask": "0.81"}, {"asset_id": "63233769642798353880862491463624056549555468632412539687403277969546363593618", "price": "0.19", "size": "5.47", "side": "BUY", "hash": "7bb5840be4f169b3093aa76d5b0c234376a33b18", "best_bid": "0.19", "best_ask": "1"}], "timestamp": "1769384497095", "event_type": "price_change"}}
{"_local_timestamp": "2026-01-25T23:41:37.670781+00:00", "data": {"market": "0xee51dab3cac9f613ef4adde6f4d31c54d0768434f906a8830bcb29a6aa80fd62", "price_changes": [{"asset_id": "43525410081347620429019438629612271308506021187417584292466825241377512975930", "price": "0.82", "size": "0", "side": "SELL", "hash": "1f64a0a1b38263bc619d8d740518ecab52815fa9", "best_bid": "0", "best_ask": "0.81"}, {"asset_id": "63233769642798353880862491463624056549555468632412539687403277969546363593618", "price": "0.18", "size": "0", "side": "BUY", "hash": "41c03b8d489237accbfb8ebf1a1bcdefa44c452c", "best_bid": "0.19", "best_ask": "1"}], "timestamp": "1769384497605", "event_type": "price_change"}}
{"_local_timestamp": "2026-01-25T23:41:37.672721+00:00", "data": {"market": "0xaac4a763d1b76646ed69ff0d6a49b09a701799d9fcc6ddf96275ddc1f0b41e7b", "price_changes": [{"asset_id": "2861305146776921171242951029031737179185749195848905136077267186430964686700", "price": "0.76", "size": "0", "side": "SELL", "hash": "0dbf38c8d060d6a8700aaf7481a2542699f7c024", "best_bid": "0", "best_ask": "0.75"}, {"asset_id": "36440283020173761096990686108430143240313572746247081572057361599072536650982", "price": "0.24", "size": "0", "side": "BUY", "hash": "7f1334ac21f9c76497c1d92618cb44f5bdfdf643", "best_bid": "0.25", "best_ask": "1"}], "timestamp": "1769384497605", "event_type": "price_change"}}
{"_local_timestamp": "2026-01-25T23:41:37.677221+00:00", "data": {"market": "0x8243ff3762bcd3bb8b1d15e665cdcc35716ff318f96fb4631bb46b9eddf8c86a", "price_changes": [{"asset_id": "84909880410540638760851349939756323384280160356000595880681494003468739085587", "price": "0.07", "size": "5.47", "side": "SELL", "hash": "df5c001503c2e47a72c725b0d3af183a49345701", "best_bid": "0", "best_ask": "0.07"}, {"asset_id": "80154436186274737074522997979313743066759452931198098959504359914163403000674", "price": "0.93", "size": "5.47", "side": "BUY", "hash": "ef81d3a89b025e2fe528cdbbdd6179a1041e0fc7", "best_bid": "0.93", "best_ask": "1"}], "timestamp": "1769384497605", "event_type": "price_change"}}
{"_local_timestamp": "2026-01-25T23:41:37.984760+00:00", "data": {"market": "0xaac4a763d1b76646ed69ff0d6a49b09a701799d9fcc6ddf96275ddc1f0b41e7b", "price_changes": [{"asset_id": "2861305146776921171242951029031737179185749195848905136077267186430964686700", "price": "0.74", "size": "8.2", "side": "SELL", "hash": "0b51a1ce9d52f07d9c6b9add63bb6886837c0260", "best_bid": "0", "best_ask": "0.74"}, {"asset_id": "36440283020173761096990686108430143240313572746247081572057361599072536650982", "price": "0.26", "size": "8.2", "side": "BUY", "hash": "a0b6b175e67a59b1e4a483996e80dab392a4c5b2", "best_bid": "0.26", "best_ask": "1"}], "timestamp": "1769384497916", "event_type": "price_change"}}
{"_local_timestamp": "2026-01-25T23:41:37.988275+00:00", "data": {"market": "0x8243ff3762bcd3bb8b1d15e665cdcc35716ff318f96fb4631bb46b9eddf8c86a", "price_changes": [{"asset_id": "84909880410540638760851349939756323384280160356000595880681494003468739085587", "price": "0.06", "size": "8.2", "side": "SELL", "hash": "b43b01edcf08b44c3b7f9e454e560b933233c368", "best_bid": "0", "best_ask": "0.06"}, {"asset_id": "80154436186274737074522997979313743066759452931198098959504359914163403000674", "price": "0.94", "size": "8.2", "side": "BUY", "hash": "19d180981c55d2010c6bf52815f4fb2c58d74126", "best_bid": "0.94", "best_ask": "1"}], "timestamp": "1769384497916", "event_type": "price_change"}}
{"_local_timestamp": "2026-01-25T23:41:37.993652+00:00", "data": {"market": "0xee51dab3cac9f613ef4adde6f4d31c54d0768434f906a8830bcb29a6aa80fd62", "price_changes": [{"asset_id": "43525410081347620429019438629612271308506021187417584292466825241377512975930", "price": "0.8", "size": "8.2", "side": "SELL", "hash": "a9cefd23d3fc6009142c5739ad255df897a9586d", "best_bid": "0", "best_ask": "0.8"}, {"asset_id": "63233769642798353880862491463624056549555468632412539687403277969546363593618", "price": "0.2", "size": "8.2", "side": "BUY", "hash": "a4539e701a2cf9dbbf9359d4a11b7d446d4c56ab", "best_bid": "0.2", "best_ask": "1"}], "timestamp": "1769384497917", "event_type": "price_change"}}
{"_local_timestamp": "2026-01-25T23:41:38.218007+00:00", "data": {"market": "0xcdb617d835aa90a8c6f989e15b0f7db83cad61881f9b7cc376ebddfc02e3fe6f", "price_changes": [{"asset_id": "17205059258036519763047896274452667362004729364919245534806651698362948920774", "price": "0.07", "size": "0", "side": "BUY", "hash": "a1b4d8ca423ff29265c6641726c070cdeadfa79a", "best_bid": "0.08", "best_ask": "1"}, {"asset_id": "81824081964236123440688084957864924731834402897456136707584091215379279966782", "price": "0.93", "size": "0", "side": "SELL", "hash": "5251628a1dfce8c219ab12a35c5ee0c7e4f959ba", "best_bid": "0", "best_ask": "0.92"}], "timestamp": "1769384498145", "event_type": "price_change"}}
{"_local_timestamp": "2026-01-25T23:41:38.248505+00:00", "data": {"market": "0xcdb617d835aa90a8c6f989e15b0f7db83cad61881f9b7cc376ebddfc02e3fe6f", "price_changes": [{"asset_id": "17205059258036519763047896274452667362004729364919245534806651698362948920774", "price": "0.03", "size": "5.47", "side": "BUY", "hash": "8948f254635dea5880b78a77a13af76c54c7caf6", "best_bid": "0.08", "best_ask": "1"}, {"asset_id": "81824081964236123440688084957864924731834402897456136707584091215379279966782", "price": "0.97", "size": "5.47", "side": "SELL", "hash": "e19766c0dc7cf653e07e8379b5e8eed97110a099", "best_bid": "0", "best_ask": "0.92"}], "timestamp": "1769384498176", "event_type": "price_change"}}
{"_local_timestamp": "2026-01-25T23:41:38.515173+00:00", "data": {"market": "0xcdb617d835aa90a8c6f989e15b0f7db83cad61881f9b7cc376ebddfc02e3fe6f", "price_changes": [{"asset_id": "81824081964236123440688084957864924731834402897456136707584091215379279966782", "price": "0.92", "size": "0", "side": "SELL", "hash": "b53f63c70c2e3d31fc81ffac5ca773b46898b0e4", "best_bid": "0", "best_ask": "0.97"}, {"asset_id": "17205059258036519763047896274452667362004729364919245534806651698362948920774", "price": "0.08", "size": "0", "side": "BUY", "hash": "b4dbe94d7f94581fbd421be22a4c407f925af11a", "best_bid": "0.03", "best_ask": "1"}], "timestamp": "1769384498444", "event_type": "price_change"}}
{"_local_timestamp": "2026-01-25T23:41:38.751283+00:00", "data": {"market": "0xcdb617d835aa90a8c6f989e15b0f7db83cad61881f9b7cc376ebddfc02e3fe6f", "price_changes": [{"asset_id": "81824081964236123440688084957864924731834402897456136707584091215379279966782", "price": "0.96", "size": "8.2", "side": "SELL", "hash": "6cb0967c1d79142712ad347cfcb3070893d25b8e", "best_bid": "0", "best_ask": "0.96"}, {"asset_id": "17205059258036519763047896274452667362004729364919245534806651698362948920774", "price": "0.04", "size": "8.2", "side": "BUY", "hash": "85ef29b49e8210f1632c70a1bbefd95a52c6433c", "best_bid": "0.04", "best_ask": "1"}], "timestamp": "1769384498680", "event_type": "price_change"}}
{"_local_timestamp": "2026-01-25T23:41:38.755557+00:00", "data": {"market": "0x8243ff3762bcd3bb8b1d15e665cdcc35716ff318f96fb4631bb46b9eddf8c86a", "price_changes": [{"asset_id": "84909880410540638760851349939756323384280160356000595880681494003468739085587", "price": "0.07", "size": "0", "side": "SELL", "hash": "cb8e632832f5b6fef0476ac771a858b75fb4ff98", "best_bid": "0", "best_ask": "0.06"}, {"asset_id": "80154436186274737074522997979313743066759452931198098959504359914163403000674", "price": "0.93", "size": "0", "side": "BUY", "hash": "6c97a5d6b052969a7ed72ad797fb701cdff49e25", "best_bid": "0.94", "best_ask": "1"}], "timestamp": "1769384498684", "event_type": "price_change"}}
{"_local_timestamp": "2026-01-25T23:41:38.759954+00:00", "data": {"market": "0xaac4a763d1b76646ed69ff0d6a49b09a701799d9fcc6ddf96275ddc1f0b41e7b", "price_changes": [{"asset_id": "2861305146776921171242951029031737179185749195848905136077267186430964686700", "price": "0.75", "size": "0", "side": "SELL", "hash": "dc298b9593d45d667b8cc66ba891958bdcdd7ee2", "best_bid": "0", "best_ask": "0.74"}, {"asset_id": "36440283020173761096990686108430143240313572746247081572057361599072536650982", "price": "0.25", "size": "0", "side": "BUY", "hash": "02f3037bc483f632227486d96702ee1f47912c34", "best_bid": "0.26", "best_ask": "1"}], "timestamp": "1769384498685", "event_type": "price_change"}}
{"_local_timestamp": "2026-01-25T23:41:38.761770+00:00", "data": {"market": "0xee51dab3cac9f613ef4adde6f4d31c54d0768434f906a8830bcb29a6aa80fd62", "price_changes": [{"asset_id": "43525410081347620429019438629612271308506021187417584292466825241377512975930", "price": "0.81", "size": "0", "side": "SELL", "hash": "7285e43fa3e79fdf2b7266cc1d03bf74f93dd0c6", "best_bid": "0", "best_ask": "0.8"}, {"asset_id": "63233769642798353880862491463624056549555468632412539687403277969546363593618", "price": "0.19", "size": "0", "side": "BUY", "hash": "6ed930823badd37c2b0ad8cac1284de0a77a4e3b", "best_bid": "0.2", "best_ask": "1"}], "timestamp": "1769384498685", "event_type": "price_change"}}
{"_local_timestamp": "2026-01-25T23:41:38.868035+00:00", "data": {"market": "0xaac4a763d1b76646ed69ff0d6a49b09a701799d9fcc6ddf96275ddc1f0b41e7b", "price_changes": [{"asset_id": "2861305146776921171242951029031737179185749195848905136077267186430964686700", "price": "0.73", "size": "5.47", "side": "SELL", "hash": "3f3ba3b7860266893fd4337cdcbe28328f848911", "best_bid": "0", "best_ask": "0.73"}, {"asset_id": "36440283020173761096990686108430143240313572746247081572057361599072536650982", "price": "0.27", "size": "5.47", "side": "BUY", "hash": "c6df1780a59f976caefe921572bfdeffdbf2b29c", "best_bid": "0.27", "best_ask": "1"}], "timestamp": "1769384498791", "event_type": "price_change"}}
{"_local_timestamp": "2026-01-25T23:41:38.869614+00:00", "data": {"market": "0x8243ff3762bcd3bb8b1d15e665cdcc35716ff318f96fb4631bb46b9eddf8c86a", "price_changes": [{"asset_id": "84909880410540638760851349939756323384280160356000595880681494003468739085587", "price": "0.05", "size": "5.47", "side": "SELL", "hash": "9f21ff4be16c02ecfd76e248977d6080572c1ca8", "best_bid": "0", "best_ask": "0.05"}, {"asset_id": "80154436186274737074522997979313743066759452931198098959504359914163403000674", "price": "0.95", "size": "5.47", "side": "BUY", "hash": "b88694ede21ba9e0e301685defd7eb25faa78b0d", "best_bid": "0.95", "best_ask": "1"}], "timestamp": "1769384498791", "event_type": "price_change"}}
{"_local_timestamp": "2026-01-25T23:41:38.871200+00:00", "data": {"market": "0xee51dab3cac9f613ef4adde6f4d31c54d0768434f906a8830bcb29a6aa80fd62", "price_changes": [{"asset_id": "43525410081347620429019438629612271308506021187417584292466825241377512975930", "price": "0.79", "size": "5.47", "side": "SELL", "hash": "c6dbafa88d22cbf533a0aaf9ed43720d2e43e388", "best_bid": "0", "best_ask": "0.79"}, {"asset_id": "63233769642798353880862491463624056549555468632412539687403277969546363593618", "price": "0.21", "size": "5.47", "side": "BUY", "hash": "3069a64c0b005202cee03afe56e9230cfbc5447f", "best_bid": "0.21", "best_ask": "1"}], "timestamp": "1769384498791", "event_type": "price_change"}}
{"_local_timestamp": "2026-01-25T23:41:39.238102+00:00", "data": {"market": "0xaac4a763d1b76646ed69ff0d6a49b09a701799d9fcc6ddf96275ddc1f0b41e7b", "price_changes": [{"asset_id": "2861305146776921171242951029031737179185749195848905136077267186430964686700", "price": "0.74", "size": "0", "side": "SELL", "hash": "da04e20bedfe1283ea70d7b15956689a0a55a2c1", "best_bid": "0", "best_ask": "0.73"}, {"asset_id": "36440283020173761096990686108430143240313572746247081572057361599072536650982", "price": "0.26", "size": "0", "side": "BUY", "hash": "7db8b195dd4545a494addd14b0bd088119bec029", "best_bid": "0.27", "best_ask": "1"}], "timestamp": "1769384499170", "event_type": "price_change"}}
{"_local_timestamp": "2026-01-25T23:41:39.245068+00:00", "data": {"market": "0xee51dab3cac9f613ef4adde6f4d31c54d0768434f906a8830bcb29a6aa80fd62", "price_changes": [{"asset_id": "43525410081347620429019438629612271308506021187417584292466825241377512975930", "price": "0.8", "size": "0", "side": "SELL", "hash": "45db4fcf63df28c4bb6af1faef59976273acb739", "best_bid": "0", "best_ask": "0.79"}, {"asset_id": "63233769642798353880862491463624056549555468632412539687403277969546363593618", "price": "0.2", "size": "0", "side": "BUY", "hash": "a97acb7424416bdfa99b9a387b7741c235789743", "best_bid": "0.21", "best_ask": "1"}], "timestamp": "1769384499170", "event_type": "price_change"}}
{"_local_timestamp": "2026-01-25T23:41:39.246705+00:00", "data": {"market": "0x8243ff3762bcd3bb8b1d15e665cdcc35716ff318f96fb4631bb46b9eddf8c86a", "price_changes": [{"asset_id": "84909880410540638760851349939756323384280160356000595880681494003468739085587", "price": "0.06", "size": "0", "side": "SELL", "hash": "9d741cc8b848301e0f9ea0aca667f2f39dff0d0e", "best_bid": "0", "best_ask": "0.05"}, {"asset_id": "80154436186274737074522997979313743066759452931198098959504359914163403000674", "price": "0.94", "size": "0", "side": "BUY", "hash": "057854e157977999a77da2259fe1f61fe701b503", "best_bid": "0.95", "best_ask": "1"}], "timestamp": "1769384499170", "event_type": "price_change"}}
{"_local_timestamp": "2026-01-25T23:41:39.501905+00:00", "data": {"market": "0xee51dab3cac9f613ef4adde6f4d31c54d0768434f906a8830bcb29a6aa80fd62", "price_changes": [{"asset_id": "43525410081347620429019438629612271308506021187417584292466825241377512975930", "price": "0.78", "size": "8.2", "side": "SELL", "hash": "1aadb0de6dd77f202d0dd3cdf7e67556f3a3c8cf", "best_bid": "0", "best_ask": "0.78"}, {"asset_id": "63233769642798353880862491463624056549555468632412539687403277969546363593618", "price": "0.22", "size": "8.2", "side": "BUY", "hash": "688761bdced2af22517e63beb2dce480eaf3c581", "best_bid": "0.22", "best_ask": "1"}], "timestamp": "1769384499434", "event_type": "price_change"}}
{"_local_timestamp": "2026-01-25T23:41:39.503503+00:00", "data": {"market": "0x8243ff3762bcd3bb8b1d15e665cdcc35716ff318f96fb4631bb46b9eddf8c86a", "price_changes": [{"asset_id": "84909880410540638760851349939756323384280160356000595880681494003468739085587", "price": "0.04", "size": "8.2", "side": "SELL", "hash": "39438bd21fa5d0f49e615d8152e7123d9f64cc9b", "best_bid": "0", "best_ask": "0.04"}, {"asset_id": "80154436186274737074522997979313743066759452931198098959504359914163403000674", "price": "0.96", "size": "8.2", "side": "BUY", "hash": "55e349a570f403049e00ade5153c7d2f4e423713", "best_bid": "0.96", "best_ask": "1"}], "timestamp": "1769384499434", "event_type": "price_change"}}
{"_local_timestamp": "2026-01-25T23:41:39.504995+00:00", "data": {"market": "0xaac4a763d1b76646ed69ff0d6a49b09a701799d9fcc6ddf96275ddc1f0b41e7b", "price_changes": [{"asset_id": "2861305146776921171242951029031737179185749195848905136077267186430964686700", "price": "0.72", "size": "8.2", "side": "SELL", "hash": "e40e6a1daf418354508fd9cd7d86a851c958172a", "best_bid": "0", "best_ask": "0.72"}, {"asset_id": "36440283020173761096990686108430143240313572746247081572057361599072536650982", "price": "0.28", "size": "8.2", "side": "BUY", "hash": "49a5ad3f4b34a0cdfe594e2102be20addb9cd8a5", "best_bid": "0.28", "best_ask": "1"}], "timestamp": "1769384499434", "event_type": "price_change"}}
{"_local_timestamp": "2026-01-25T23:41:40.186910+00:00", "data": {"market": "0x8243ff3762bcd3bb8b1d15e665cdcc35716ff318f96fb4631bb46b9eddf8c86a", "price_changes": [{"asset_id": "84909880410540638760851349939756323384280160356000595880681494003468739085587", "price": "0.05", "size": "0", "side": "SELL", "hash": "74115871dfb1eeec2a148f8c36ae839eedff3b36", "best_bid": "0", "best_ask": "0.04"}, {"asset_id": "80154436186274737074522997979313743066759452931198098959504359914163403000674", "price": "0.95", "size": "0", "side": "BUY", "hash": "aa6399657e6b638da92951f10e26ee0fe6660afd", "best_bid": "0.96", "best_ask": "1"}], "timestamp": "1769384500120", "event_type": "price_change"}}
{"_local_timestamp": "2026-01-25T23:41:40.197978+00:00", "data": {"market": "0xee51dab3cac9f613ef4adde6f4d31c54d0768434f906a8830bcb29a6aa80fd62", "price_changes": [{"asset_id": "43525410081347620429019438629612271308506021187417584292466825241377512975930", "price": "0.79", "size": "0", "side": "SELL", "hash": "8cacc307c7283b18a19d3597cb9abee19f5afe7e", "best_bid": "0", "best_ask": "0.78"}, {"asset_id": "63233769642798353880862491463624056549555468632412539687403277969546363593618", "price": "0.21", "size": "0", "side": "BUY", "hash": "2a9d1abfc3cbc7a607be9fabb6fa63bb7d2d2eec", "best_bid": "0.22", "best_ask": "1"}], "timestamp": "1769384500121", "event_type": "price_change"}}
{"_local_timestamp": "2026-01-25T23:41:40.199555+00:00", "data": {"market": "0xaac4a763d1b76646ed69ff0d6a49b09a701799d9fcc6ddf96275ddc1f0b41e7b", "price_changes": [{"asset_id": "2861305146776921171242951029031737179185749195848905136077267186430964686700", "price": "0.73", "size": "0", "side": "SELL", "hash": "11096c60ea150309e5c80b579dd14e127dad46af", "best_bid": "0", "best_ask": "0.72"}, {"asset_id": "36440283020173761096990686108430143240313572746247081572057361599072536650982", "price": "0.27", "size": "0", "side": "BUY", "hash": "1c47c6b47a04bd60d806b9795664f8e35db676dd", "best_bid": "0.28", "best_ask": "1"}], "timestamp": "1769384500121", "event_type": "price_change"}}
{"_local_timestamp": "2026-01-25T23:41:40.282252+00:00", "data": {"market": "0xaac4a763d1b76646ed69ff0d6a49b09a701799d9fcc6ddf96275ddc1f0b41e7b", "price_changes": [{"asset_id": "2861305146776921171242951029031737179185749195848905136077267186430964686700", "price": "0.71", "size": "5.47", "side": "SELL", "hash": "d42a6232a8c8454dd5abb4dce9410b4164e9ba65", "best_bid": "0", "best_ask": "0.71"}, {"asset_id": "36440283020173761096990686108430143240313572746247081572057361599072536650982", "price": "0.29", "size": "5.47", "side": "BUY", "hash": "60847fa513166a1840d493831cfc24b64f5afe2a", "best_bid": "0.29", "best_ask": "1"}], "timestamp": "1769384500187", "event_type": "price_change"}}
{"_local_timestamp": "2026-01-25T23:41:40.346177+00:00", "data": {"market": "0xee51dab3cac9f613ef4adde6f4d31c54d0768434f906a8830bcb29a6aa80fd62", "price_changes": [{"asset_id": "43525410081347620429019438629612271308506021187417584292466825241377512975930", "price": "0.77", "size": "5.47", "side": "SELL", "hash": "287a15746ad8c0ee7a6d1d17200e1f4529b89b61", "best_bid": "0", "best_ask": "0.77"}, {"asset_id": "63233769642798353880862491463624056549555468632412539687403277969546363593618", "price": "0.23", "size": "5.47", "side": "BUY", "hash": "a75cb5b5f19d0af355765232403c016a6017d553", "best_bid": "0.23", "best_ask": "1"}], "timestamp": "1769384500230", "event_type": "price_change"}}
{"_local_timestamp": "2026-01-25T23:41:40.347783+00:00", "data": {"market": "0x8243ff3762bcd3bb8b1d15e665cdcc35716ff318f96fb4631bb46b9eddf8c86a", "price_changes": [{"asset_id": "84909880410540638760851349939756323384280160356000595880681494003468739085587", "price": "0.03", "size": "5.47", "side": "SELL", "hash": "e9145ecfbe6382f1dd33e884c733cd614127f958", "best_bid": "0", "best_ask": "0.03"}, {"asset_id": "80154436186274737074522997979313743066759452931198098959504359914163403000674", "price": "0.97", "size": "5.47", "side": "BUY", "hash": "2b11d1f8a65c378844492c8cf643962e7b34e59c", "best_bid": "0.97", "best_ask": "1"}], "timestamp": "1769384500230", "event_type": "price_change"}}
{"_local_timestamp": "2026-01-25T23:41:40.409915+00:00", "data": {"market": "0x8243ff3762bcd3bb8b1d15e665cdcc35716ff318f96fb4631bb46b9eddf8c86a", "price_changes": [{"asset_id": "84909880410540638760851349939756323384280160356000595880681494003468739085587", "price": "0.04", "size": "0", "side": "SELL", "hash": "5f9f3c3dd3cbcf4123111d1763dc08c21fdbe7c0", "best_bid": "0", "best_ask": "0.03"}, {"asset_id": "80154436186274737074522997979313743066759452931198098959504359914163403000674", "price": "0.96", "size": "0", "side": "BUY", "hash": "6399048b50295fba4f886842357f93e3dd09ad2a", "best_bid": "0.97", "best_ask": "1"}], "timestamp": "1769384500299", "event_type": "price_change"}}
{"_local_timestamp": "2026-01-25T23:41:40.723559+00:00", "data": {"market": "0x8243ff3762bcd3bb8b1d15e665cdcc35716ff318f96fb4631bb46b9eddf8c86a", "price_changes": [{"asset_id": "84909880410540638760851349939756323384280160356000595880681494003468739085587", "price": "0.02", "size": "8.2", "side": "SELL", "hash": "9c3b721348940b29ea3cabf36570fe3a363d5a44", "best_bid": "0", "best_ask": "0.02"}, {"asset_id": "80154436186274737074522997979313743066759452931198098959504359914163403000674", "price": "0.98", "size": "8.2", "side": "BUY", "hash": "c84e75e4dd1d5e7a8cfcc2b1ff8c4cedf4813a32", "best_bid": "0.98", "best_ask": "1"}], "timestamp": "1769384500651", "event_type": "price_change"}}
{"_local_timestamp": "2026-01-25T23:41:40.777675+00:00", "data": {"market": "0xaac4a763d1b76646ed69ff0d6a49b09a701799d9fcc6ddf96275ddc1f0b41e7b", "price_changes": [{"asset_id": "2861305146776921171242951029031737179185749195848905136077267186430964686700", "price": "0.72", "size": "0", "side": "SELL", "hash": "768274324974e0f5b8737ec70d95d89bc12ecdf2", "best_bid": "0", "best_ask": "0.71"}, {"asset_id": "36440283020173761096990686108430143240313572746247081572057361599072536650982", "price": "0.28", "size": "0", "side": "BUY", "hash": "44807ef0acf371819d037d296500a0660d94a72d", "best_bid": "0.29", "best_ask": "1"}], "timestamp": "1769384500709", "event_type": "price_change"}}
{"_local_timestamp": "2026-01-25T23:41:40.779361+00:00", "data": {"market": "0xee51dab3cac9f613ef4adde6f4d31c54d0768434f906a8830bcb29a6aa80fd62", "price_changes": [{"asset_id": "43525410081347620429019438629612271308506021187417584292466825241377512975930", "price": "0.78", "size": "0", "side": "SELL", "hash": "860e9f66db2c32d8380900dde73b85eadef08eef", "best_bid": "0", "best_ask": "0.77"}, {"asset_id": "63233769642798353880862491463624056549555468632412539687403277969546363593618", "price": "0.22", "size": "0", "side": "BUY", "hash": "305ecc89f146295e25960ced20fa179e9e906725", "best_bid": "0.23", "best_ask": "1"}], "timestamp": "1769384500709", "event_type": "price_change"}}
{"_local_timestamp": "2026-01-25T23:41:41.034703+00:00", "data": {"market": "0xaac4a763d1b76646ed69ff0d6a49b09a701799d9fcc6ddf96275ddc1f0b41e7b", "price_changes": [{"asset_id": "2861305146776921171242951029031737179185749195848905136077267186430964686700", "price": "0.7", "size": "8.2", "side": "SELL", "hash": "c2321f415f58d1d29d17b76b9a6dfd695ce747ca", "best_bid": "0", "best_ask": "0.7"}, {"asset_id": "36440283020173761096990686108430143240313572746247081572057361599072536650982", "price": "0.3", "size": "8.2", "side": "BUY", "hash": "b98fe4839cde772f75b2a8b5dedd58ffe16a1954", "best_bid": "0.3", "best_ask": "1"}], "timestamp": "1769384500960", "event_type": "price_change"}}
{"_local_timestamp": "2026-01-25T23:41:41.042757+00:00", "data": {"market": "0xee51dab3cac9f613ef4adde6f4d31c54d0768434f906a8830bcb29a6aa80fd62", "price_changes": [{"asset_id": "43525410081347620429019438629612271308506021187417584292466825241377512975930", "price": "0.76", "size": "8.2", "side": "SELL", "hash": "21c6bd15077e9de45c986736c13cb1197277f3bc", "best_bid": "0", "best_ask": "0.76"}, {"asset_id": "63233769642798353880862491463624056549555468632412539687403277969546363593618", "price": "0.24", "size": "8.2", "side": "BUY", "hash": "f8bfed235361ac77bf1ba20d116cbfdcbaa105ad", "best_bid": "0.24", "best_ask": "1"}], "timestamp": "1769384500960", "event_type": "price_change"}}
{"_local_timestamp": "2026-01-25T23:41:41.486536+00:00", "data": {"market": "0xcdb617d835aa90a8c6f989e15b0f7db83cad61881f9b7cc376ebddfc02e3fe6f", "price_changes": [{"asset_id": "17205059258036519763047896274452667362004729364919245534806651698362948920774", "price": "0.03", "size": "0", "side": "BUY", "hash": "fe00e51232f134e4da22cdca7076ad9aecd78417", "best_bid": "0.04", "best_ask": "1"}, {"asset_id": "81824081964236123440688084957864924731834402897456136707584091215379279966782", "price": "0.97", "size": "0", "side": "SELL", "hash": "674e5c0e6cd2a2c9a9a9a12b36da8e9551d4bc4d", "best_bid": "0", "best_ask": "0.96"}], "timestamp": "1769384501417", "event_type": "price_change"}}
{"_local_timestamp": "2026-01-25T23:41:41.525606+00:00", "data": {"market": "0xcdb617d835aa90a8c6f989e15b0f7db83cad61881f9b7cc376ebddfc02e3fe6f", "price_changes": [{"asset_id": "17205059258036519763047896274452667362004729364919245534806651698362948920774", "price": "0.05", "size": "5.47", "side": "BUY", "hash": "bbb0b9c48ac4ea423f7f313cf09f6707c7cc9fb2", "best_bid": "0.05", "best_ask": "1"}, {"asset_id": "81824081964236123440688084957864924731834402897456136707584091215379279966782", "price": "0.95", "size": "5.47", "side": "SELL", "hash": "f6294ec95c8504ff5b10bb5ae08336d9816738ed", "best_bid": "0", "best_ask": "0.95"}], "timestamp": "1769384501450", "event_type": "price_change"}}
{"_local_timestamp": "2026-01-25T23:41:41.658564+00:00", "data": {"market": "0xaac4a763d1b76646ed69ff0d6a49b09a701799d9fcc6ddf96275ddc1f0b41e7b", "price_changes": [{"asset_id": "2861305146776921171242951029031737179185749195848905136077267186430964686700", "price": "0.71", "size": "0", "side": "SELL", "hash": "5486314236a320a3f57c55a461ae1d8594a29fe5", "best_bid": "0", "best_ask": "0.7"}, {"asset_id": "36440283020173761096990686108430143240313572746247081572057361599072536650982", "price": "0.29", "size": "0", "side": "BUY", "hash": "51b2c7a4b0cf6970966886abc2a77c0995869657", "best_bid": "0.3", "best_ask": "1"}], "timestamp": "1769384501590", "event_type": "price_change"}}
{"_local_timestamp": "2026-01-25T23:41:41.660519+00:00", "data": {"market": "0x8243ff3762bcd3bb8b1d15e665cdcc35716ff318f96fb4631bb46b9eddf8c86a", "price_changes": [{"asset_id": "84909880410540638760851349939756323384280160356000595880681494003468739085587", "price": "0.03", "size": "0", "side": "SELL", "hash": "560b06ba972f2a015d051c09337a36a98bcdb340", "best_bid": "0", "best_ask": "0.02"}, {"asset_id": "80154436186274737074522997979313743066759452931198098959504359914163403000674", "price": "0.97", "size": "0", "side": "BUY", "hash": "88cdca34ac5b62dfa1b17a9c6e95ea86e0c268a4", "best_bid": "0.98", "best_ask": "1"}], "timestamp": "1769384501590", "event_type": "price_change"}}
{"_local_timestamp": "2026-01-25T23:41:41.662275+00:00", "data": {"market": "0xee51dab3cac9f613ef4adde6f4d31c54d0768434f906a8830bcb29a6aa80fd62", "price_changes": [{"asset_id": "43525410081347620429019438629612271308506021187417584292466825241377512975930", "price": "0.77", "size": "0", "side": "SELL", "hash": "49c76158873415dbe7b50d9118f0e2ec5907cfce", "best_bid": "0", "best_ask": "0.76"}, {"asset_id": "63233769642798353880862491463624056549555468632412539687403277969546363593618", "price": "0.23", "size": "0", "side": "BUY", "hash": "becde0447305c7b2bbc356f6a0cf2e790277003e", "best_bid": "0.24", "best_ask": "1"}], "timestamp": "1769384501590", "event_type": "price_change"}}
{"_local_timestamp": "2026-01-25T23:41:41.715433+00:00", "data": {"market": "0xaac4a763d1b76646ed69ff0d6a49b09a701799d9fcc6ddf96275ddc1f0b41e7b", "price_changes": [{"asset_id": "2861305146776921171242951029031737179185749195848905136077267186430964686700", "price": "0.69", "size": "5.47", "side": "SELL", "hash": "4f6306f5bfbf2bb35695eaba3d3a694062d07ee7", "best_bid": "0", "best_ask": "0.69"}, {"asset_id": "36440283020173761096990686108430143240313572746247081572057361599072536650982", "price": "0.31", "size": "5.47", "side": "BUY", "hash": "fb20e3a00d1c58d13540d1cc2c4df9b70f0154b2", "best_bid": "0.31", "best_ask": "1"}], "timestamp": "1769384501649", "event_type": "price_change"}}
