{"_local_timestamp": "2026-01-25T23:34:19.791829+00:00", "data": [{"market": "0xc33520b8387bc2a129fcaec53006563386084e17ef43cea9824037e05d375609", "asset_id": "2621382290123481396373492494020332967195582455868928518804195047605986757722", "timestamp": "1769383600518", "hash": "722a5766a4f16778bb24e85111eefd46b088f6f8", "bids": [{"price": "0.01", "size": "70.64"}, {"price": "0.02", "size": "19.16"}], "asks": [{"price": "0.99", "size": "70.64"}, {"price": "0.98", "size": "24.63"}], "event_type": "book", "last_trade_price": ""}, {"market": "0xaac4a763d1b76646ed69ff0d6a49b09a701799d9fcc6ddf96275ddc1f0b41e7b", "asset_id": "2861305146776921171242951029031737179185749195848905136077267186430964686700", "timestamp": "1769383601331", "hash": "4bce020f8acb766eb9101a6303ab90cad4a0eaa0", "bids": [{"price": "0.01", "size": "70.64"}, {"price": "0.02", "size": "24.63"}], "asks": [{"price": "0.99", "size": "70.64"}, {"price": "0.98", "size": "19.16"}], "event_type": "book", "last_trade_price": ""}, {"market": "0x9c8293577f4543ef93f7aaeb509c558f57206963738afc0005a3c8b657c35c2c", "asset_id": "67835301387931085120131152357622221875363198868454977123292686295357133755559", "timestamp": "1769383594138", "hash": "756bc056588c0b6651f4a8610090e122e494ff52", "bids": [{"price": "0.01", "size": "70.64"}, {"price": "0.02", "size": "24.63"}], "asks": [{"price": "0.99", "size": "70.64"}, {"price": "0.98", "size": "19.16"}], "event_type": "book", "last_trade_price": ""}, {"market": "0xaac4a763d1b76646ed69ff0d6a49b09a701799d9fcc6ddf96275ddc1f0b41e7b", "asset_id": "36440283020173761096990686108430143240313572746247081572057361599072536650982", "timestamp": "1769383601331", "hash": "c21ae988d1508185989116c6331c90f536499999", "bids": [{"price": "0.01", "size": "70.64"}, {"price": "0.02", "size": "19.16"}], "asks": [{"price": "0.99", "size": "70.64"}, {"price": "0.98", "size": "24.63"}], "event_type": "book", "last_trade_price": ""}, {"market": "0xc3dd4c54259748bd6c2e56e94d934532f175b75a62d1fb123bc72864c35c9730", "asset_id": "27389633440629820237562052149714649048234868895442626956737031241849873740466", "timestamp": "1769383591269", "hash": "84a3fdf1473dbec7f4c215ec72a18a005d74d187", "bids": [{"price": "0.01", "size": "70.64"}, {"price": "0.02", "size": "19.16"}], "asks": [{"price": "0.99", "size": "70.64"}, {"price": "0.98", "size": "24.63"}], "event_type": "book", "last_trade_price": ""}, {"market": "0xc33520b8387bc2a129fcaec53006563386084e17ef43cea9824037e05d375609", "asset_id": "88107263401951392791865049914930056809888874143168323721673810521359076570528", "timestamp": "1769383600518", "hash": "2251afc85d9216dbd2b61947a4daba8e1101d6e9", "bids": [{"price": "0.01", "size": "70.64"}, {"price": "0.02", "size": "24.63"}], "asks": [{"price": "0.99", "size": "70.64"}, {"price": "0.98", "size": "19.16"}], "event_type": "book", "last_trade_price": ""}, {"market": "0xee51dab3cac9f613ef4adde6f4d31c54d0768434f906a8830bcb29a6aa80fd62", "asset_id": "63233769642798353880862491463624056549555468632412539687403277969546363593618", "timestamp": "1769383601331", "hash": "d1987b34670e4727a1ffde359d93059fb6a0d3ca", "bids": [{"price": "0.01", "size": "70.64"}, {"price": "0.02", "size": "19.16"}], "asks": [{"price": "0.99", "size": "70.64"}, {"price": "0.98", "size": "24.63"}], "event_type": "book", "last_trade_price": ""}, {"market": "0x7574b1281bb4b70889c1eddb6c792dfaa230fd6568d4fa08ff48a7b7d0da0ecf", "asset_id": "34958021056734425606207493027963264830364280132203939603257911082582091988838", "timestamp": "1769384058000", "hash": "b38c6ce00a754a785b0fe8deb21b5862bbdf45f5", "bids": [{"price": "0.01", "size": "455.17"}, {"price": "0.02", "size": "18.29"}, {"price": "0.05", "size": "1200"}, {"price": "0.08", "size": "500"}, {"price": "0.1", "size": "10"}, {"price": "0.11", "size": "5.29"}, {"price": "0.14", "size": "200"}, {"price": "0.4", "size": "337.5"}, {"price": "0.5", "size": "250"}, {"price": "0.55", "size": "54.54"}], "asks": [{"price": "0.99", "size": "97.36"}, {"price": "0.98", "size": "31.78"}, {"price": "0.91", "size": "17.8"}], "event_type": "book", "last_trade_price": "0.910"}, {"market": "0xcdb617d835aa90a8c6f989e15b0f7db83cad61881f9b7cc376ebddfc02e3fe6f", "asset_id": "17205059258036519763047896274452667362004729364919245534806651698362948920774", "timestamp": "1769383600518", "hash": "7ce57f61acc8c7957c509ae278795ea36df09f33", "bids": [{"price": "0.01", "size": "70.64"}, {"price": "0.02", "size": "24.63"}], "asks": [{"price": "0.99", "size": "70.64"}, {"price": "0.98", "size": "19.16"}], "event_type": "book", "last_trade_price": ""}, {"market": "0x7574b1281bb4b70889c1eddb6c792dfaa230fd6568d4fa08ff48a7b7d0da0ecf", "asset_id": "21925343071659716343842350944923307771324323480583567738204826742567392450228", "timestamp": "1769384058000", "hash": "e9dc606a9849eb79cf5010280f064372dbe702e4", "bids": [{"price": "0.01", "size": "97.36"}, {"price": "0.02", "size": "31.78"}, {"price": "0.09", "size": "17.8"}], "asks": [{"price": "0.99", "size": "455.17"}, {"price": "0.98", "size": "18.29"}, {"price": "0.95", "size": "1200"}, {"price": "0.92", "size": "500"}, {"price": "0.9", "size": "10"}, {"price": "0.89", "size": "5.29"}, {"price": "0.86", "size": "200"}, {"price": "0.6", "size": "337.5"}, {"price": "0.5", "size": "250"}, {"price": "0.45", "size": "54.54"}], "event_type": "book", "last_trade_price": "0.910"}, {"market": "0x8243ff3762bcd3bb8b1d15e665cdcc35716ff318f96fb4631bb46b9eddf8c86a", "asset_id": "80154436186274737074522997979313743066759452931198098959504359914163403000674", "timestamp": "1769383591268", "hash": "9e623d47449dc9536c01cd2c9f92a182ef8bd938", "bids": [{"price": "0.01", "size": "50"}, {"price": "0.02", "size": "19.16"}], "asks": [{"price": "0.99", "size": "70.64"}, {"price": "0.98", "size": "24.63"}], "event_type": "book", "last_trade_price": ""}, {"market": "0xcdb617d835aa90a8c6f989e15b0f7db83cad61881f9b7cc376ebddfc02e3fe6f", "asset_id": "81824081964236123440688084957864924731834402897456136707584091215379279966782", "timestamp": "1769383600518", "hash": "845c439f15a817fd76958b0216dd2f254c11fc05", "bids": [{"price": "0.01", "size": "70.64"}, {"price": "0.02", "size": "19.16"}], "asks": [{"price": "0.99", "size": "70.64"}, {"price": "0.98", "size": "24.63"}], "event_type": "book", "last_trade_price": ""}, {"market": "0x8243ff3762bcd3bb8b1d15e665cdcc35716ff318f96fb4631bb46b9eddf8c86a", "asset_id": "84909880410540638760851349939756323384280160356000595880681494003468739085587", "timestamp": "1769383591268", "hash": "15349782aa9a9592886be479b5af21550bbc8129", "bids": [{"price": "0.01", "size": "70.64"}, {"price": "0.02", "size": "24.63"}], "asks": [{"price": "0.99", "size": "50"}, {"price": "0.98", "size": "19.16"}], "event_type": "book", "last_trade_price": ""}, {"market": "0xcf30250a0e584bea13f277a2a479833decd67d538fc1e8dc926f9c793b2454b4", "asset_id": "97841068365372931999998603307281424944260043023122833947885732788800138095480", "timestamp": "1769383591454", "hash": "f7d2de8a4d279254c7f7e811e7fffebade819459", "bids": [{"price": "0.01", "size": "70.64"}, {"price": "0.02", "size": "19.16"}], "asks": [{"price": "0.99", "size": "70.64"}, {"price": "0.98", "size": "24.63"}], "event_type": "book", "last_trade_price": ""}, {"market": "0xcf30250a0e584bea13f277a2a479833decd67d538fc1e8dc926f9c793b2454b4", "asset_id": "71798061293991410963260986689732621295551480607717504639668717597775598148302", "timestamp": "1769383591454", "hash": "7b571f2d25c9ad69ae2c2c6cc39cc84e352851c2", "bids": [{"price": "0.01", "size": "70.64"}, {"price": "0.02", "size": "24.63"}], "asks": [{"price": "0.99", "size": "70.64"}, {"price": "0.98", "size": "19.16"}], "event_type": "book", "last_trade_price": ""}, {"market": "0x9c8293577f4543ef93f7aaeb509c558f57206963738afc0005a3c8b657c35c2c", "asset_id": "106370297633240418331069674055597687951292185544334737174986495171756252672268", "timestamp": "1769383594138", "hash": "e1cec9ae19ebce376bfba4e369579a767956a037", "bids": [{"price": "0.01", "size": "70.64"}, {"price": "0.02", "size": "19.16"}], "asks": [{"price": "0.99", "size": "70.64"}, {"price": "0.98", "size": "24.63"}], "event_type": "book", "last_trade_price": ""}, {"market": "0xc3dd4c54259748bd6c2e56e94d934532f175b75a62d1fb123bc72864c35c9730", "asset_id": "86714981083437714666168917725933210365838689433918892747380598364153479467398", "timestamp": "1769383591269", "hash": "94276ce38c30f79c7179db4d93c768791457a3df", "bids": [{"price": "0.01", "size": "70.64"}, {"price": "0.02", "size": "24.63"}], "asks": [{"price": "0.99", "size": "70.64"}, {"price": "0.98", "size": "19.16"}], "event_type": "book", "last_trade_price": ""}, {"market": "0xee51dab3cac9f613ef4adde6f4d31c54d0768434f906a8830bcb29a6aa80fd62", "asset_id": "43525410081347620429019438629612271308506021187417584292466825241377512975930", "timestamp": "1769383601331", "hash": "1efb0bb39dc1a25562014667565c839081958cdf", "bids": [{"price": "0.01", "size": "70.64"}, {"price": "0.02", "size": "24.63"}], "asks": [{"price": "0.99", "size": "70.64"}, {"price": "0.98", "size": "19.16"}], "event_type": "book", "last_trade_price": ""}]}
{"_local_timestamp": "2026-01-25T23:34:24.873381+00:00", "data": {"market": "0x7574b1281bb4b70889c1eddb6c792dfaa230fd6568d4fa08ff48a7b7d0da0ecf", "price_changes": [{"asset_id": "34958021056734425606207493027963264830364280132203939603257911082582091988838", "price": "0.41", "size": "487", "side": "BUY", "hash": "ca057a06ba5bef76ae280e4e385d0b7f8e88152c", "best_bid": "0.55", "best_ask": "0.91"}, {"asset_id": "21925343071659716343842350944923307771324323480583567738204826742567392450228", "price": "0.59", "size": "487", "side": "SELL", "hash": "28916bd9258975c1ed3bfeb4989a6ed2de117e30", "best_bid": "0.09", "best_ask": "0.45"}], "timestamp": "1769384064802", "event_type": "price_change"}}
{"_local_timestamp": "2026-01-25T23:34:31.142625+00:00", "data": {"market": "0x7574b1281bb4b70889c1eddb6c792dfaa230fd6568d4fa08ff48a7b7d0da0ecf", "price_changes": [{"asset_id": "34958021056734425606207493027963264830364280132203939603257911082582091988838", "price": "0.41", "size": "0", "side": "BUY", "hash": "13428d8c825c2672168b67c5771a25496fffcfe3", "best_bid": "0.55", "best_ask": "0.91"}, {"asset_id": "21925343071659716343842350944923307771324323480583567738204826742567392450228", "price": "0.59", "size": "0", "side": "SELL", "hash": "9e90fcb5f15e44a65ec4a554f3c9b0e9a5bcef5d", "best_bid": "0.09", "best_ask": "0.45"}], "timestamp": "1769384071001", "event_type": "price_change"}}
{"_local_timestamp": "2026-01-25T23:34:38.010952+00:00", "data": {"market": "0x7574b1281bb4b70889c1eddb6c792dfaa230fd6568d4fa08ff48a7b7d0da0ecf", "price_changes": [{"asset_id": "34958021056734425606207493027963264830364280132203939603257911082582091988838", "price": "0.41", "size": "487", "side": "BUY", "hash": "d2f3c7231b103e4a4316e33941b4c14efca7e095", "best_bid": "0.55", "best_ask": "0.91"}, {"asset_id": "21925343071659716343842350944923307771324323480583567738204826742567392450228", "price": "0.59", "size": "487", "side": "SELL", "hash": "9cae1748960e11c193b69c8eb1751f2931d4e271", "best_bid": "0.09", "best_ask": "0.45"}], "timestamp": "1769384077926", "event_type": "price_change"}}
{"_local_timestamp": "2026-01-25T23:34:44.095456+00:00", "data": {"market": "0x7574b1281bb4b70889c1eddb6c792dfaa230fd6568d4fa08ff48a7b7d0da0ecf", "price_changes": [{"asset_id": "34958021056734425606207493027963264830364280132203939603257911082582091988838", "price": "0.41", "size": "0", "side": "BUY", "hash": "32a0a43ebdc301c383d893c0c7c906b600eb23b3", "best_bid": "0.55", "best_ask": "0.91"}, {"asset_id": "21925343071659716343842350944923307771324323480583567738204826742567392450228", "price": "0.59", "size": "0", "side": "SELL", "hash": "ed85092befe0a1740a7e5cd09917944fa72095e7", "best_bid": "0.09", "best_ask": "0.45"}], "timestamp": "1769384084004", "event_type": "price_change"}}
{"_local_timestamp": "2026-01-25T23:34:50.816940+00:00", "data": {"market": "0x7574b1281bb4b70889c1eddb6c792dfaa230fd6568d4fa08ff48a7b7d0da0ecf", "price_changes": [{"asset_id": "34958021056734425606207493027963264830364280132203939603257911082582091988838", "price": "0.41", "size": "487", "side": "BUY", "hash": "2a584a174fbbd0eae065cdd5434d296d542fed3b", "best_bid": "0.55", "best_ask": "0.91"}, {"asset_id": "21925343071659716343842350944923307771324323480583567738204826742567392450228", "price": "0.59", "size": "487", "side": "SELL", "hash": "36a72e0fad052222000909cb804c4b21015d4cb6", "best_bid": "0.09", "best_ask": "0.45"}], "timestamp": "1769384090748", "event_type": "price_change"}}
{"_local_timestamp": "2026-01-25T23:34:57.074022+00:00", "data": {"market": "0x7574b1281bb4b70889c1eddb6c792dfaa230fd6568d4fa08ff48a7b7d0da0ecf", "price_changes": [{"asset_id": "34958021056734425606207493027963264830364280132203939603257911082582091988838", "price": "0.41", "size": "0", "side": "BUY", "hash": "187798569694bda1021a22fc517cff9ea4d77e50", "best_bid": "0.55", "best_ask": "0.91"}, {"asset_id": "21925343071659716343842350944923307771324323480583567738204826742567392450228", "price": "0.59", "size": "0", "side": "SELL", "hash": "f25ea30dd83a7f04ebe7e1cea099cb2d793309d9", "best_bid": "0.09", "best_ask": "0.45"}], "timestamp": "1769384097001", "event_type": "price_change"}}
{"_local_timestamp": "2026-01-25T23:35:04.761675+00:00", "data": {"market": "0x7574b1281bb4b70889c1eddb6c792dfaa230fd6568d4fa08ff48a7b7d0da0ecf", "price_changes": [{"asset_id": "34958021056734425606207493027963264830364280132203939603257911082582091988838", "price": "0.41", "size": "487", "side": "BUY", "hash": "5b17e7443fa5228721734f5d4cfdbdf5dd8869fa", "best_bid": "0.55", "best_ask": "0.91"}, {"asset_id": "21925343071659716343842350944923307771324323480583567738204826742567392450228", "price": "0.59", "size": "487", "side": "SELL", "hash": "d04b0733c698359d540a6d11af9e064f0d1e7b79", "best_bid": "0.09", "best_ask": "0.45"}], "timestamp": "1769384104694", "event_type": "price_change"}}
{"_local_timestamp": "2026-01-25T23:35:11.078153+00:00", "data": {"market": "0x7574b1281bb4b70889c1eddb6c792dfaa230fd6568d4fa08ff48a7b7d0da0ecf", "price_changes": [{"asset_id": "34958021056734425606207493027963264830364280132203939603257911082582091988838", "price": "0.41", "size": "0", "side": "BUY", "hash": "d071b45b4cfae9fe340aaca9f65b2f354f66a478", "best_bid": "0.55", "best_ask": "0.91"}, {"asset_id": "21925343071659716343842350944923307771324323480583567738204826742567392450228", "price": "0.59", "size": "0", "side": "SELL", "hash": "577644a7672c9842105844a951170ebbe990e5ff", "best_bid": "0.09", "best_ask": "0.45"}], "timestamp": "1769384111000", "event_type": "price_change"}}
{"_local_timestamp": "2026-01-25T23:35:17.983447+00:00", "data": {"market": "0x7574b1281bb4b70889c1eddb6c792dfaa230fd6568d4fa08ff48a7b7d0da0ecf", "price_changes": [{"asset_id": "34958021056734425606207493027963264830364280132203939603257911082582091988838", "price": "0.41", "size": "487", "side": "BUY", "hash": "a8f83d42da18c560a23d789fbda3f45fe9ecdf8f", "best_bid": "0.55", "best_ask": "0.91"}, {"asset_id": "21925343071659716343842350944923307771324323480583567738204826742567392450228", "price": "0.59", "size": "487", "side": "SELL", "hash": "fddad872043e9cf2d376498e7cede4951f59c25a", "best_bid": "0.09", "best_ask": "0.45"}], "timestamp": "1769384117913", "event_type": "price_change"}}
{"_local_timestamp": "2026-01-25T23:35:24.131344+00:00", "data": {"market": "0x7574b1281bb4b70889c1eddb6c792dfaa230fd6568d4fa08ff48a7b7d0da0ecf", "price_changes": [{"asset_id": "34958021056734425606207493027963264830364280132203939603257911082582091988838", "price": "0.41", "size": "0", "side": "BUY", "hash": "9aedadd776a105f2ed0de327d6769afa3dc3035e", "best_bid": "0.55", "best_ask": "0.91"}, {"asset_id": "21925343071659716343842350944923307771324323480583567738204826742567392450228", "price": "0.59", "size": "0", "side": "SELL", "hash": "ae42de73fc9a3b49ebf78d02af2b630768de1654", "best_bid": "0.09", "best_ask": "0.45"}], "timestamp": "1769384124009", "event_type": "price_change"}}
{"_local_timestamp": "2026-01-25T23:35:30.734357+00:00", "data": {"market": "0x7574b1281bb4b70889c1eddb6c792dfaa230fd6568d4fa08ff48a7b7d0da0ecf", "price_changes": [{"asset_id": "34958021056734425606207493027963264830364280132203939603257911082582091988838", "price": "0.41", "size": "487", "side": "BUY", "hash": "398e23dc9527509740b60238b421d11da1acb845", "best_bid": "0.55", "best_ask": "0.91"}, {"asset_id": "21925343071659716343842350944923307771324323480583567738204826742567392450228", "price": "0.59", "size": "487", "side": "SELL", "hash": "da1f106b327995d5295b5262b9279f6db73e2f39", "best_bid": "0.09", "best_ask": "0.45"}], "timestamp": "1769384130657", "event_type": "price_change"}}
{"_local_timestamp": "2026-01-25T23:35:37.083858+00:00", "data": {"market": "0x7574b1281bb4b70889c1eddb6c792dfaa230fd6568d4fa08ff48a7b7d0da0ecf", "price_changes": [{"asset_id": "34958021056734425606207493027963264830364280132203939603257911082582091988838", "price": "0.41", "size": "0", "side": "BUY", "hash": "b127468544abc4d8dc126823d660f1850bbcf102", "best_bid": "0.55", "best_ask": "0.91"}, {"asset_id": "21925343071659716343842350944923307771324323480583567738204826742567392450228", "price": "0.59", "size": "0", "side": "SELL", "hash": "4e17a1ca7c10e11fe46aba963cb95cf225857a70", "best_bid": "0.09", "best_ask": "0.45"}], "timestamp": "1769384137000", "event_type": "price_change"}}
{"_local_timestamp": "2026-01-25T23:35:43.189624+00:00", "data": {"market": "0x8243ff3762bcd3bb8b1d15e665cdcc35716ff318f96fb4631bb46b9eddf8c86a", "price_changes": [{"asset_id": "80154436186274737074522997979313743066759452931198098959504359914163403000674", "price": "0.02", "size": "0", "side": "BUY", "hash": "14f3bfd11ee0614b77b105b2c565b133031ffe88", "best_bid": "0.01", "best_ask": "0.98"}, {"asset_id": "84909880410540638760851349939756323384280160356000595880681494003468739085587", "price": "0.98", "size": "0", "side": "SELL", "hash": "a3538b70f3e5c55c6e939d65b50b6b84cee976c1", "best_bid": "0.02", "best_ask": "0.99"}], "timestamp": "1769384143124", "event_type": "price_change"}}
{"_local_timestamp": "2026-01-25T23:35:43.278888+00:00", "data": {"market": "0x7574b1281bb4b70889c1eddb6c792dfaa230fd6568d4fa08ff48a7b7d0da0ecf", "price_changes": [{"asset_id": "34958021056734425606207493027963264830364280132203939603257911082582091988838", "price": "0.41", "size": "487", "side": "BUY", "hash": "2a6cdb9bfd15b11e2c0ce36441b62c1d6e3fa49a", "best_bid": "0.55", "best_ask": "0.91"}, {"asset_id": "21925343071659716343842350944923307771324323480583567738204826742567392450228", "price": "0.59", "size": "487", "side": "SELL", "hash": "308ce89c69a87faca6419c29e0ba73bb52a0b098", "best_bid": "0.09", "best_ask": "0.45"}], "timestamp": "1769384143210", "event_type": "price_change"}}
{"_local_timestamp": "2026-01-25T23:35:43.721209+00:00", "data": {"market": "0x8243ff3762bcd3bb8b1d15e665cdcc35716ff318f96fb4631bb46b9eddf8c86a", "price_changes": [{"asset_id": "80154436186274737074522997979313743066759452931198098959504359914163403000674", "price": "0.02", "size": "14.68", "side": "BUY", "hash": "e1812296f9b9cf67d9cbd1bf78fd82efe68ce21e", "best_bid": "0.02", "best_ask": "0.98"}, {"asset_id": "84909880410540638760851349939756323384280160356000595880681494003468739085587", "price": "0.98", "size": "14.68", "side": "SELL", "hash": "4c48e59a9911cea374ddb20c9976a952de48d732", "best_bid": "0.02", "best_ask": "0.98"}], "timestamp": "1769384143650", "event_type": "price_change"}}
{"_local_timestamp": "2026-01-25T23:35:43.722697+00:00", "data": {"market": "0x8243ff3762bcd3bb8b1d15e665cdcc35716ff318f96fb4631bb46b9eddf8c86a", "price_changes": [{"asset_id": "80154436186274737074522997979313743066759452931198098959504359914163403000674", "price": "0.01", "size": "79.61", "side": "BUY", "hash": "5b9c5d3ae623ca39f074c9dcfa338f337253d603", "best_bid": "0.02", "best_ask": "0.98"}, {"asset_id": "84909880410540638760851349939756323384280160356000595880681494003468739085587", "price": "0.99", "size": "79.61", "side": "SELL", "hash": "f96c7b210daeb2af5a246d2d9172244d4ef3afea", "best_bid": "0.02", "best_ask": "0.98"}], "timestamp": "1769384143651", "event_type": "price_change"}}
{"_local_timestamp": "2026-01-25T23:35:44.660736+00:00", "data": {"market": "0x8243ff3762bcd3bb8b1d15e665cdcc35716ff318f96fb4631bb46b9eddf8c86a", "price_changes": [{"asset_id": "80154436186274737074522997979313743066759452931198098959504359914163403000674", "price": "0.01", "size": "58.97", "side": "BUY", "hash": "66cc8384bfc83d1d7f57aae3478aab20a6af74ed", "best_bid": "0.02", "best_ask": "0.98"}, {"asset_id": "84909880410540638760851349939756323384280160356000595880681494003468739085587", "price": "0.99", "size": "58.97", "side": "SELL", "hash": "bfe3269fcc6bb743138ef6bde5b546a3715f1854", "best_bid": "0.02", "best_ask": "0.98"}], "timestamp": "1769384144589", "event_type": "price_change"}}
{"_local_timestamp": "2026-01-25T23:35:44.906802+00:00", "data": {"market": "0x8243ff3762bcd3bb8b1d15e665cdcc35716ff318f96fb4631bb46b9eddf8c86a", "price_changes": [{"asset_id": "80154436186274737074522997979313743066759452931198098959504359914163403000674", "price": "0.01", "size": "79.61", "side": "BUY", "hash": "0f59c66d81237f6975e070de603a71db68057ced", "best_bid": "0.02", "best_ask": "0.98"}, {"asset_id": "84909880410540638760851349939756323384280160356000595880681494003468739085587", "price": "0.99", "size": "79.61", "side": "SELL", "hash": "9887e815cb23975cc6104c16119f44d0d7830405", "best_bid": "0.02", "best_ask": "0.98"}], "timestamp": "1769384144833", "event_type": "price_change"}}
{"_local_timestamp": "2026-01-25T23:35:49.133867+00:00", "data": {"market": "0x7574b1281bb4b70889c1eddb6c792dfaa230fd6568d4fa08ff48a7b7d0da0ecf", "price_changes": [{"asset_id": "34958021056734425606207493027963264830364280132203939603257911082582091988838", "price": "0.41", "size": "0", "side": "BUY", "hash": "cc5b6bbbeb44afb1bf9adcd1ba7a1d593d6ce864", "best_bid": "0.55", "best_ask": "0.91"}, {"asset_id": "21925343071659716343842350944923307771324323480583567738204826742567392450228", "price": "0.59", "size": "0", "side": "SELL", "hash": "fc7d2310dc23b2513eba116c24a644b0424071b8", "best_bid": "0.09", "best_ask": "0.45"}], "timestamp": "1769384149004", "event_type": "price_change"}}
{"_local_timestamp": "2026-01-25T23:35:56.576518+00:00", "data": {"market": "0x7574b1281bb4b70889c1eddb6c792dfaa230fd6568d4fa08ff48a7b7d0da0ecf", "price_changes": [{"asset_id": "34958021056734425606207493027963264830364280132203939603257911082582091988838", "price": "0.41", "size": "487", "side": "BUY", "hash": "4def2776b5e16c231f5b8c85bd9db26ed2e26adf", "best_bid": "0.55", "best_ask": "0.91"}, {"asset_id": "21925343071659716343842350944923307771324323480583567738204826742567392450228", "price": "0.59", "size": "487", "side": "SELL", "hash": "77a61ffc4d354f8933a2cf63b3e193fb7abb4ccb", "best_bid": "0.09", "best_ask": "0.45"}], "timestamp": "1769384156468", "event_type": "price_change"}}
{"_local_timestamp": "2026-01-25T23:36:03.119040+00:00", "data": {"market": "0x7574b1281bb4b70889c1eddb6c792dfaa230fd6568d4fa08ff48a7b7d0da0ecf", "price_changes": [{"asset_id": "34958021056734425606207493027963264830364280132203939603257911082582091988838", "price": "0.41", "size": "0", "side": "BUY", "hash": "c6cc655d54c323c57449e5d9086960dbef4b589e", "best_bid": "0.55", "best_ask": "0.91"}, {"asset_id": "21925343071659716343842350944923307771324323480583567738204826742567392450228", "price": "0.59", "size": "0", "side": "SELL", "hash": "937d2bba7e4dd19994d37267378da31e08b0bf4a", "best_bid": "0.09", "best_ask": "0.45"}], "timestamp": "1769384163006", "event_type": "price_change"}}
{"_local_timestamp": "2026-01-25T23:36:03.886935+00:00", "data": {"market": "0x8243ff3762bcd3bb8b1d15e665cdcc35716ff318f96fb4631bb46b9eddf8c86a", "price_changes": [{"asset_id": "80154436186274737074522997979313743066759452931198098959504359914163403000674", "price": "0.01", "size": "58.97", "side": "BUY", "hash": "7caa9fbd94dee905e46dab2492640f071e171bf3", "best_bid": "0.02", "best_ask": "0.98"}, {"asset_id": "84909880410540638760851349939756323384280160356000595880681494003468739085587", "price": "0.99", "size": "58.97", "side": "SELL", "hash": "699d5dd0860eb28857e3bda1e9514c4dfa780ea6", "best_bid": "0.02", "best_ask": "0.98"}], "timestamp": "1769384163819", "event_type": "price_change"}}
{"_local_timestamp": "2026-01-25T23:36:04.218281+00:00", "data": {"market": "0x8243ff3762bcd3bb8b1d15e665cdcc35716ff318f96fb4631bb46b9eddf8c86a", "price_changes": [{"asset_id": "80154436186274737074522997979313743066759452931198098959504359914163403000674", "price": "0.01", "size": "79.61", "side": "BUY", "hash": "2dd3c3309d0cd5b49803e8b37ea442b74251e455", "best_bid": "0.02", "best_ask": "0.98"}, {"asset_id": "84909880410540638760851349939756323384280160356000595880681494003468739085587", "price": "0.99", "size": "79.61", "side": "SELL", "hash": "256c2e5581c0c50e711f7e26a1ef5a42e1124e57", "best_bid": "0.02", "best_ask": "0.98"}], "timestamp": "1769384164135", "event_type": "price_change"}}
{"_local_timestamp": "2026-01-25T23:36:09.526668+00:00", "data": {"market": "0x7574b1281bb4b70889c1eddb6c792dfaa230fd6568d4fa08ff48a7b7d0da0ecf", "price_changes": [{"asset_id": "34958021056734425606207493027963264830364280132203939603257911082582091988838", "price": "0.41", "size": "487", "side": "BUY", "hash": "c1e23d8273e06856068cc8eebed481946fd25ad0", "best_bid": "0.55", "best_ask": "0.91"}, {"asset_id": "21925343071659716343842350944923307771324323480583567738204826742567392450228", "price": "0.59", "size": "487", "side": "SELL", "hash": "67d980fbf80464aca76189f3e818d761826ca57c", "best_bid": "0.09", "best_ask": "0.45"}], "timestamp": "1769384169461", "event_type": "price_change"}}
{"_local_timestamp": "2026-01-25T23:36:16.083732+00:00", "data": {"market": "0x7574b1281bb4b70889c1eddb6c792dfaa230fd6568d4fa08ff48a7b7d0da0ecf", "price_changes": [{"asset_id": "34958021056734425606207493027963264830364280132203939603257911082582091988838", "price": "0.41", "size": "0", "side": "BUY", "hash": "4fa744fd19bb190f5fa83cbeef3989b2b141d4b4", "best_bid": "0.55", "best_ask": "0.91"}, {"asset_id": "21925343071659716343842350944923307771324323480583567738204826742567392450228", "price": "0.59", "size": "0", "side": "SELL", "hash": "7f59199f33a7c12da453e82c25c19ab7bc2efa17", "best_bid": "0.09", "best_ask": "0.45"}], "timestamp": "1769384176000", "event_type": "price_change"}}
{"_local_timestamp": "2026-01-25T23:36:18.013947+00:00", "data": {"market": "0x8243ff3762bcd3bb8b1d15e665cdcc35716ff318f96fb4631bb46b9eddf8c86a", "price_changes": [{"asset_id": "80154436186274737074522997979313743066759452931198098959504359914163403000674", "price": "0.01", "size": "58.97", "side": "BUY", "hash": "65f8b0d98a6bdf42bcb87e05d971ae186781d993", "best_bid": "0.02", "best_ask": "0.98"}, {"asset_id": "84909880410540638760851349939756323384280160356000595880681494003468739085587", "price": "0.99", "size": "58.97", "side": "SELL", "hash": "4e450f27765953817b71dc69a71d5abb4f33f94a", "best_bid": "0.02", "best_ask": "0.98"}], "timestamp": "1769384177942", "event_type": "price_change"}}
{"_local_timestamp": "2026-01-25T23:36:18.455961+00:00", "data": {"market": "0x8243ff3762bcd3bb8b1d15e665cdcc35716ff318f96fb4631bb46b9eddf8c86a", "price_changes": [{"asset_id": "80154436186274737074522997979313743066759452931198098959504359914163403000674", "price": "0.01", "size": "79.61", "side": "BUY", "hash": "f0b14a500759aff1e83c7b8701aad86ec681b7c7", "best_bid": "0.02", "best_ask": "0.98"}, {"asset_id": "84909880410540638760851349939756323384280160356000595880681494003468739085587", "price": "0.99", "size": "79.61", "side": "SELL", "hash": "88487d0d809d0b324f3c05011c70713cc47fb885", "best_bid": "0.02", "best_ask": "0.98"}], "timestamp": "1769384178367", "event_type": "price_change"}}
{"_local_timestamp": "2026-01-25T23:36:23.102733+00:00", "data": {"market": "0x7574b1281bb4b70889c1eddb6c792dfaa230fd6568d4fa08ff48a7b7d0da0ecf", "price_changes": [{"asset_id": "34958021056734425606207493027963264830364280132203939603257911082582091988838", "price": "0.41", "size": "487", "side": "BUY", "hash": "8a414acb6585a45d4586a1ed34b93734b43a7db9", "best_bid": "0.55", "best_ask": "0.91"}, {"asset_id": "21925343071659716343842350944923307771324323480583567738204826742567392450228", "price": "0.59", "size": "487", "side": "SELL", "hash": "ea40e7b5d3451ac47a01edcf3fbcdfa2493d2b5b", "best_bid": "0.09", "best_ask": "0.45"}], "timestamp": "1769384183031", "event_type": "price_change"}}
{"_local_timestamp": "2026-01-25T23:36:29.137991+00:00", "data": {"market": "0x7574b1281bb4b70889c1eddb6c792dfaa230fd6568d4fa08ff48a7b7d0da0ecf", "price_changes": [{"asset_id": "34958021056734425606207493027963264830364280132203939603257911082582091988838", "price": "0.41", "size": "0", "side": "BUY", "hash": "170560af99fc023147729ff2cca49d6fffc9c62a", "best_bid": "0.55", "best_ask": "0.91"}, {"asset_id": "21925343071659716343842350944923307771324323480583567738204826742567392450228", "price": "0.59", "size": "0", "side": "SELL", "hash": "1f830f0f34f57be3f654d9d01d113616b49362bb", "best_bid": "0.09", "best_ask": "0.45"}], "timestamp": "1769384189001", "event_type": "price_change"}}
{"_local_timestamp": "2026-01-25T23:36:32.107666+00:00", "data": {"market": "0x8243ff3762bcd3bb8b1d15e665cdcc35716ff318f96fb4631bb46b9eddf8c86a", "price_changes": [{"asset_id": "80154436186274737074522997979313743066759452931198098959504359914163403000674", "price": "0.01", "size": "58.97", "side": "BUY", "hash": "e86bf46a948e1815cc6da1dda937332752f8973c", "best_bid": "0.02", "best_ask": "0.98"}, {"asset_id": "84909880410540638760851349939756323384280160356000595880681494003468739085587", "price": "0.99", "size": "58.97", "side": "SELL", "hash": "e2d7792f8992359405f920225954098513769f64", "best_bid": "0.02", "best_ask": "0.98"}], "timestamp": "1769384192043", "event_type": "price_change"}}
{"_local_timestamp": "2026-01-25T23:36:32.454138+00:00", "data": {"market": "0x8243ff3762bcd3bb8b1d15e665cdcc35716ff318f96fb4631bb46b9eddf8c86a", "price_changes": [{"asset_id": "80154436186274737074522997979313743066759452931198098959504359914163403000674", "price": "0.01", "size": "79.61", "side": "BUY", "hash": "0cf3c7833888fcda7f79a16b6f03ad32e3bb241a", "best_bid": "0.02", "best_ask": "0.98"}, {"asset_id": "84909880410540638760851349939756323384280160356000595880681494003468739085587", "price": "0.99", "size": "79.61", "side": "SELL", "hash": "26a9cf53376bac3509d2c708cc5c9dcb7cbb9159", "best_bid": "0.02", "best_ask": "0.98"}], "timestamp": "1769384192389", "event_type": "price_change"}}
{"_local_timestamp": "2026-01-25T23:36:35.916747+00:00", "data": {"market": "0x7574b1281bb4b70889c1eddb6c792dfaa230fd6568d4fa08ff48a7b7d0da0ecf", "price_changes": [{"asset_id": "34958021056734425606207493027963264830364280132203939603257911082582091988838", "price": "0.41", "size": "487", "side": "BUY", "hash": "c45a7ff0afbafe8016bf8344fdebedba07698034", "best_bid": "0.55", "best_ask": "0.91"}, {"asset_id": "21925343071659716343842350944923307771324323480583567738204826742567392450228", "price": "0.59", "size": "487", "side": "SELL", "hash": "b596213d465bb1e080f468237663e32f4fae7d68", "best_bid": "0.09", "best_ask": "0.45"}], "timestamp": "1769384195849", "event_type": "price_change"}}
{"_local_timestamp": "2026-01-25T23:36:42.121676+00:00", "data": {"market": "0x7574b1281bb4b70889c1eddb6c792dfaa230fd6568d4fa08ff48a7b7d0da0ecf", "price_changes": [{"asset_id": "34958021056734425606207493027963264830364280132203939603257911082582091988838", "price": "0.41", "size": "0", "side": "BUY", "hash": "dec1bf91afb856e78b757cd752f24e9e394b583c", "best_bid": "0.55", "best_ask": "0.91"}, {"asset_id": "21925343071659716343842350944923307771324323480583567738204826742567392450228", "price": "0.59", "size": "0", "side": "SELL", "hash": "c9c9e81331dcde922097e5140fa37c3a310603d6", "best_bid": "0.09", "best_ask": "0.45"}], "timestamp": "1769384202002", "event_type": "price_change"}}
{"_local_timestamp": "2026-01-25T23:36:44.504881+00:00", "data": {"market": "0x8243ff3762bcd3bb8b1d15e665cdcc35716ff318f96fb4631bb46b9eddf8c86a", "price_changes": [{"asset_id": "80154436186274737074522997979313743066759452931198098959504359914163403000674", "price": "0.01", "size": "58.97", "side": "BUY", "hash": "0471399abdc99845c37ca2346de18c0401bd3c52", "best_bid": "0.02", "best_ask": "0.98"}, {"asset_id": "84909880410540638760851349939756323384280160356000595880681494003468739085587", "price": "0.99", "size": "58.97", "side": "SELL", "hash": "caa6d294848cf3ae2391f625c26a187957ef7f23", "best_bid": "0.02", "best_ask": "0.98"}], "timestamp": "1769384204339", "event_type": "price_change"}}
{"_local_timestamp": "2026-01-25T23:36:44.897080+00:00", "data": {"market": "0x8243ff3762bcd3bb8b1d15e665cdcc35716ff318f96fb4631bb46b9eddf8c86a", "price_changes": [{"asset_id": "80154436186274737074522997979313743066759452931198098959504359914163403000674", "price": "0.01", "size": "79.61", "side": "BUY", "hash": "d9f3181ef1b2d1f3589b8c113de4ca12cb75b7bb", "best_bid": "0.02", "best_ask": "0.98"}, {"asset_id": "84909880410540638760851349939756323384280160356000595880681494003468739085587", "price": "0.99", "size": "79.61", "side": "SELL", "hash": "4579e4efc67d234303f6d1187a91d44a7d81b48d", "best_bid": "0.02", "best_ask": "0.98"}], "timestamp": "1769384204740", "event_type": "price_change"}}
{"_local_timestamp": "2026-01-25T23:36:49.173814+00:00", "data": {"market": "0x7574b1281bb4b70889c1eddb6c792dfaa230fd6568d4fa08ff48a7b7d0da0ecf", "price_changes": [{"asset_id": "34958021056734425606207493027963264830364280132203939603257911082582091988838", "price": "0.41", "size": "487", "side": "BUY", "hash": "11f470a0818c9653ccde02448fad752ec61828df", "best_bid": "0.55", "best_ask": "0.91"}, {"asset_id": "21925343071659716343842350944923307771324323480583567738204826742567392450228", "price": "0.59", "size": "487", "side": "SELL", "hash": "1e480756ad70b5b41760421611d6f75ac4bd1a0d", "best_bid": "0.09", "best_ask": "0.45"}], "timestamp": "1769384209044", "event_type": "price_change"}}
{"_local_timestamp": "2026-01-25T23:36:55.213305+00:00", "data": {"market": "0x7574b1281bb4b70889c1eddb6c792dfaa230fd6568d4fa08ff48a7b7d0da0ecf", "price_changes": [{"asset_id": "34958021056734425606207493027963264830364280132203939603257911082582091988838", "price": "0.41", "size": "0", "side": "BUY", "hash": "ee01ff2ca96269b03e35a71c6128213756b222b7", "best_bid": "0.55", "best_ask": "0.91"}, {"asset_id": "21925343071659716343842350944923307771324323480583567738204826742567392450228", "price": "0.59", "size": "0", "side": "SELL", "hash": "1766adf056462a2f8862307d503e7119cd05b22e", "best_bid": "0.09", "best_ask": "0.45"}], "timestamp": "1769384215001", "event_type": "price_change"}}
{"_local_timestamp": "2026-01-25T23:36:59.248707+00:00", "data": {"market": "0x8243ff3762bcd3bb8b1d15e665cdcc35716ff318f96fb4631bb46b9eddf8c86a", "price_changes": [{"asset_id": "80154436186274737074522997979313743066759452931198098959504359914163403000674", "price": "0.01", "size": "58.97", "side": "BUY", "hash": "a21238f01fd345d65b243f6a26770dfa0803b363", "best_bid": "0.02", "best_ask": "0.98"}, {"asset_id": "84909880410540638760851349939756323384280160356000595880681494003468739085587", "price": "0.99", "size": "58.97", "side": "SELL", "hash": "1675dc625f323f34c82310ecc4542617d99a1e7a", "best_bid": "0.02", "best_ask": "0.98"}], "timestamp": "1769384219023", "event_type": "price_change"}}
{"_local_timestamp": "2026-01-25T23:36:59.536907+00:00", "data": {"market": "0x8243ff3762bcd3bb8b1d15e665cdcc35716ff318f96fb4631bb46b9eddf8c86a", "price_changes": [{"asset_id": "80154436186274737074522997979313743066759452931198098959504359914163403000674", "price": "0.01", "size": "79.61", "side": "BUY", "hash": "69747db9b566e6ac5e936ef47328013a6c5d3c0c", "best_bid": "0.02", "best_ask": "0.98"}, {"asset_id": "84909880410540638760851349939756323384280160356000595880681494003468739085587", "price": "0.99", "size": "79.61", "side": "SELL", "hash": "9524918f1b69b7008ce719271f35072930f25f2e", "best_bid": "0.02", "best_ask": "0.98"}], "timestamp": "1769384219357", "event_type": "price_change"}}
{"_local_timestamp": "2026-01-25T23:37:02.464453+00:00", "data": {"market": "0x7574b1281bb4b70889c1eddb6c792dfaa230fd6568d4fa08ff48a7b7d0da0ecf", "price_changes": [{"asset_id": "34958021056734425606207493027963264830364280132203939603257911082582091988838", "price": "0.41", "size": "487", "side": "BUY", "hash": "f810b4fdf580d6d651972a73d9a2de44daf157b9", "best_bid": "0.55", "best_ask": "0.91"}, {"asset_id": "21925343071659716343842350944923307771324323480583567738204826742567392450228", "price": "0.59", "size": "487", "side": "SELL", "hash": "8d30d0fb9b01b6804dcc0b6a43cb1cdd6c917420", "best_bid": "0.09", "best_ask": "0.45"}], "timestamp": "1769384222291", "event_type": "price_change"}}
