{"_local_timestamp": "2026-01-25T23:41:27.715812+00:00", "data": [{"market": "0xf94df4d02312b84dbb865038c30868e7acdf0fe7e57f1bd5c1a4e1deb31c53fe", "asset_id": "115656999605354940416257096256625047832968770187878807897409409913080042575373", "timestamp": "1769384409976", "hash": "22eff14d9681d194f1f4633b9baf40421e058d50", "bids": [{"price": "0.01", "size": "50"}], "asks": [{"price": "0.99", "size": "100"}, {"price": "0.98", "size": "5.47"}], "event_type": "book", "last_trade_price": ""}, {"market": "0x2bc735f90b4abd2ef1753b0f56ad583f0a437cfd4d97a529c64fc1350f410db0", "asset_id": "75480723604398477987870010423660697934061426157189079490365077735677577994478", "timestamp": "1769384409976", "hash": "762bb52d8d2550c7f816c18948a04b55529d1a05", "bids": [{"price": "0.01", "size": "50"}, {"price": "0.02", "size": "5.47"}], "asks": [{"price": "0.99", "size": "50"}], "event_type": "book", "last_trade_price": ""}, {"market": "0x5fc9ccf70de5535c4585bc4843f3403b61a94a5028908c74b433f5c0a41ec27a", "asset_id": "105467384232750068745860393902901251930669068086733484749850078009509934527957", "timestamp": "1769384409977", "hash": "34123851666553c2a5a91b7e8b40a8c51091ce81", "bids": [{"price": "0.01", "size": "50"}], "asks": [{"price": "0.99", "size": "50"}, {"price": "0.98", "size": "5.47"}], "event_type": "book", "last_trade_price": ""}, {"market": "0xf94df4d02312b84dbb865038c30868e7acdf0fe7e57f1bd5c1a4e1deb31c53fe", "asset_id": "103635275901246974671769015801649713761106342027438437210572207249028047296156", "timestamp": "1769384409976", "hash": "b5e4e72cc5f4823f786d732c726a8b916f443750", "bids": [{"price": "0.01", "size": "100"}, {"price": "0.02", "size": "5.47"}], "asks": [{"price": "0.99", "size": "50"}], "event_type": "book", "last_trade_price": ""}, {"market": "0x6efcd09203bf6c5a52257e54a7566982178b54852948f2471c4b16c29b2fab19", "asset_id": "64979107059497182760882016478250202283968694186575576500562950410632258880721", "timestamp": "1769384409977", "hash": "2ed69a6eb42a4d1a76cca6d08bf0b64d6ad71a58", "bids": [{"price": "0.01", "size": "450"}, {"price": "0.05", "size": "1200"}, {"price": "0.08", "size": "500"}, {"price": "0.1", "size": "10"}, {"price": "0.14", "size": "200"}, {"price": "0.4", "size": "337.5"}, {"price": "0.5", "size": "240"}, {"price": "0.55", "size": "54.54"}], "asks": [{"price": "0.99", "size": "50"}, {"price": "0.98", "size": "5.47"}, {"price": "0.9", "size": "10"}], "event_type": "book", "last_trade_price": ""}, {"market": "0x602ca1ac0bf3713ee8c8ad8a9d2b0376570d18831ee07f96e277e9f4c3194f7a", "asset_id": "113537560342543805650433890952698893137990488519353446918465914857177117186910", "timestamp": "1769384409976", "hash": "0c70854341cb9a3770544a6f8f01a292bd6d59aa", "bids": [{"price": "0.01", "size": "50"}, {"price": "0.02", "size": "5.47"}], "asks": [{"price": "0.99", "size": "50"}], "event_type": "book", "last_trade_price": ""}, {"market": "0x3c9e8415f131a99d545d3e86f18ff9ad1c0896077ef255993a91e91ccbafffd5", "asset_id": "64962247760219072303263061111968598450928514581550852249764374923654510419227", "timestamp": "1769384409976", "hash": "15968e5c10bb39c8e57920496edadca642435c47", "bids": [{"price": "0.01", "size": "50"}], "asks": [{"price": "0.99", "size": "50"}, {"price": "0.98", "size": "5.47"}], "event_type": "book", "last_trade_price": ""}, {"market": "0x5fc9ccf70de5535c4585bc4843f3403b61a94a5028908c74b433f5c0a41ec27a", "asset_id": "1304136327608477722835802114279709590264106243575436398400857042624284157379", "timestamp": "1769384409977", "hash": "7b8ea3e5108e0bdb4d1adf84f2652bdaff39b85d", "bids": [{"price": "0.01", "size": "50"}, {"price": "0.02", "size": "5.47"}], "asks": [{"price": "0.99", "size": "50"}], "event_type": "book", "last_trade_price": ""}, {"market": "0xa3bcd0a68c7d3475910449165f024a38d6b0ebbd22b852e69b27d8a562a9e212", "asset_id": "77319833207282664434841648142849846639025814516511922048136550539492421406498", "timestamp": "1769384409976", "hash": "62703924a39b8ca0ee52821df9592e018daf3589", "bids": [{"price": "0.01", "size": "50"}], "asks": [{"price": "0.99", "size": "50"}, {"price": "0.98", "size": "5.47"}], "event_type": "book", "last_trade_price": ""}, {"market": "0x602ca1ac0bf3713ee8c8ad8a9d2b0376570d18831ee07f96e277e9f4c3194f7a", "asset_id": "16774883989175071564718222708260056205715936826417405809099641306391686385119", "timestamp": "1769384409976", "hash": "5a66a84836356323700b1c334a8fb6006c6f4bf7", "bids": [{"price": "0.01", "size": "50"}], "asks": [{"price": "0.99", "size": "50"}, {"price": "0.98", "size": "5.47"}], "event_type": "book", "last_trade_price": ""}, {"market": "0x5d4919c97d155d92d066ac0309257b39fe34c48f712f83581bfa857fde9eb6c2", "asset_id": "62348350050589151958661469726367514854978885515482235538197963762671038590321", "timestamp": "1769384409976", "hash": "b2e723f90d0d528bf8a986d7475ba2d782753e6e", "bids": [{"price": "0.01", "size": "50"}], "asks": [{"price": "0.99", "size": "50"}, {"price": "0.98", "size": "5.47"}], "event_type": "book", "last_trade_price": ""}, {"market": "0xb22051dae70245dedabbff1225bc09ca2bb4dc9d41b8233b123b470b0c5899dc", "asset_id": "2388364946440971587327573482786230222674858246580766115960220644747894685532", "timestamp": "1769384409975", "hash": "b2525d26b1fb6cdc218a7043445f46de5171c26c", "bids": [{"price": "0.01", "size": "50"}], "asks": [{"price": "0.99", "size": "100"}, {"price": "0.98", "size": "5.47"}], "event_type": "book", "last_trade_price": ""}, {"market": "0x6efcd09203bf6c5a52257e54a7566982178b54852948f2471c4b16c29b2fab19", "asset_id": "86035907090612311079430726996855806429126156075727357205589942444808020758553", "timestamp": "1769384409977", "hash": "e80586f569fbb29632a587f79659af83f7475b71", "bids": [{"price": "0.01", "size": "50"}, {"price": "0.02", "size": "5.47"}, {"price": "0.1", "size": "10"}], "asks": [{"price": "0.99", "size": "450"}, {"price": "0.95", "size": "1200"}, {"price": "0.92", "size": "500"}, {"price": "0.9", "size": "10"}, {"price": "0.86", "size": "200"}, {"price": "0.6", "size": "337.5"}, {"price": "0.5", "size": "240"}, {"price": "0.45", "size": "54.54"}], "event_type": "book", "last_trade_price": ""}, {"market": "0xa3bcd0a68c7d3475910449165f024a38d6b0ebbd22b852e69b27d8a562a9e212", "asset_id": "98913303366338081376590100486964869414651030978142745475954884254379339489079", "timestamp": "1769384409976", "hash": "e080620f9204f6f94e475d55d60cb58f194e64ce", "bids": [{"price": "0.01", "size": "50"}, {"price": "0.02", "size": "5.47"}], "asks": [{"price": "0.99", "size": "50"}], "event_type": "book", "last_trade_price": ""}, {"market": "0x5d4919c97d155d92d066ac0309257b39fe34c48f712f83581bfa857fde9eb6c2", "asset_id": "3699897649525070560696285513361292158525646328316600968007752743369556779934", "timestamp": "1769384409976", "hash": "3be3a276dbbb01047574b95de76a624dd646c700", "bids": [{"price": "0.01", "size": "50"}, {"price": "0.02", "size": "5.47"}], "asks": [{"price": "0.99", "size": "50"}], "event_type": "book", "last_trade_price": ""}, {"market": "0x2bc735f90b4abd2ef1753b0f56ad583f0a437cfd4d97a529c64fc1350f410db0", "asset_id": "7634677892884961424700511115930656930268529583344857670296250397383277559926", "timestamp": "1769384409976", "hash": "39c9b5f683985df340884fea84f0a1edb1221414", "bids": [{"price": "0.01", "size": "50"}], "asks": [{"price": "0.99", "size": "50"}, {"price": "0.98", "size": "5.47"}], "event_type": "book", "last_trade_price": ""}, {"market": "0xb22051dae70245dedabbff1225bc09ca2bb4dc9d41b8233b123b470b0c5899dc", "asset_id": "57589428725049513684637369406164761388269400910913605686021441355011881520399", "timestamp": "1769384409975", "hash": "a094c4e2bffdaaae5dbc5a1da6bc4570d6e67b54", "bids": [{"price": "0.01", "size": "100"}, {"price": "0.02", "size": "5.47"}], "asks": [{"price": "0.99", "size": "50"}], "event_type": "book", "last_trade_price": ""}, {"market": "0x3c9e8415f131a99d545d3e86f18ff9ad1c0896077ef255993a91e91ccbafffd5", "asset_id": "75191072159900555563491443131916969752858960712094684389023380028995183632495", "timestamp": "1769384409976", "hash": "dfb6028656710e922a2abb7481e78e503446ec79", "bids": [{"price": "0.01", "size": "50"}, {"price": "0.02", "size": "5.47"}], "asks": [{"price": "0.99", "size": "50"}], "event_type": "book", "last_trade_price": ""}]}
