{"_local_timestamp": "2026-01-25T23:41:31.821720+00:00", "data": [{"market": "0xd60c1b386df6561964337350227eeed046c8707e412a987c02875cbb0788aeb3", "asset_id": "67778711183127413243485553276229295529561272327151368268080243567617189277148", "timestamp": "1769384409408", "hash": "f448a958881534a669cbefe662098636950f4d8e", "bids": [{"price": "0.01", "size": "50"}], "asks": [{"price": "0.99", "size": "50"}, {"price": "0.98", "size": "5.47"}], "event_type": "book", "last_trade_price": ""}, {"market": "0x599252abe5cd200e09c916e1aea5e66ebb97d2c4cbd0f31a5a3d978f094e7086", "asset_id": "61809132306274870317543146000943961102129900590159305131393361998962365216049", "timestamp": "1769384409408", "hash": "1bc686de0166cc5244746f9fa433445c6d92d057", "bids": [{"price": "0.01", "size": "50"}], "asks": [{"price": "0.99", "size": "50"}, {"price": "0.98", "size": "5.47"}], "event_type": "book", "last_trade_price": ""}, {"market": "0x30a667542d40f03abfa14127ab792e01355aebe4c491aa90d1c47c23be99206c", "asset_id": "50437457758786701042434844561705011044996652064172789587568969669043051128793", "timestamp": "1769384409408", "hash": "2dc6f761dc687cd7e849621d6062ece1a529f339", "bids": [{"price": "0.01", "size": "50"}, {"price": "0.02", "size": "5.47"}], "asks": [{"price": "0.99", "size": "50"}], "event_type": "book", "last_trade_price": ""}, {"market": "0xd1974cf64409dfec9b17904967cc6ecff6f8970f8f3759c1b86ba0e64a171538", "asset_id": "92342905622437245884371867095723087884824449392441354695171383660066887680130", "timestamp": "1769384409405", "hash": "73d35533420b3635ce8d5a0294733920a3d71df5", "bids": [{"price": "0.01", "size": "50"}], "asks": [{"price": "0.99", "size": "50"}, {"price": "0.98", "size": "5.47"}], "event_type": "book", "last_trade_price": ""}, {"market": "0xd1974cf64409dfec9b17904967cc6ecff6f8970f8f3759c1b86ba0e64a171538", "asset_id": "77221348883149842994057863348426160118846354254629335545566757538042793551232", "timestamp": "1769384409405", "hash": "8d8684ba970e114c5b0ebb4cbaf9f2de15ca0c89", "bids": [{"price": "0.01", "size": "50"}, {"price": "0.02", "size": "5.47"}], "asks": [{"price": "0.99", "size": "50"}], "event_type": "book", "last_trade_price": ""}, {"market": "0x4f000eff887309c9b4bd547f9445065c47c788cb7493e5a299217a5dc6d99f29", "asset_id": "27905529488824255523971326744140266498171738075196120123922760816728925212243", "timestamp": "1769384409408", "hash": "39cbcddf3fc32856bb5f48bf0c0290f44a7b46a1", "bids": [{"price": "0.01", "size": "50"}, {"price": "0.02", "size": "5.47"}], "asks": [{"price": "0.99", "size": "50"}], "event_type": "book", "last_trade_price": ""}, {"market": "0x30a667542d40f03abfa14127ab792e01355aebe4c491aa90d1c47c23be99206c", "asset_id": "62828815479520501293266106819424012434711389031257115492169179579955432380274", "timestamp": "1769384409408", "hash": "f098c47b32bce2cae8467e991ee345dfa120d561", "bids": [{"price": "0.01", "size": "50"}], "asks": [{"price": "0.99", "size": "50"}, {"price": "0.98", "size": "5.47"}], "event_type": "book", "last_trade_price": ""}, {"market": "0x77f0b9e864a64fd8c104aba3c61c7b02714bce5d2bfa7c8bf9ebbf82ee600e47", "asset_id": "48852926669842004096477203023621303532825907363587368518719951150526746794251", "timestamp": "1769384409405", "hash": "791475f22ebb9155c9d9681d80e24485f2eab723", "bids": [{"price": "0.01", "size": "50"}, {"price": "0.02", "size": "5.47"}], "asks": [{"price": "0.99", "size": "50"}], "event_type": "book", "last_trade_price": ""}, {"market": "0xa80b9f799a1b6ccdb496a9a3488f1dddf9435189e4126f4ea634675de7711cf5", "asset_id": "11851486671232173809358090026821015400639394960585848083246193037399164781839", "timestamp": "1769384409405", "hash": "0d3533e8f28a04c7e9b139304ac5ad3fe85bed72", "bids": [{"price": "0.01", "size": "50"}], "asks": [{"price": "0.99", "size": "50"}, {"price": "0.98", "size": "5.47"}], "event_type": "book", "last_trade_price": ""}, {"market": "0xb513315539b0e4957d8e36aa50afed10bd0716c52dd99cab633845b51e58e773", "asset_id": "112547099516105841796273123535764284577062377184765160749893321006803259447690", "timestamp": "1769384409405", "hash": "3663eb3852bd98b1398d9d9fc9aafd4d000c9d8e", "bids": [{"price": "0.01", "size": "50"}, {"price": "0.1", "size": "2.44"}], "asks": [{"price": "0.99", "size": "50"}, {"price": "0.98", "size": "5.47"}, {"price": "0.9", "size": "10"}], "event_type": "book", "last_trade_price": "0.100"}, {"market": "0x70cf627992eabb9aabf8214f68371ee04ae81f40cb3cbc3ac917ec950834c59a", "asset_id": "94758843103129498930572169689975128291098933237105793689830568587063864519660", "timestamp": "1769384409405", "hash": "1d28efbfd55f4dde08c186712f0064bfd4447197", "bids": [{"price": "0.01", "size": "50"}, {"price": "0.02", "size": "5.47"}], "asks": [{"price": "0.99", "size": "50"}], "event_type": "book", "last_trade_price": ""}, {"market": "0x70cf627992eabb9aabf8214f68371ee04ae81f40cb3cbc3ac917ec950834c59a", "asset_id": "78332247075442714492906421388082697029808002140133215295324120479643526407719", "timestamp": "1769384409405", "hash": "56e576f0497ff16b4c4a8adf2143d00133982a50", "bids": [{"price": "0.01", "size": "50"}], "asks": [{"price": "0.99", "size": "50"}, {"price": "0.98", "size": "5.47"}], "event_type": "book", "last_trade_price": ""}, {"market": "0x599252abe5cd200e09c916e1aea5e66ebb97d2c4cbd0f31a5a3d978f094e7086", "asset_id": "8134625901704616206626607770882106352650413464629230459671151439860318438401", "timestamp": "1769384409408", "hash": "6af630048f1ad67572efbbdae4f3b15284f3d823", "bids": [{"price": "0.01", "size": "50"}, {"price": "0.02", "size": "5.47"}], "asks": [{"price": "0.99", "size": "50"}], "event_type": "book", "last_trade_price": ""}, {"market": "0xa80b9f799a1b6ccdb496a9a3488f1dddf9435189e4126f4ea634675de7711cf5", "asset_id": "76426249291220690183181435368560998190913544655257881357240974620472153308183", "timestamp": "1769384409405", "hash": "aa5f790c5e8caef4d514a96454ac47cb5746fc7a", "bids": [{"price": "0.01", "size": "50"}, {"price": "0.02", "size": "5.47"}], "asks": [{"price": "0.99", "size": "50"}], "event_type": "book", "last_trade_price": ""}, {"market": "0xb513315539b0e4957d8e36aa50afed10bd0716c52dd99cab633845b51e58e773", "asset_id": "95777132000753446456017695212679657753341199515230913383881987157712081929888", "timestamp": "1769384409405", "hash": "e879d65be701a743d8cc0cd296d2d4f29dcfbc17", "bids": [{"price": "0.01", "size": "50"}, {"price": "0.02", "size": "5.47"}, {"price": "0.1", "size": "10"}], "asks": [{"price": "0.99", "size": "50"}, {"price": "0.9", "size": "2.44"}], "event_type": "book", "last_trade_price": "0.100"}, {"market": "0xd60c1b386df6561964337350227eeed046c8707e412a987c02875cbb0788aeb3", "asset_id": "64808134237783679940628959314452994671912522575218014025099107285378758946239", "timestamp": "1769384409405", "hash": "1ee4fa6d279beacae683781796e0925933d18439", "bids": [{"price": "0.01", "size": "100"}, {"price": "0.02", "size": "5.47"}], "asks": [{"price": "0.99", "size": "50"}], "event_type": "book", "last_trade_price": ""}, {"market": "0x4f000eff887309c9b4bd547f9445065c47c788cb7493e5a299217a5dc6d99f29", "asset_id": "38713612260101502351332861774928007467195582969476862769496213049289855862183", "timestamp": "1769384409408", "hash": "e203237737555634291db111bef6fdf42176a5b6", "bids": [{"price": "0.01", "size": "50"}], "asks": [{"price": "0.99", "size": "50"}, {"price": "0.98", "size": "5.47"}], "event_type": "book", "last_trade_price": ""}, {"market": "0x77f0b9e864a64fd8c104aba3c61c7b02714bce5d2bfa7c8bf9ebbf82ee600e47", "asset_id": "30669124386104631671934384799485924914805367716971602638063241914566109936758", "timestamp": "1769384409405", "hash": "b7ae42b03b504de5ca14ae873197fe8f5a26be21", "bids": [{"price": "0.01", "size": "50"}], "asks": [{"price": "0.99", "size": "50"}, {"price": "0.98", "size": "5.47"}], "event_type": "book", "last_trade_price": ""}]}
