{"_local_timestamp": "2026-01-25T23:34:23.986506+00:00", "data": [{"market": "0xff9152ec451d67a198206af9773951127fab70d2cd6cd91bc1f291393d6fbd7f", "asset_id": "14915115723760088170306113551472660348418065776936408252051330459786705254219", "timestamp": "1769383452393", "hash": "07f4bb837dadf9f8800ad439ca3fa1e7ee51624a", "bids": [{"price": "0.01", "size": "101.24"}, {"price": "0.02", "size": "24.37"}], "asks": [{"price": "0.99", "size": "100"}, {"price": "0.98", "size": "30.47"}], "event_type": "book", "last_trade_price": ""}, {"market": "0x1f1698a86391f7709d2360a7d15700d26f48fe69782b181ef4b48cb037f96e56", "asset_id": "89282530864188765464922233293366123668093775786903030209829737510647987345729", "timestamp": "1769383452662", "hash": "1e524f9dcbcac9e4be8fe536b71b69ce5abda278", "bids": [{"price": "0.01", "size": "101.24"}, {"price": "0.02", "size": "24.37"}], "asks": [{"price": "0.99", "size": "100"}, {"price": "0.98", "size": "30.47"}], "event_type": "book", "last_trade_price": ""}, {"market": "0x8cca364172fb6a5dde37e264546daf63d6f67712560e1b7b19d8f2592636a24e", "asset_id": "52562226971328331450943991126843536231302283820664107940017022771678047851443", "timestamp": "1769383455718", "hash": "9af7c60ef3ebd79a4c3479c53071504114672502", "bids": [{"price": "0.01", "size": "101.24"}, {"price": "0.02", "size": "24.37"}], "asks": [{"price": "0.99", "size": "100"}, {"price": "0.98", "size": "30.47"}], "event_type": "book", "last_trade_price": ""}, {"market": "0xc5629cd6e0daa5e170187e2ea31d5e27247d71970a34f53972b0bfa74fa5223b", "asset_id": "20458562085780159152855259994255865045761014305311303590441211262128691543927", "timestamp": "1769383453817", "hash": "2c058dc67b05b4603fd4b030383eae3bf6731fb4", "bids": [{"price": "0.01", "size": "100"}, {"price": "0.02", "size": "30.47"}], "asks": [{"price": "0.99", "size": "101.24"}, {"price": "0.98", "size": "24.37"}], "event_type": "book", "last_trade_price": ""}, {"market": "0xff9152ec451d67a198206af9773951127fab70d2cd6cd91bc1f291393d6fbd7f", "asset_id": "74790623249176401440604550787468923293617927549299366217793232799776297523732", "timestamp": "1769383452393", "hash": "2b4dd6273355e9c6bb4e2f8668d9e1dfb940d053", "bids": [{"price": "0.01", "size": "100"}, {"price": "0.02", "size": "30.47"}], "asks": [{"price": "0.99", "size": "101.24"}, {"price": "0.98", "size": "24.37"}], "event_type": "book", "last_trade_price": ""}, {"market": "0x0caefe72fb40e28e5184a3db34451d7e39ec304775a3655fe316577c2dd3fba3", "asset_id": "67035563060447201494163058881314426683118307821133739103010175295645494501321", "timestamp": "1769383451514", "hash": "2fbb2856c0ff2325041f7a5abf25f2e17220411b", "bids": [{"price": "0.01", "size": "101.24"}, {"price": "0.02", "size": "24.37"}], "asks": [{"price": "0.99", "size": "100"}, {"price": "0.98", "size": "30.47"}], "event_type": "book", "last_trade_price": ""}, {"market": "0xa1e3c662d60ea02894320c29d8c65aa28e7976f85a7a7d6583ad1d539eba0659", "asset_id": "59313566670641823735127788035223218674625592360196078562497444338663049698340", "timestamp": "1769383454017", "hash": "9155f8a9cbeb881c350e557eb7c5b6ebd422bee9", "bids": [{"price": "0.01", "size": "100"}, {"price": "0.02", "size": "30.47"}], "asks": [{"price": "0.99", "size": "101.24"}, {"price": "0.98", "size": "24.37"}], "event_type": "book", "last_trade_price": ""}, {"market": "0x110c954d377a118accfe39a5094fc164c71d9ca48cd7295887e3382eec0e152d", "asset_id": "17814527301159676574083070622415056958049282271662299172156144631590104044828", "timestamp": "1769384037408", "hash": "852b21ad87bc54a4ad8990d9e579ab031a107d42", "bids": [{"price": "0.01", "size": "100"}, {"price": "0.02", "size": "25"}, {"price": "0.1", "size": "10"}], "asks": [{"price": "0.99", "size": "100"}, {"price": "0.98", "size": "30.47"}, {"price": "0.9", "size": "10"}], "event_type": "book", "last_trade_price": ""}, {"market": "0xa1e3c662d60ea02894320c29d8c65aa28e7976f85a7a7d6583ad1d539eba0659", "asset_id": "57931930552178782277760464989259144291580510125054630204526692176004309958370", "timestamp": "1769383454017", "hash": "07d824c2c6b403b04f4f6a161b54fd54c3cc9514", "bids": [{"price": "0.01", "size": "101.24"}, {"price": "0.02", "size": "24.37"}], "asks": [{"price": "0.99", "size": "100"}, {"price": "0.98", "size": "30.47"}], "event_type": "book", "last_trade_price": ""}, {"market": "0x431889d3f93dbe440501fd1ea7b83d4d4561bf92426444a71f749818a873d5ed", "asset_id": "89489409324020922557890565670166215394895600356562839580544343109435629039744", "timestamp": "1769383454018", "hash": "d10e720338d0f7c6150d1f546e563378aa1b7354", "bids": [{"price": "0.01", "size": "100"}, {"price": "0.02", "size": "30.47"}], "asks": [{"price": "0.99", "size": "101.24"}], "event_type": "book", "last_trade_price": ""}, {"market": "0x72a882ed5ee2e0b838c542622d6d5053f7241ee0036b74ed00b0adeffad2625d", "asset_id": "48564782939003322786724629897255492371965978454967618411216671983616453014096", "timestamp": "1769383451269", "hash": "b1b7cdc0acb4ef8d0ac3e1e22f7f2e372e734dce", "bids": [{"price": "0.01", "size": "101.24"}, {"price": "0.02", "size": "24.37"}], "asks": [{"price": "0.99", "size": "100"}, {"price": "0.98", "size": "30.47"}], "event_type": "book", "last_trade_price": ""}, {"market": "0x72a882ed5ee2e0b838c542622d6d5053f7241ee0036b74ed00b0adeffad2625d", "asset_id": "13520453402372764476760151141636887686201122234921495517017163632058752902019", "timestamp": "1769383451269", "hash": "a93ff97a7723758f92534621ca7b76982e68bea5", "bids": [{"price": "0.01", "size": "100"}, {"price": "0.02", "size": "30.47"}], "asks": [{"price": "0.99", "size": "101.24"}, {"price": "0.98", "size": "24.37"}], "event_type": "book", "last_trade_price": ""}, {"market": "0x0caefe72fb40e28e5184a3db34451d7e39ec304775a3655fe316577c2dd3fba3", "asset_id": "58736143571068837758555708412751561340015452217044996022968477170582218213846", "timestamp": "1769383451514", "hash": "7bb7747aef60f76b72ba283919592888faa5c367", "bids": [{"price": "0.01", "size": "100"}, {"price": "0.02", "size": "30.47"}], "asks": [{"price": "0.99", "size": "101.24"}, {"price": "0.98", "size": "24.37"}], "event_type": "book", "last_trade_price": ""}, {"market": "0xc5629cd6e0daa5e170187e2ea31d5e27247d71970a34f53972b0bfa74fa5223b", "asset_id": "59605720892918845847650645892157577609701161632141705210483646790034557705027", "timestamp": "1769383453817", "hash": "a06a4354bb10467cf3256b00430303033ae16e86", "bids": [{"price": "0.01", "size": "101.24"}, {"price": "0.02", "size": "24.37"}], "asks": [{"price": "0.99", "size": "100"}, {"price": "0.98", "size": "30.47"}], "event_type": "book", "last_trade_price": ""}, {"market": "0x8cca364172fb6a5dde37e264546daf63d6f67712560e1b7b19d8f2592636a24e", "asset_id": "115610099867441886604738699016973136407544148293725249962302559600447394815961", "timestamp": "1769383455718", "hash": "1461b58f0d8d27e6998442cd44f0116735af3f25", "bids": [{"price": "0.01", "size": "100"}, {"price": "0.02", "size": "30.47"}], "asks": [{"price": "0.99", "size": "101.24"}, {"price": "0.98", "size": "24.37"}], "event_type": "book", "last_trade_price": ""}, {"market": "0x431889d3f93dbe440501fd1ea7b83d4d4561bf92426444a71f749818a873d5ed", "asset_id": "72093016159926473812802542177088915842928440775929049301766899729972361340658", "timestamp": "1769383454018", "hash": "e05d4d6d30836fcfafe6379ef7bc3e66fcc7fd35", "bids": [{"price": "0.01", "size": "101.24"}], "asks": [{"price": "0.99", "size": "100"}, {"price": "0.98", "size": "30.47"}], "event_type": "book", "last_trade_price": ""}, {"market": "0x1f1698a86391f7709d2360a7d15700d26f48fe69782b181ef4b48cb037f96e56", "asset_id": "104240981079154790548744102139714583383631978281587343246952036931707449030139", "timestamp": "1769383452662", "hash": "42cdd29f0fd1ededcb4f1846ff215656333b87b4", "bids": [{"price": "0.01", "size": "100"}, {"price": "0.02", "size": "30.47"}], "asks": [{"price": "0.99", "size": "101.24"}, {"price": "0.98", "size": "24.37"}], "event_type": "book", "last_trade_price": ""}, {"market": "0x110c954d377a118accfe39a5094fc164c71d9ca48cd7295887e3382eec0e152d", "asset_id": "56743521931241965808729412079732581214515421439566829243071989506912406256246", "timestamp": "1769384037408", "hash": "c42b8656e878314123e2baae18d469d8006cb366", "bids": [{"price": "0.01", "size": "100"}, {"price": "0.02", "size": "30.47"}, {"price": "0.1", "size": "10"}], "asks": [{"price": "0.99", "size": "100"}, {"price": "0.98", "size": "25"}, {"price": "0.9", "size": "10"}], "event_type": "book", "last_trade_price": ""}]}
