{"_local_timestamp": "2026-01-25T23:41:31.911099+00:00", "data": [{"market": "0xd5de9f5dd53353040e4c6a72918b82a08d860e7837a0a56a5662159634a5fec9", "asset_id": "25314903242824275460898355724713853435322604289264310276925024670446783315595", "timestamp": "1769384411543", "hash": "14a24b27955f958ed10c493d0a9e4f22eb7a1b9b", "bids": [], "asks": [{"price": "0.99", "size": "5.47"}], "event_type": "book", "last_trade_price": ""}, {"market": "0x643cc0cbbabc6bd7da2a5b068caac198440995265cfd85a251000110065a7b4a", "asset_id": "66338888590318838316792093130106171695716377988944660026778468924676744296798", "timestamp": "1769384409975", "hash": "31f50431c0e9eb32f90b70f5db79ba114d7e8f12", "bids": [{"price": "0.01", "size": "5.47"}], "asks": [], "event_type": "book", "last_trade_price": ""}, {"market": "0xe11158803129ad59ac10ca01f4c1626c3025621a7f1e4672d6ab2e45662f6222", "asset_id": "82986196526480529145592811134693070544497526998089921375641259672152240210286", "timestamp": "1769384409975", "hash": "6ba7a34193716fc80857c340ceb92f87c024e987", "bids": [{"price": "0.01", "size": "5.47"}], "asks": [], "event_type": "book", "last_trade_price": ""}, {"market": "0x90497bbee31cfbf99eaecfa81f21f06876bf36864fefef32851ee05cd7d54761", "asset_id": "55959627936211256360279481304142134703803665619503762480618471853432057207424", "timestamp": "1769384408855", "hash": "f97ae270300be62b1429ed5c287da7c834779aab", "bids": [{"price": "0.01", "size": "5.47"}], "asks": [], "event_type": "book", "last_trade_price": ""}, {"market": "0x96c3083acd042338282108e3f8d0b32641cdc696e35a2ddfd29946d7f0c9627c", "asset_id": "89391028950798095071303197051165581938481726401498914933083999613424817231856", "timestamp": "1769384480430", "hash": "3ccaa902ccb915d076f5a3ee7e87a13b1521c53c", "bids": [], "asks": [{"price": "0.99", "size": "7000"}, {"price": "0.92", "size": "55"}, {"price": "0.9", "size": "500"}, {"price": "0.89", "size": "5.47"}, {"price": "0.01", "size": "100"}], "event_type": "book", "last_trade_price": "0.010"}, {"market": "0x20ad26b86cd11a225b5fe87dd6ba607785faba07d6139fc7f47475d801059095", "asset_id": "42477316755805693850450172284540671742286160408588340529418099897181761081331", "timestamp": "1769384411543", "hash": "04e95ce621927fb28be770b68c5e1debaaac79ec", "bids": [{"price": "0.01", "size": "5.47"}], "asks": [], "event_type": "book", "last_trade_price": "0.500"}, {"market": "0x7b2f998c8d4f17ddc3f6b5142e3205d4321cd58815fa7add432858f7ef6cf2ab", "asset_id": "54409882740205718259393692188616812970241552351986754848040748816334014821084", "timestamp": "1769384479005", "hash": "1e2829f5fa0428f8ada093f75ba7e85ef56b5cc5", "bids": [{"price": "0.01", "size": "7005.47"}, {"price": "0.08", "size": "55"}, {"price": "0.1", "size": "500"}, {"price": "0.99", "size": "100"}], "asks": [], "event_type": "book", "last_trade_price": ""}, {"market": "0x63538b4ff0d0dc9a7f16d91589920364fc34b296458ff85ee447aa391115c405", "asset_id": "64518980895084350834797596287160020317949877776191089366198433180617274126771", "timestamp": "1769384491582", "hash": "1ed0e4f761823c270e6bd633fd8520ffd92eafc1", "bids": [], "asks": [{"price": "0.99", "size": "7000"}, {"price": "0.92", "size": "55"}, {"price": "0.9", "size": "500"}, {"price": "0.89", "size": "91.79"}, {"price": "0.76", "size": "5.47"}, {"price": "0.75", "size": "8.2"}, {"price": "0.01", "size": "100"}], "event_type": "book", "last_trade_price": "0.010"}, {"market": "0xe11158803129ad59ac10ca01f4c1626c3025621a7f1e4672d6ab2e45662f6222", "asset_id": "11516122920781674706722795356557618570328546980527600002328049400956079439936", "timestamp": "1769384409975", "hash": "5546d7860fdeed0bc685b3d5488472c2d4adf3db", "bids": [], "asks": [{"price": "0.99", "size": "5.47"}], "event_type": "book", "last_trade_price": ""}, {"market": "0x90497bbee31cfbf99eaecfa81f21f06876bf36864fefef32851ee05cd7d54761", "asset_id": "72853307579819044239142242237120010720235368383572925717473581622118826982752", "timestamp": "1769384408855", "hash": "c3406c8264e2010034c67ba797460b1b4f9b0bcb", "bids": [], "asks": [{"price": "0.99", "size": "5.47"}], "event_type": "book", "last_trade_price": ""}, {"market": "0x20ad26b86cd11a225b5fe87dd6ba607785faba07d6139fc7f47475d801059095", "asset_id": "410984387503342577106720428083904828504762978930128114108665584216923302213", "timestamp": "1769384411543", "hash": "0749b607face6f322c675eb17125bee32d9cdf7a", "bids": [], "asks": [{"price": "0.99", "size": "5.47"}], "event_type": "book", "last_trade_price": "0.500"}, {"market": "0x63538b4ff0d0dc9a7f16d91589920364fc34b296458ff85ee447aa391115c405", "asset_id": "105451502392822625659265393491270476729444339488660033885451332580323882543812", "timestamp": "1769384491582", "hash": "18a00fca83cc54641d2a4ab2f20297370d5135a1", "bids": [{"price": "0.01", "size": "7000"}, {"price": "0.08", "size": "55"}, {"price": "0.1", "size": "500"}, {"price": "0.11", "size": "91.79"}, {"price": "0.24", "size": "5.47"}, {"price": "0.25", "size": "8.2"}, {"price": "0.99", "size": "100"}], "asks": [], "event_type": "book", "last_trade_price": "0.010"}, {"market": "0xd5de9f5dd53353040e4c6a72918b82a08d860e7837a0a56a5662159634a5fec9", "asset_id": "49087801179614375749887975721224076885797993966602617612662723931679975013929", "timestamp": "1769384411543", "hash": "4b6a1abd7c7d73ca187f67e24c8b681199782e08", "bids": [{"price": "0.01", "size": "5.47"}], "asks": [], "event_type": "book", "last_trade_price": ""}, {"market": "0x643cc0cbbabc6bd7da2a5b068caac198440995265cfd85a251000110065a7b4a", "asset_id": "2466448267007143031537208038817926669262897330272654140216424800137903162575", "timestamp": "1769384409975", "hash": "52539e01ab447f639cfb9600153af139e37c4eeb", "bids": [], "asks": [{"price": "0.99", "size": "5.47"}], "event_type": "book", "last_trade_price": ""}, {"market": "0x7b2f998c8d4f17ddc3f6b5142e3205d4321cd58815fa7add432858f7ef6cf2ab", "asset_id": "90480959485553183095575253153907953989052393294980304050243949361450120864701", "timestamp": "1769384479005", "hash": "5eec95d9755abf955a18882a95dfdfb17f9fc61c", "bids": [], "asks": [{"price": "0.99", "size": "7005.47"}, {"price": "0.92", "size": "55"}, {"price": "0.9", "size": "500"}, {"price": "0.01", "size": "100"}], "event_type": "book", "last_trade_price": ""}, {"market": "0x96c3083acd042338282108e3f8d0b32641cdc696e35a2ddfd29946d7f0c9627c", "asset_id": "19076775309898540247309730653319678330855112914961407911246300752636085316098", "timestamp": "1769384480430", "hash": "2785618ba0b2801f954b7200f251be60c5b4dc9e", "bids": [{"price": "0.01", "size": "7000"}, {"price": "0.08", "size": "55"}, {"price": "0.1", "size": "500"}, {"price": "0.11", "size": "5.47"}, {"price": "0.99", "size": "100"}], "asks": [], "event_type": "book", "last_trade_price": "0.010"}, {"market": "0x4d891324c2b72b5286a2524a172d54661bd5ce0bb2abd69baa1ffa1d698357d4", "asset_id": "70332241397922487720394987598038836906259936847432135369649396220604443990609", "timestamp": "1769384491582", "hash": "169915ff3733ff4906b3b5bf677f4816e7efb409", "bids": [{"price": "0.01", "size": "7000"}, {"price": "0.08", "size": "55"}, {"price": "0.1", "size": "500"}, {"price": "0.11", "size": "91.79"}, {"price": "0.26", "size": "5.47"}, {"price": "0.27", "size": "8.2"}, {"price": "0.99", "size": "100"}], "asks": [], "event_type": "book", "last_trade_price": "0.010"}, {"market": "0x4d891324c2b72b5286a2524a172d54661bd5ce0bb2abd69baa1ffa1d698357d4", "asset_id": "39234879389019906742645930980758802982877308117108554746116202621126139433718", "timestamp": "1769384491582", "hash": "7d64bfca9d20fb83caa2adcb93d32ac5db73b028", "bids": [], "asks": [{"price": "0.99", "size": "7000"}, {"price": "0.92", "size": "55"}, {"price": "0.9", "size": "500"}, {"price": "0.89", "size": "91.79"}, {"price": "0.74", "size": "5.47"}, {"price": "0.73", "size": "8.2"}, {"price": "0.01", "size": "100"}], "event_type": "book", "last_trade_price": "0.010"}]}
{"_local_timestamp": "2026-01-25T23:41:34.139904+00:00", "data": {"market": "0x63538b4ff0d0dc9a7f16d91589920364fc34b296458ff85ee447aa391115c405", "price_changes": [{"asset_id": "64518980895084350834797596287160020317949877776191089366198433180617274126771", "price": "0.76", "size": "0", "side": "SELL", "hash": "e1aaff266752a89b5af9ff51a520d9ed65cfb75b", "best_bid": "0", "best_ask": "0.01"}, {"asset_id": "105451502392822625659265393491270476729444339488660033885451332580323882543812", "price": "0.24", "size": "0", "side": "BUY", "hash": "086c371b1d7fbfbff6a8914cbde3153a5fc30f13", "best_bid": "0.99", "best_ask": "1"}], "timestamp": "1769384493991", "event_type": "price_change"}}
{"_local_timestamp": "2026-01-25T23:41:34.140301+00:00", "data": {"market": "0x4d891324c2b72b5286a2524a172d54661bd5ce0bb2abd69baa1ffa1d698357d4", "price_changes": [{"asset_id": "39234879389019906742645930980758802982877308117108554746116202621126139433718", "price": "0.74", "size": "0", "side": "SELL", "hash": "3b10737efc589f15540621db8a5bd2a191812f42", "best_bid": "0", "best_ask": "0.01"}, {"asset_id": "70332241397922487720394987598038836906259936847432135369649396220604443990609", "price": "0.26", "size": "0", "side": "BUY", "hash": "5adb27edb085de5e74bd0d8055da09bb6b531b11", "best_bid": "0.99", "best_ask": "1"}], "timestamp": "1769384493991", "event_type": "price_change"}}
{"_local_timestamp": "2026-01-25T23:41:34.238490+00:00", "data": {"market": "0x4d891324c2b72b5286a2524a172d54661bd5ce0bb2abd69baa1ffa1d698357d4", "price_changes": [{"asset_id": "39234879389019906742645930980758802982877308117108554746116202621126139433718", "price": "0.72", "size": "5.47", "side": "SELL", "hash": "0dfd86cd399d8052d6aa3ed09da89a7d4f84691a", "best_bid": "0", "best_ask": "0.01"}, {"asset_id": "70332241397922487720394987598038836906259936847432135369649396220604443990609", "price": "0.28", "size": "5.47", "side": "BUY", "hash": "f268b80d956a8112c46659a18df50080caa53247", "best_bid": "0.99", "best_ask": "1"}], "timestamp": "1769384494081", "event_type": "price_change"}}
{"_local_timestamp": "2026-01-25T23:41:34.239955+00:00", "data": {"market": "0x63538b4ff0d0dc9a7f16d91589920364fc34b296458ff85ee447aa391115c405", "price_changes": [{"asset_id": "64518980895084350834797596287160020317949877776191089366198433180617274126771", "price": "0.74", "size": "5.47", "side": "SELL", "hash": "892b99e422ffac9433406e73514b90e6aa54b67a", "best_bid": "0", "best_ask": "0.01"}, {"asset_id": "105451502392822625659265393491270476729444339488660033885451332580323882543812", "price": "0.26", "size": "5.47", "side": "BUY", "hash": "242edabd1ba0d667af910f651e008515f0ebd4a8", "best_bid": "0.99", "best_ask": "1"}], "timestamp": "1769384494081", "event_type": "price_change"}}
{"_local_timestamp": "2026-01-25T23:41:34.362957+00:00", "data": {"market": "0x63538b4ff0d0dc9a7f16d91589920364fc34b296458ff85ee447aa391115c405", "price_changes": [{"asset_id": "64518980895084350834797596287160020317949877776191089366198433180617274126771", "price": "0.75", "size": "0", "side": "SELL", "hash": "7396550015db459bc50cb2df42b230efb23645f8", "best_bid": "0", "best_ask": "0.01"}, {"asset_id": "105451502392822625659265393491270476729444339488660033885451332580323882543812", "price": "0.25", "size": "0", "side": "BUY", "hash": "a49de5453406150928229f0d9cb9a374e76255e6", "best_bid": "0.99", "best_ask": "1"}], "timestamp": "1769384494209", "event_type": "price_change"}}
{"_local_timestamp": "2026-01-25T23:41:34.363703+00:00", "data": {"market": "0x4d891324c2b72b5286a2524a172d54661bd5ce0bb2abd69baa1ffa1d698357d4", "price_changes": [{"asset_id": "39234879389019906742645930980758802982877308117108554746116202621126139433718", "price": "0.73", "size": "0", "side": "SELL", "hash": "72edb11bde351f1f8c58efe15ad18a5aa763285d", "best_bid": "0", "best_ask": "0.01"}, {"asset_id": "70332241397922487720394987598038836906259936847432135369649396220604443990609", "price": "0.27", "size": "0", "side": "BUY", "hash": "fe844cee682bda49259e3f92f30fa5d1af486594", "best_bid": "0.99", "best_ask": "1"}], "timestamp": "1769384494209", "event_type": "price_change"}}
{"_local_timestamp": "2026-01-25T23:41:34.671690+00:00", "data": {"market": "0x63538b4ff0d0dc9a7f16d91589920364fc34b296458ff85ee447aa391115c405", "price_changes": [{"asset_id": "64518980895084350834797596287160020317949877776191089366198433180617274126771", "price": "0.73", "size": "8.2", "side": "SELL", "hash": "199931c85abd0f465d65e516174b80896193655a", "best_bid": "0", "best_ask": "0.01"}, {"asset_id": "105451502392822625659265393491270476729444339488660033885451332580323882543812", "price": "0.27", "size": "8.2", "side": "BUY", "hash": "f7124adaecad5eeb76117f7bdcf4eab66ed78879", "best_bid": "0.99", "best_ask": "1"}], "timestamp": "1769384494494", "event_type": "price_change"}}
{"_local_timestamp": "2026-01-25T23:41:34.672102+00:00", "data": {"market": "0x4d891324c2b72b5286a2524a172d54661bd5ce0bb2abd69baa1ffa1d698357d4", "price_changes": [{"asset_id": "39234879389019906742645930980758802982877308117108554746116202621126139433718", "price": "0.71", "size": "8.2", "side": "SELL", "hash": "ea0ae596d3da5ae7e320689e1708b841d2bdc913", "best_bid": "0", "best_ask": "0.01"}, {"asset_id": "70332241397922487720394987598038836906259936847432135369649396220604443990609", "price": "0.29", "size": "8.2", "side": "BUY", "hash": "e9164b1912c2ca2dc1762349c6517c979b8ce30c", "best_bid": "0.99", "best_ask": "1"}], "timestamp": "1769384494494", "event_type": "price_change"}}
{"_local_timestamp": "2026-01-25T23:41:35.707451+00:00", "data": {"market": "0x4d891324c2b72b5286a2524a172d54661bd5ce0bb2abd69baa1ffa1d698357d4", "price_changes": [{"asset_id": "39234879389019906742645930980758802982877308117108554746116202621126139433718", "price": "0.72", "size": "0", "side": "SELL", "hash": "761bc15e34cc89c655a303f79e4009230175063a", "best_bid": "0", "best_ask": "0.01"}, {"asset_id": "70332241397922487720394987598038836906259936847432135369649396220604443990609", "price": "0.28", "size": "0", "side": "BUY", "hash": "ece3cd9dd99212c492b28db323f8c3b0e58245d2", "best_bid": "0.99", "best_ask": "1"}], "timestamp": "1769384495582", "event_type": "price_change"}}
{"_local_timestamp": "2026-01-25T23:41:35.716882+00:00", "data": {"market": "0x63538b4ff0d0dc9a7f16d91589920364fc34b296458ff85ee447aa391115c405", "price_changes": [{"asset_id": "64518980895084350834797596287160020317949877776191089366198433180617274126771", "price": "0.74", "size": "0", "side": "SELL", "hash": "24e3be1c06dd3b39601bd20e3105f1274315a952", "best_bid": "0", "best_ask": "0.01"}, {"asset_id": "105451502392822625659265393491270476729444339488660033885451332580323882543812", "price": "0.26", "size": "0", "side": "BUY", "hash": "69fc3ad16c148963ff1b2f833efd1d7c1881cd3a", "best_bid": "0.99", "best_ask": "1"}], "timestamp": "1769384495582", "event_type": "price_change"}}
{"_local_timestamp": "2026-01-25T23:41:35.804744+00:00", "data": {"market": "0x63538b4ff0d0dc9a7f16d91589920364fc34b296458ff85ee447aa391115c405", "price_changes": [{"asset_id": "64518980895084350834797596287160020317949877776191089366198433180617274126771", "price": "0.72", "size": "5.47", "side": "SELL", "hash": "77532e525d4342b64bbbdd2558faaad7f84aba9a", "best_bid": "0", "best_ask": "0.01"}, {"asset_id": "105451502392822625659265393491270476729444339488660033885451332580323882543812", "price": "0.28", "size": "5.47", "side": "BUY", "hash": "249b2397abd8d8b98d2a4db062a60a5bbbfda9d2", "best_bid": "0.99", "best_ask": "1"}], "timestamp": "1769384495674", "event_type": "price_change"}}
{"_local_timestamp": "2026-01-25T23:41:35.808941+00:00", "data": {"market": "0x4d891324c2b72b5286a2524a172d54661bd5ce0bb2abd69baa1ffa1d698357d4", "price_changes": [{"asset_id": "39234879389019906742645930980758802982877308117108554746116202621126139433718", "price": "0.7", "size": "5.47", "side": "SELL", "hash": "57492dd3409dfb5936b2bf3343af1cc2adb13b7f", "best_bid": "0", "best_ask": "0.01"}, {"asset_id": "70332241397922487720394987598038836906259936847432135369649396220604443990609", "price": "0.3", "size": "5.47", "side": "BUY", "hash": "1c95ece6d9ba65e2a9e8ff53258785f3e28f65f7", "best_bid": "0.99", "best_ask": "1"}], "timestamp": "1769384495674", "event_type": "price_change"}}
{"_local_timestamp": "2026-01-25T23:41:36.035631+00:00", "data": {"market": "0x4d891324c2b72b5286a2524a172d54661bd5ce0bb2abd69baa1ffa1d698357d4", "price_changes": [{"asset_id": "39234879389019906742645930980758802982877308117108554746116202621126139433718", "price": "0.71", "size": "0", "side": "SELL", "hash": "14673bcbaf1a738e89edc41fca5ecab12ed7bc49", "best_bid": "0", "best_ask": "0.01"}, {"asset_id": "70332241397922487720394987598038836906259936847432135369649396220604443990609", "price": "0.29", "size": "0", "side": "BUY", "hash": "99fd2e908ad31162442961fdd7f95363f015e73a", "best_bid": "0.99", "best_ask": "1"}], "timestamp": "1769384495907", "event_type": "price_change"}}
