{"_local_timestamp": "2026-01-25T23:34:19.782707+00:00", "data": [{"market": "0x8b72ffab8900dd305d5c07b1f7842c3d279ab52a43eac178e0b319331703d0ce", "asset_id": "40837466397963435875144722110807627162892956116296986448739737102274668318682", "timestamp": "1769383600518", "hash": "9a1cbf14e2902848c613e94a0746ff45e0268d34", "bids": [{"price": "0.01", "size": "70.64"}, {"price": "0.02", "size": "19.16"}], "asks": [{"price": "0.99", "size": "70.64"}, {"price": "0.98", "size": "24.63"}], "event_type": "book", "last_trade_price": ""}, {"market": "0x14fb3858bb9c0637fb93c8efb997886bd723af103796813cd4d9c4d62b1913c9", "asset_id": "101013361724839298283118537017760814810831236338719538592044047566750453990937", "timestamp": "1769383600158", "hash": "d95654a15783c1523c0ceac916b11955561b5000", "bids": [{"price": "0.01", "size": "70.64"}, {"price": "0.02", "size": "19.16"}], "asks": [{"price": "0.99", "size": "70.64"}, {"price": "0.98", "size": "24.63"}], "event_type": "book", "last_trade_price": ""}, {"market": "0xaf496f5bc5cb1d28b882fff69fc337d1da3dd85fd862e3a0da9f04e1add1fcb0", "asset_id": "9626297407303801056846721049305478222786005275368187394233547778428591473014", "timestamp": "1769383594138", "hash": "223db3451c3d2c4540043523bc3389db5f0dfcde", "bids": [{"price": "0.01", "size": "70.64"}, {"price": "0.02", "size": "24.63"}], "asks": [{"price": "0.99", "size": "70.64"}, {"price": "0.98", "size": "19.16"}], "event_type": "book", "last_trade_price": ""}, {"market": "0x14fb3858bb9c0637fb93c8efb997886bd723af103796813cd4d9c4d62b1913c9", "asset_id": "33874954952892640141274751660775307349061427171257213117424493831239607755181", "timestamp": "1769383600158", "hash": "e6bfa2ff0e9b84a411904c5ae3453be7a89f1c72", "bids": [{"price": "0.01", "size": "70.64"}, {"price": "0.02", "size": "24.63"}], "asks": [{"price": "0.99", "size": "70.64"}, {"price": "0.98", "size": "19.16"}], "event_type": "book", "last_trade_price": ""}, {"market": "0x0c5d68eb4243223c09d7202aab775abdf16890f6a57a0febb0bdccd4c594a4dc", "asset_id": "54409997198764032444031581221502225179401905072397588058900259351680690133127", "timestamp": "1769383599682", "hash": "72a163d6e0805d8af1ac6e2576df73e9e4240386", "bids": [{"price": "0.01", "size": "70.64"}, {"price": "0.02", "size": "19.16"}], "asks": [{"price": "0.99", "size": "70.64"}, {"price": "0.98", "size": "24.63"}], "event_type": "book", "last_trade_price": ""}, {"market": "0x303b5fd0483ebcf7d03951df8db5f4a2a96254b760622f67244ff2f198cd3ac9", "asset_id": "103048334106067513040679704537256237824922571858837127695351180725624254167978", "timestamp": "1769383600158", "hash": "e0ca2f4d4ad32bffcf1acee336f5492ed2c38fd5", "bids": [{"price": "0.01", "size": "70.64"}, {"price": "0.02", "size": "24.63"}], "asks": [{"price": "0.99", "size": "70.64"}, {"price": "0.98", "size": "19.16"}], "event_type": "book", "last_trade_price": ""}, {"market": "0x58db0a28e0d3ab8f2d8689bcb8110ae86a5fc58728cc50fbf626091126ab65a3", "asset_id": "60991100849540164387688935393841677795661332242674918970076715994503473576507", "timestamp": "1769383600158", "hash": "b1cc179327347c9e26c1bc93b71f27a0734118e4", "bids": [{"price": "0.01", "size": "70.64"}, {"price": "0.02", "size": "19.16"}], "asks": [{"price": "0.99", "size": "70.64"}, {"price": "0.98", "size": "24.63"}], "event_type": "book", "last_trade_price": ""}, {"market": "0x303b5fd0483ebcf7d03951df8db5f4a2a96254b760622f67244ff2f198cd3ac9", "asset_id": "45851034097213170917982926447768682415876756026930274206270755723099051097752", "timestamp": "1769383600158", "hash": "4f0e0715cf1f0bf87a4aba862cf68d6952b2b43a", "bids": [{"price": "0.01", "size": "70.64"}, {"price": "0.02", "size": "19.16"}], "asks": [{"price": "0.99", "size": "70.64"}, {"price": "0.98", "size": "24.63"}], "event_type": "book", "last_trade_price": ""}, {"market": "0xaf496f5bc5cb1d28b882fff69fc337d1da3dd85fd862e3a0da9f04e1add1fcb0", "asset_id": "74665721292360272368234260771014382829730755358086031434651738561940248861802", "timestamp": "1769383594138", "hash": "a627c81cf77b334aeff006f9801ba2605faf3f29", "bids": [{"price": "0.01", "size": "70.64"}, {"price": "0.02", "size": "19.16"}], "asks": [{"price": "0.99", "size": "70.64"}, {"price": "0.98", "size": "24.63"}], "event_type": "book", "last_trade_price": ""}, {"market": "0xa21516d76cc6650fa0dd2c1a87b5fc74c21607b3d722311edc88755ef564ff4b", "asset_id": "77174254654491241851836808563651207297862986036344260375213609866497613849069", "timestamp": "1769383480813", "hash": "5a685c5673b3f4b8641376f786c16d8b70e1352c", "bids": [{"price": "0.01", "size": "100"}, {"price": "0.02", "size": "25"}, {"price": "0.1", "size": "10"}], "asks": [{"price": "0.99", "size": "100"}, {"price": "0.98", "size": "30.47"}, {"price": "0.9", "size": "10"}], "event_type": "book", "last_trade_price": ""}, {"market": "0x58db0a28e0d3ab8f2d8689bcb8110ae86a5fc58728cc50fbf626091126ab65a3", "asset_id": "46955019385401516844145288947906842273808389374004609012415062931041977339807", "timestamp": "1769383600158", "hash": "204fe2ca112e88b273b3240b9d3aec3dd8017628", "bids": [{"price": "0.01", "size": "70.64"}, {"price": "0.02", "size": "24.63"}], "asks": [{"price": "0.99", "size": "70.64"}, {"price": "0.98", "size": "19.16"}], "event_type": "book", "last_trade_price": ""}, {"market": "0x8fce810a868c85f79770e1f2ab1ec1313df855d0233575d12755d7e604c97fd3", "asset_id": "111189975508802258944623571426342058200488288814187463126127868008204837643441", "timestamp": "1769383594138", "hash": "e4901d24e324acc439925c44046a044f9ac47f32", "bids": [{"price": "0.01", "size": "70.64"}, {"price": "0.02", "size": "24.63"}], "asks": [{"price": "0.99", "size": "70.64"}, {"price": "0.98", "size": "19.16"}], "event_type": "book", "last_trade_price": ""}, {"market": "0x0c5d68eb4243223c09d7202aab775abdf16890f6a57a0febb0bdccd4c594a4dc", "asset_id": "101995289420158720260259614561428804698384494888572360679065728370129655797288", "timestamp": "1769383599682", "hash": "98c7953a619fced412a71ac871d6d7d2a59dcd2f", "bids": [{"price": "0.01", "size": "70.64"}, {"price": "0.02", "size": "24.63"}], "asks": [{"price": "0.99", "size": "70.64"}, {"price": "0.98", "size": "19.16"}], "event_type": "book", "last_trade_price": ""}, {"market": "0x8b72ffab8900dd305d5c07b1f7842c3d279ab52a43eac178e0b319331703d0ce", "asset_id": "23425112902791753530410062442466847395028669754003633990364279188322303300370", "timestamp": "1769383600518", "hash": "d603d08b9ce5f6a1d920a42e181e8eb169697296", "bids": [{"price": "0.01", "size": "70.64"}, {"price": "0.02", "size": "24.63"}], "asks": [{"price": "0.99", "size": "70.64"}, {"price": "0.98", "size": "19.16"}], "event_type": "book", "last_trade_price": ""}, {"market": "0xf79b099e57ccac029081c5fbae6ab11073e432a258458edbf1559fd49574abfa", "asset_id": "61463077492596568473645987160512793152080596619983474022385622861077266823979", "timestamp": "1769383600518", "hash": "22d0967c3453c2b08c5cbd91171976a2c4a59db6", "bids": [{"price": "0.01", "size": "70.64"}, {"price": "0.02", "size": "24.63"}], "asks": [{"price": "0.99", "size": "70.64"}, {"price": "0.98", "size": "19.16"}], "event_type": "book", "last_trade_price": ""}, {"market": "0xa21516d76cc6650fa0dd2c1a87b5fc74c21607b3d722311edc88755ef564ff4b", "asset_id": "68607241514675970576910871696809419853263166320649534801430942191262998893204", "timestamp": "1769383480813", "hash": "ea958f0c8a3d3b3a1ef8f9bd85da67a5ef58c73e", "bids": [{"price": "0.01", "size": "100"}, {"price": "0.02", "size": "30.47"}, {"price": "0.1", "size": "10"}], "asks": [{"price": "0.99", "size": "100"}, {"price": "0.98", "size": "25"}, {"price": "0.9", "size": "10"}], "event_type": "book", "last_trade_price": ""}, {"market": "0x8fce810a868c85f79770e1f2ab1ec1313df855d0233575d12755d7e604c97fd3", "asset_id": "3169396539840142650198019129709264040045425119986766563588693444102710364198", "timestamp": "1769383594138", "hash": "4efb0dab1977011492ced38ded35a8c9e3f0f706", "bids": [{"price": "0.01", "size": "70.64"}, {"price": "0.02", "size": "19.16"}], "asks": [{"price": "0.99", "size": "70.64"}, {"price": "0.98", "size": "24.63"}], "event_type": "book", "last_trade_price": ""}, {"market": "0xf79b099e57ccac029081c5fbae6ab11073e432a258458edbf1559fd49574abfa", "asset_id": "49004097869761142942136276304393414436538518900294650802629813051375098612718", "timestamp": "1769383600518", "hash": "493019c0382f618707bd631344de4c8a56bed8e7", "bids": [{"price": "0.01", "size": "70.64"}, {"price": "0.02", "size": "19.16"}], "asks": [{"price": "0.99", "size": "70.64"}, {"price": "0.98", "size": "24.63"}], "event_type": "book", "last_trade_price": ""}]}
