{"_local_timestamp": "2026-01-25T23:34:27.116124+00:00", "data": [{"market": "0x8f0fad2e70d2d7151973dd8b832d1e6664a90f7bd91d1ca02b45dae5a6fd204c", "asset_id": "26874901253144248120422710158131410049481225853335415850616367446541205737224", "timestamp": "1769381574240", "hash": "adf233bca16a0a81a97f605f80e4efc64a0913e0", "bids": [{"price": "0.01", "size": "67.09"}, {"price": "0.02", "size": "25"}, {"price": "0.05", "size": "100"}, {"price": "0.06", "size": "10.95"}], "asks": [{"price": "0.99", "size": "76.9"}, {"price": "0.98", "size": "37.79"}, {"price": "0.97", "size": "15.83"}], "event_type": "book", "last_trade_price": ""}, {"market": "0x612c71cc4d35f40a9867855457afcede0b2db65f923ee000949c84ab19b1c56e", "asset_id": "39038791483793976716689619066941376342344123490016828486868783457251496581477", "timestamp": "1769381547427", "hash": "76b6d1793839a04dfb99e6a28b756a79a2f008fa", "bids": [{"price": "0.01", "size": "64"}, {"price": "0.02", "size": "24.99"}, {"price": "0.03", "size": "12"}, {"price": "0.04", "size": "8.99"}, {"price": "0.4", "size": "100"}, {"price": "0.42", "size": "50"}, {"price": "0.45", "size": "25"}], "asks": [{"price": "0.99", "size": "100"}, {"price": "0.98", "size": "30.47"}], "event_type": "book", "last_trade_price": "0.450"}, {"market": "0xbb6e85c06ace7b46b85a3528fa767e79cc0ebb0890b6872f8d093775d20a0754", "asset_id": "10467061092255187000215033460014108958975677235161839188794252121075875906746", "timestamp": "1769384023118", "hash": "f404aa22f0edf9a71755d851a6c6a9000e14c8c4", "bids": [{"price": "0.01", "size": "55"}, {"price": "0.02", "size": "23.53"}, {"price": "0.03", "size": "7.71"}, {"price": "0.06", "size": "3000"}, {"price": "0.07", "size": "250"}, {"price": "0.08", "size": "6.35"}, {"price": "0.1", "size": "1104.43"}, {"price": "0.15", "size": "259"}, {"price": "0.16", "size": "347"}, {"price": "0.17", "size": "4715"}, {"price": "0.18", "size": "1424.36"}], "asks": [{"price": "0.99", "size": "469.21"}, {"price": "0.97", "size": "1100"}, {"price": "0.96", "size": "6.48"}, {"price": "0.9", "size": "10"}, {"price": "0.89", "size": "4605.44"}, {"price": "0.88", "size": "250"}, {"price": "0.86", "size": "50"}, {"price": "0.8", "size": "400"}, {"price": "0.73", "size": "200"}, {"price": "0.66", "size": "100"}, {"price": "0.56", "size": "10"}, {"price": "0.5", "size": "100"}, {"price": "0.47", "size": "10"}, {"price": "0.32", "size": "20"}, {"price": "0.26", "size": "100"}, {"price": "0.23", "size": "5"}, {"price": "0.22", "size": "1791"}, {"price": "0.21", "size": "372"}, {"price": "0.2", "size": "12339"}, {"price": "0.19", "size": "1869.2"}], "event_type": "book", "last_trade_price": "0.180"}, {"market": "0x7e73bd448c2689034829735b2ed866d66844c05e6aa3fe2e13c2d4b142d6bc16", "asset_id": "91350909912469048164306024570954680675516096567565794083383104379288916421832", "timestamp": "1769381534286", "hash": "ebe07668cf689b70cb9cb72c14f99a6e3e8958a4", "bids": [{"price": "0.01", "size": "101.24"}, {"price": "0.02", "size": "24.37"}], "asks": [{"price": "0.99", "size": "100"}, {"price": "0.98", "size": "30.47"}], "event_type": "book", "last_trade_price": ""}, {"market": "0x1e098e3d7c4569bebe4616288865e52f164c59704ca3263998a08da2b5602a0f", "asset_id": "65897336442572465195795379615330694580613558257228140542891324122276742104785", "timestamp": "1769381538583", "hash": "176ddf29af8f8ba1d6a790fc3a53a0a62c9a2e54", "bids": [{"price": "0.01", "size": "100"}, {"price": "0.02", "size": "30.47"}], "asks": [{"price": "0.99", "size": "101.24"}, {"price": "0.98", "size": "24.37"}], "event_type": "book", "last_trade_price": ""}, {"market": "0x435d5b17e6c0731d5229fd671324fc098a08239df84b52285499e26683ec0354", "asset_id": "7940782198649307356957260822038849947792532464460629715269818158566279697488", "timestamp": "1769381534133", "hash": "dfd8b3f8326e2fa7550fc3225334f2ef022f2afa", "bids": [{"price": "0.01", "size": "101.24"}, {"price": "0.02", "size": "24.37"}], "asks": [{"price": "0.99", "size": "100"}, {"price": "0.98", "size": "30.47"}], "event_type": "book", "last_trade_price": ""}, {"market": "0x66d8b07cba035f52d6800f16381c693a211dc382f830cb5280757eba93841110", "asset_id": "49768267089512753488254585407174118451838807001604020227230757462838716053263", "timestamp": "1769381535946", "hash": "84ec9bcede0b56cd1d5bc695b5d21cf9fd6ce591", "bids": [{"price": "0.01", "size": "101.24"}, {"price": "0.02", "size": "24.37"}], "asks": [{"price": "0.99", "size": "100"}, {"price": "0.98", "size": "30.47"}], "event_type": "book", "last_trade_price": ""}, {"market": "0xb5a5ffefd2c87d78637270bcea27f8e3a1b67f3f2693bca84115d291bed7abd0", "asset_id": "92181174693246242170200247673663156204377714781565375677622991613745698658932", "timestamp": "1769381538584", "hash": "62bbe8cc6172cd66e7c1fd1502a07c05fc34083b", "bids": [{"price": "0.01", "size": "100"}, {"price": "0.02", "size": "30.47"}], "asks": [{"price": "0.99", "size": "101.24"}, {"price": "0.98", "size": "24.37"}], "event_type": "book", "last_trade_price": ""}, {"market": "0x5b68a98b61c57fc0723d935a40c34597a1b40e930ed88701eb6f7946f330de8c", "asset_id": "105721219518006848703973139657464436235753974024145991342266036849770109426436", "timestamp": "1769381538584", "hash": "70d838b45ab81dc54dde417a3ce8e1cfdd3e69fe", "bids": [{"price": "0.01", "size": "101.24"}, {"price": "0.02", "size": "24.37"}], "asks": [{"price": "0.99", "size": "100"}, {"price": "0.98", "size": "30.47"}], "event_type": "book", "last_trade_price": ""}, {"market": "0x8f0fad2e70d2d7151973dd8b832d1e6664a90f7bd91d1ca02b45dae5a6fd204c", "asset_id": "57314789997138951122285620824826149389771690638044906642449248080734663636359", "timestamp": "1769381574240", "hash": "588e872500516db61c8047ef15cb5c2936c487b1", "bids": [{"price": "0.01", "size": "76.9"}, {"price": "0.02", "size": "37.79"}, {"price": "0.03", "size": "15.83"}], "asks": [{"price": "0.99", "size": "67.09"}, {"price": "0.98", "size": "25"}, {"price": "0.95", "size": "100"}, {"price": "0.94", "size": "10.95"}], "event_type": "book", "last_trade_price": ""}, {"market": "0x7e73bd448c2689034829735b2ed866d66844c05e6aa3fe2e13c2d4b142d6bc16", "asset_id": "43172199715504709393741138220363285336553926934176601203735485463001640430815", "timestamp": "1769381534286", "hash": "5300a0bd7adf91dc787bb517b64023689d85b24d", "bids": [{"price": "0.01", "size": "100"}, {"price": "0.02", "size": "30.47"}], "asks": [{"price": "0.99", "size": "101.24"}, {"price": "0.98", "size": "24.37"}], "event_type": "book", "last_trade_price": ""}, {"market": "0x1e098e3d7c4569bebe4616288865e52f164c59704ca3263998a08da2b5602a0f", "asset_id": "50241390226869601479881226642444348876343448412768664228510529897032640871118", "timestamp": "1769381538583", "hash": "6e12339763ff7924627bda9bf12b0d2fdce4a374", "bids": [{"price": "0.01", "size": "101.24"}, {"price": "0.02", "size": "24.37"}], "asks": [{"price": "0.99", "size": "100"}, {"price": "0.98", "size": "30.47"}], "event_type": "book", "last_trade_price": ""}, {"market": "0xb5a5ffefd2c87d78637270bcea27f8e3a1b67f3f2693bca84115d291bed7abd0", "asset_id": "75272699646705451341332459025450106849221013863674284791080162785023630442407", "timestamp": "1769381538584", "hash": "637a8c95f559cb4c6e51d87851a62575e6869fa2", "bids": [{"price": "0.01", "size": "101.24"}, {"price": "0.02", "size": "24.37"}], "asks": [{"price": "0.99", "size": "100"}, {"price": "0.98", "size": "30.47"}], "event_type": "book", "last_trade_price": ""}, {"market": "0x15fd641fc88461288a61d9dc462fd832d0b5a2a8783f8e28a3ceaf952d7e4e74", "asset_id": "89557078281997628539427539844755041480639034631778263456805488623801509746359", "timestamp": "1769381536995", "hash": "7c9637dea7c53241081ecb30600e9abfef15c7ba", "bids": [{"price": "0.01", "size": "101.24"}, {"price": "0.02", "size": "24.37"}], "asks": [{"price": "0.99", "size": "100"}, {"price": "0.98", "size": "30.47"}], "event_type": "book", "last_trade_price": ""}, {"market": "0x15fd641fc88461288a61d9dc462fd832d0b5a2a8783f8e28a3ceaf952d7e4e74", "asset_id": "78615053338442213731222310486896768989190367113300998656105106608312988670117", "timestamp": "1769381536995", "hash": "4148a8a0be1d4ce3fdcb9cf540c1c5fd4d91fc13", "bids": [{"price": "0.01", "size": "100"}, {"price": "0.02", "size": "30.47"}], "asks": [{"price": "0.99", "size": "101.24"}, {"price": "0.98", "size": "24.37"}], "event_type": "book", "last_trade_price": ""}, {"market": "0x8cc14e7db44998f60b6ae9ec141dc9010e36f9466ce4a21877ce8a75e16bd5a1", "asset_id": "50124784473115621413886933710733806413267013871097134870752763018065036854808", "timestamp": "1769381538584", "hash": "9852a1ad27855e9154c77c8950a75a6aeb5ab244", "bids": [{"price": "0.01", "size": "101.24"}, {"price": "0.02", "size": "24.37"}], "asks": [{"price": "0.99", "size": "100"}, {"price": "0.98", "size": "30.47"}], "event_type": "book", "last_trade_price": ""}, {"market": "0xbb6e85c06ace7b46b85a3528fa767e79cc0ebb0890b6872f8d093775d20a0754", "asset_id": "58667637524715158636953458535679920147354027845043005958621552177737001890712", "timestamp": "1769384023118", "hash": "10d0148a8965c790786623a486da1b04ec873361", "bids": [{"price": "0.01", "size": "469.21"}, {"price": "0.03", "size": "1100"}, {"price": "0.04", "size": "6.48"}, {"price": "0.1", "size": "10"}, {"price": "0.11", "size": "4605.44"}, {"price": "0.12", "size": "250"}, {"price": "0.14", "size": "50"}, {"price": "0.2", "size": "400"}, {"price": "0.27", "size": "200"}, {"price": "0.34", "size": "100"}, {"price": "0.44", "size": "10"}, {"price": "0.5", "size": "100"}, {"price": "0.53", "size": "10"}, {"price": "0.68", "size": "20"}, {"price": "0.74", "size": "100"}, {"price": "0.77", "size": "5"}, {"price": "0.78", "size": "1791"}, {"price": "0.79", "size": "372"}, {"price": "0.8", "size": "12339"}, {"price": "0.81", "size": "1869.2"}], "asks": [{"price": "0.99", "size": "55"}, {"price": "0.98", "size": "23.53"}, {"price": "0.97", "size": "7.71"}, {"price": "0.94", "size": "3000"}, {"price": "0.93", "size": "250"}, {"price": "0.92", "size": "6.35"}, {"price": "0.9", "size": "1104.43"}, {"price": "0.85", "size": "259"}, {"price": "0.84", "size": "347"}, {"price": "0.83", "size": "4715"}, {"price": "0.82", "size": "1424.36"}], "event_type": "book", "last_trade_price": "0.180"}, {"market": "0x11071bf034070f5d7ad2b5bcc05539c29c2f721e1285c58139a3774183feea1c", "asset_id": "64044324912780721172684297337349263922812749285645911636551669515902489035882", "timestamp": "1769381574239", "hash": "4132aa5d57d03088bc55c1458b0f9177f2987774", "bids": [{"price": "0.01", "size": "99.99"}, {"price": "0.02", "size": "25"}], "asks": [{"price": "0.99", "size": "100"}, {"price": "0.98", "size": "30.47"}], "event_type": "book", "last_trade_price": ""}, {"market": "0x435d5b17e6c0731d5229fd671324fc098a08239df84b52285499e26683ec0354", "asset_id": "96750733472183343641213730111185586518989138943728442969543440517116737582581", "timestamp": "1769381534133", "hash": "22b140b4324c107681badc0ec1bc5427b0af5580", "bids": [{"price": "0.01", "size": "100"}, {"price": "0.02", "size": "30.47"}], "asks": [{"price": "0.99", "size": "101.24"}, {"price": "0.98", "size": "24.37"}], "event_type": "book", "last_trade_price": ""}, {"market": "0x66d8b07cba035f52d6800f16381c693a211dc382f830cb5280757eba93841110", "asset_id": "30049991059007395990449130369206083980646018243627506590997508719527705032248", "timestamp": "1769381535946", "hash": "df9b8fcf9db2025f26ef0ed853d2166b06813fb2", "bids": [{"price": "0.01", "size": "100"}, {"price": "0.02", "size": "30.47"}], "asks": [{"price": "0.99", "size": "101.24"}, {"price": "0.98", "size": "24.37"}], "event_type": "book", "last_trade_price": ""}, {"market": "0x612c71cc4d35f40a9867855457afcede0b2db65f923ee000949c84ab19b1c56e", "asset_id": "99437249239444967358017980006234762816047156953979648496276705006970411596684", "timestamp": "1769381547427", "hash": "f75a557adf5c80e1a2db4efd8fa885c0913b72a3", "bids": [{"price": "0.01", "size": "100"}, {"price": "0.02", "size": "30.47"}], "asks": [{"price": "0.99", "size": "64"}, {"price": "0.98", "size": "24.99"}, {"price": "0.97", "size": "12"}, {"price": "0.96", "size": "8.99"}, {"price": "0.6", "size": "100"}, {"price": "0.58", "size": "50"}, {"price": "0.55", "size": "25"}], "event_type": "book", "last_trade_price": "0.450"}, {"market": "0x11071bf034070f5d7ad2b5bcc05539c29c2f721e1285c58139a3774183feea1c", "asset_id": "9857798819531385522106601105100305598918929940621262223684738575498800740694", "timestamp": "1769381574239", "hash": "94257537a07407daabd6dc622c41a4e9a1ffd1c9", "bids": [{"price": "0.01", "size": "100"}, {"price": "0.02", "size": "30.47"}], "asks": [{"price": "0.99", "size": "99.99"}, {"price": "0.98", "size": "25"}], "event_type": "book", "last_trade_price": ""}, {"market": "0x5b68a98b61c57fc0723d935a40c34597a1b40e930ed88701eb6f7946f330de8c", "asset_id": "76400131933277967875925816937841087251935150927218288077998538614717091106702", "timestamp": "1769381538584", "hash": "b9280d4094ea9fccefaac1900a1294a376596bfd", "bids": [{"price": "0.01", "size": "100"}, {"price": "0.02", "size": "30.47"}], "asks": [{"price": "0.99", "size": "101.24"}, {"price": "0.98", "size": "24.37"}], "event_type": "book", "last_trade_price": ""}, {"market": "0x8cc14e7db44998f60b6ae9ec141dc9010e36f9466ce4a21877ce8a75e16bd5a1", "asset_id": "80795136133950881025154137053106229126454746485278313233688123222983827995098", "timestamp": "1769381538584", "hash": "bab45443e542fda4217de073308142fb126ee03a", "bids": [{"price": "0.01", "size": "100"}, {"price": "0.02", "size": "30.47"}], "asks": [{"price": "0.99", "size": "101.24"}, {"price": "0.98", "size": "24.37"}], "event_type": "book", "last_trade_price": ""}]}
