{"_local_timestamp": "2026-01-25T23:41:25.518336+00:00", "data": [{"market": "0x7574b1281bb4b70889c1eddb6c792dfaa230fd6568d4fa08ff48a7b7d0da0ecf", "asset_id": "34958021056734425606207493027963264830364280132203939603257911082582091988838", "timestamp": "1769384484000", "hash": "20b10d561b9cc00fb31a9dba664c66d2729d0bc2", "bids": [{"price": "0.01", "size": "450"}, {"price": "0.05", "size": "1200"}, {"price": "0.08", "size": "500"}, {"price": "0.1", "size": "10"}, {"price": "0.14", "size": "200"}, {"price": "0.4", "size": "337.5"}, {"price": "0.5", "size": "250"}, {"price": "0.55", "size": "54.54"}], "asks": [{"price": "0.99", "size": "50"}, {"price": "0.98", "size": "5.47"}, {"price": "0.91", "size": "17.8"}], "event_type": "book", "last_trade_price": "0.910"}, {"market": "0xc33520b8387bc2a129fcaec53006563386084e17ef43cea9824037e05d375609", "asset_id": "88107263401951392791865049914930056809888874143168323721673810521359076570528", "timestamp": "1769384409405", "hash": "9ba40c2504e42723e6e21a7837df63e6b5bf4c35", "bids": [{"price": "0.01", "size": "50"}, {"price": "0.02", "size": "5.47"}], "asks": [{"price": "0.99", "size": "50"}], "event_type": "book", "last_trade_price": ""}, {"market": "0xcf30250a0e584bea13f277a2a479833decd67d538fc1e8dc926f9c793b2454b4", "asset_id": "71798061293991410963260986689732621295551480607717504639668717597775598148302", "timestamp": "1769384409405", "hash": "620d8725d74930d8c0bc0824f9d68319e1c586c2", "bids": [{"price": "0.01", "size": "50"}, {"price": "0.02", "size": "5.47"}], "asks": [{"price": "0.99", "size": "50"}], "event_type": "book", "last_trade_price": ""}, {"market": "0xcf30250a0e584bea13f277a2a479833decd67d538fc1e8dc926f9c793b2454b4", "asset_id": "97841068365372931999998603307281424944260043023122833947885732788800138095480", "timestamp": "1769384409405", "hash": "6982305a9649a0846c760916b1375d64cae6332a", "bids": [{"price": "0.01", "size": "50"}], "asks": [{"price": "0.99", "size": "50"}, {"price": "0.98", "size": "5.47"}], "event_type": "book", "last_trade_price": ""}, {"market": "0xc3dd4c54259748bd6c2e56e94d934532f175b75a62d1fb123bc72864c35c9730", "asset_id": "86714981083437714666168917725933210365838689433918892747380598364153479467398", "timestamp": "1769384409405", "hash": "bc6a52dcbdf1f659d63e985d3aa23df0fa6f625d", "bids": [{"price": "0.01", "size": "50"}, {"price": "0.02", "size": "5.47"}], "asks": [{"price": "0.99", "size": "50"}], "event_type": "book", "last_trade_price": ""}, {"market": "0xee51dab3cac9f613ef4adde6f4d31c54d0768434f906a8830bcb29a6aa80fd62", "asset_id": "43525410081347620429019438629612271308506021187417584292466825241377512975930", "timestamp": "1769384485199", "hash": "b3556b84003cf3bb0d66a530d40fbb578ebb8401", "bids": [], "asks": [{"price": "0.99", "size": "50"}, {"price": "0.98", "size": "31.59"}, {"price": "0.95", "size": "5.47"}], "event_type": "book", "last_trade_price": "0.010"}, {"market": "0x7574b1281bb4b70889c1eddb6c792dfaa230fd6568d4fa08ff48a7b7d0da0ecf", "asset_id": "21925343071659716343842350944923307771324323480583567738204826742567392450228", "timestamp": "1769384484000", "hash": "8ea291c094c4ccc673e774b28e367edd156050a0", "bids": [{"price": "0.01", "size": "50"}, {"price": "0.02", "size": "5.47"}, {"price": "0.09", "size": "17.8"}], "asks": [{"price": "0.99", "size": "450"}, {"price": "0.95", "size": "1200"}, {"price": "0.92", "size": "500"}, {"price": "0.9", "size": "10"}, {"price": "0.86", "size": "200"}, {"price": "0.6", "size": "337.5"}, {"price": "0.5", "size": "250"}, {"price": "0.45", "size": "54.54"}], "event_type": "book", "last_trade_price": "0.910"}, {"market": "0xaac4a763d1b76646ed69ff0d6a49b09a701799d9fcc6ddf96275ddc1f0b41e7b", "asset_id": "36440283020173761096990686108430143240313572746247081572057361599072536650982", "timestamp": "1769384485199", "hash": "4304ad1c393fda80370765f8eccaaf3f83056ccc", "bids": [{"price": "0.01", "size": "50"}, {"price": "0.02", "size": "31.59"}, {"price": "0.11", "size": "5.47"}], "asks": [], "event_type": "book", "last_trade_price": "0.010"}, {"market": "0xaac4a763d1b76646ed69ff0d6a49b09a701799d9fcc6ddf96275ddc1f0b41e7b", "asset_id": "2861305146776921171242951029031737179185749195848905136077267186430964686700", "timestamp": "1769384485199", "hash": "88b3538cdf2426781fef33478e370d30eee46fe8", "bids": [], "asks": [{"price": "0.99", "size": "50"}, {"price": "0.98", "size": "31.59"}, {"price": "0.89", "size": "5.47"}], "event_type": "book", "last_trade_price": "0.010"}, {"market": "0x9c8293577f4543ef93f7aaeb509c558f57206963738afc0005a3c8b657c35c2c", "asset_id": "106370297633240418331069674055597687951292185544334737174986495171756252672268", "timestamp": "1769384409405", "hash": "46aa9da20e14e54fa0493448de58aa79f322e83c", "bids": [{"price": "0.01", "size": "50"}], "asks": [{"price": "0.99", "size": "50"}, {"price": "0.98", "size": "5.47"}], "event_type": "book", "last_trade_price": ""}, {"market": "0x8243ff3762bcd3bb8b1d15e665cdcc35716ff318f96fb4631bb46b9eddf8c86a", "asset_id": "84909880410540638760851349939756323384280160356000595880681494003468739085587", "timestamp": "1769384485199", "hash": "ea059a2a331061615477c8a67ba2bb9fef6d5e55", "bids": [], "asks": [{"price": "0.99", "size": "50"}, {"price": "0.98", "size": "31.59"}, {"price": "0.19", "size": "5.47"}], "event_type": "book", "last_trade_price": "0.010"}, {"market": "0x8243ff3762bcd3bb8b1d15e665cdcc35716ff318f96fb4631bb46b9eddf8c86a", "asset_id": "80154436186274737074522997979313743066759452931198098959504359914163403000674", "timestamp": "1769384485199", "hash": "70dd6d4e020080186b0d13d931775eb1239b6f02", "bids": [{"price": "0.01", "size": "50"}, {"price": "0.02", "size": "31.59"}, {"price": "0.81", "size": "5.47"}], "asks": [], "event_type": "book", "last_trade_price": "0.010"}, {"market": "0xc3dd4c54259748bd6c2e56e94d934532f175b75a62d1fb123bc72864c35c9730", "asset_id": "27389633440629820237562052149714649048234868895442626956737031241849873740466", "timestamp": "1769384409405", "hash": "faee97708d61d725e6ddc3ce2560f9b3d60d8226", "bids": [{"price": "0.01", "size": "50"}], "asks": [{"price": "0.99", "size": "50"}, {"price": "0.98", "size": "5.47"}], "event_type": "book", "last_trade_price": ""}, {"market": "0xc33520b8387bc2a129fcaec53006563386084e17ef43cea9824037e05d375609", "asset_id": "2621382290123481396373492494020332967195582455868928518804195047605986757722", "timestamp": "1769384409405", "hash": "08fa67aa63530e3064e512a21b0a116c24028e0d", "bids": [{"price": "0.01", "size": "50"}], "asks": [{"price": "0.99", "size": "50"}, {"price": "0.98", "size": "5.47"}], "event_type": "book", "last_trade_price": ""}, {"market": "0x9c8293577f4543ef93f7aaeb509c558f57206963738afc0005a3c8b657c35c2c", "asset_id": "67835301387931085120131152357622221875363198868454977123292686295357133755559", "timestamp": "1769384409405", "hash": "c19c1da3c07846659a8f17f03f3975ce80f8d755", "bids": [{"price": "0.01", "size": "50"}, {"price": "0.02", "size": "5.47"}], "asks": [{"price": "0.99", "size": "50"}], "event_type": "book", "last_trade_price": ""}, {"market": "0xcdb617d835aa90a8c6f989e15b0f7db83cad61881f9b7cc376ebddfc02e3fe6f", "asset_id": "17205059258036519763047896274452667362004729364919245534806651698362948920774", "timestamp": "1769384485214", "hash": "5b59f4bf020b8b772e1167140605584a39110088", "bids": [{"price": "0.01", "size": "50"}, {"price": "0.02", "size": "31.59"}, {"price": "0.04", "size": "8.2"}, {"price": "0.05", "size": "5.47"}], "asks": [], "event_type": "book", "last_trade_price": "0.010"}, {"market": "0xee51dab3cac9f613ef4adde6f4d31c54d0768434f906a8830bcb29a6aa80fd62", "asset_id": "63233769642798353880862491463624056549555468632412539687403277969546363593618", "timestamp": "1769384485199", "hash": "cc2a431813e50db4b72cbd4814b2edb70bbf3b42", "bids": [{"price": "0.01", "size": "50"}, {"price": "0.02", "size": "31.59"}, {"price": "0.05", "size": "5.47"}], "asks": [], "event_type": "book", "last_trade_price": "0.010"}, {"market": "0xcdb617d835aa90a8c6f989e15b0f7db83cad61881f9b7cc376ebddfc02e3fe6f", "asset_id": "81824081964236123440688084957864924731834402897456136707584091215379279966782", "timestamp": "1769384485214", "hash": "23458b069f8a102d8e2b1fdc2c33d782c6440a55", "bids": [], "asks": [{"price": "0.99", "size": "50"}, {"price": "0.98", "size": "31.59"}, {"price": "0.96", "size": "8.2"}, {"price": "0.95", "size": "5.47"}], "event_type": "book", "last_trade_price": "0.010"}]}
{"_local_timestamp": "2026-01-25T23:41:25.620751+00:00", "data": {"market": "0xee51dab3cac9f613ef4adde6f4d31c54d0768434f906a8830bcb29a6aa80fd62", "price_changes": [{"asset_id": "43525410081347620429019438629612271308506021187417584292466825241377512975930", "price": "0.94", "size": "8.2", "side": "SELL", "hash": "9bd5b4a561d364e193961b3cec7d8900026dfb96", "best_bid": "0", "best_ask": "0.94"}, {"asset_id": "63233769642798353880862491463624056549555468632412539687403277969546363593618", "price": "0.06", "size": "8.2", "side": "BUY", "hash": "01687e619cb503d919a6202ba42130dab1a7032c", "best_bid": "0.06", "best_ask": "1"}], "timestamp": "1769384485551", "event_type": "price_change"}}
{"_local_timestamp": "2026-01-25T23:41:25.623349+00:00", "data": {"market": "0xaac4a763d1b76646ed69ff0d6a49b09a701799d9fcc6ddf96275ddc1f0b41e7b", "price_changes": [{"asset_id": "2861305146776921171242951029031737179185749195848905136077267186430964686700", "price": "0.88", "size": "8.2", "side": "SELL", "hash": "3425d9efbce4c1ef4631489a0eb2e14e24c47914", "best_bid": "0", "best_ask": "0.88"}, {"asset_id": "36440283020173761096990686108430143240313572746247081572057361599072536650982", "price": "0.12", "size": "8.2", "side": "BUY", "hash": "1c69450a13c48a1ff6fa86f55b7922f0de6c58ed", "best_bid": "0.12", "best_ask": "1"}], "timestamp": "1769384485551", "event_type": "price_change"}}
{"_local_timestamp": "2026-01-25T23:41:25.626001+00:00", "data": {"market": "0x8243ff3762bcd3bb8b1d15e665cdcc35716ff318f96fb4631bb46b9eddf8c86a", "price_changes": [{"asset_id": "84909880410540638760851349939756323384280160356000595880681494003468739085587", "price": "0.18", "size": "8.2", "side": "SELL", "hash": "16eec9f389bb957f069c15093e51f6eeccb756f7", "best_bid": "0", "best_ask": "0.18"}, {"asset_id": "80154436186274737074522997979313743066759452931198098959504359914163403000674", "price": "0.82", "size": "8.2", "side": "BUY", "hash": "f0c4ae9cfe0711aaa0e026958bffe1c256214914", "best_bid": "0.82", "best_ask": "1"}], "timestamp": "1769384485551", "event_type": "price_change"}}
{"_local_timestamp": "2026-01-25T23:41:26.100552+00:00", "data": {"market": "0xcdb617d835aa90a8c6f989e15b0f7db83cad61881f9b7cc376ebddfc02e3fe6f", "price_changes": [{"asset_id": "81824081964236123440688084957864924731834402897456136707584091215379279966782", "price": "0.96", "size": "0", "side": "SELL", "hash": "abf7bacc7704e35ffafe6987d117ac31a97d5f48", "best_bid": "0", "best_ask": "0.95"}, {"asset_id": "17205059258036519763047896274452667362004729364919245534806651698362948920774", "price": "0.04", "size": "0", "side": "BUY", "hash": "6ff1c3f7e54c7d39f6bd4a0372e85d18dc06d1f3", "best_bid": "0.05", "best_ask": "1"}], "timestamp": "1769384486037", "event_type": "price_change"}}
{"_local_timestamp": "2026-01-25T23:41:26.384530+00:00", "data": {"market": "0xcdb617d835aa90a8c6f989e15b0f7db83cad61881f9b7cc376ebddfc02e3fe6f", "price_changes": [{"asset_id": "81824081964236123440688084957864924731834402897456136707584091215379279966782", "price": "0.94", "size": "8.2", "side": "SELL", "hash": "615c8c7acfcc4b82373bd47d58887149911901c2", "best_bid": "0", "best_ask": "0.94"}, {"asset_id": "17205059258036519763047896274452667362004729364919245534806651698362948920774", "price": "0.06", "size": "8.2", "side": "BUY", "hash": "c194c195cfe309e9ee5bfff9b0ee071b5ac9ab26", "best_bid": "0.06", "best_ask": "1"}], "timestamp": "1769384486311", "event_type": "price_change"}}
{"_local_timestamp": "2026-01-25T23:41:26.456357+00:00", "data": {"market": "0xaac4a763d1b76646ed69ff0d6a49b09a701799d9fcc6ddf96275ddc1f0b41e7b", "price_changes": [{"asset_id": "2861305146776921171242951029031737179185749195848905136077267186430964686700", "price": "0.89", "size": "0", "side": "SELL", "hash": "b6325942fe2993454106c1576239cad327c9ec71", "best_bid": "0", "best_ask": "0.88"}, {"asset_id": "36440283020173761096990686108430143240313572746247081572057361599072536650982", "price": "0.11", "size": "0", "side": "BUY", "hash": "0d56e1e731e78c8d7d84ac1a76c06bd5902b229a", "best_bid": "0.12", "best_ask": "1"}], "timestamp": "1769384486380", "event_type": "price_change"}}
{"_local_timestamp": "2026-01-25T23:41:26.468109+00:00", "data": {"market": "0x8243ff3762bcd3bb8b1d15e665cdcc35716ff318f96fb4631bb46b9eddf8c86a", "price_changes": [{"asset_id": "84909880410540638760851349939756323384280160356000595880681494003468739085587", "price": "0.19", "size": "0", "side": "SELL", "hash": "f0948235cf20ecb900ed5c549fa5419845989a65", "best_bid": "0", "best_ask": "0.18"}, {"asset_id": "80154436186274737074522997979313743066759452931198098959504359914163403000674", "price": "0.81", "size": "0", "side": "BUY", "hash": "64083e2be16480f67f5ca50151c58a8e36cace3b", "best_bid": "0.82", "best_ask": "1"}], "timestamp": "1769384486380", "event_type": "price_change"}}
{"_local_timestamp": "2026-01-25T23:41:26.469510+00:00", "data": {"market": "0xee51dab3cac9f613ef4adde6f4d31c54d0768434f906a8830bcb29a6aa80fd62", "price_changes": [{"asset_id": "43525410081347620429019438629612271308506021187417584292466825241377512975930", "price": "0.95", "size": "0", "side": "SELL", "hash": "1dca4ec8c7f09b6ec8bbb2d2adc8b14755a1dba9", "best_bid": "0", "best_ask": "0.94"}, {"asset_id": "63233769642798353880862491463624056549555468632412539687403277969546363593618", "price": "0.05", "size": "0", "side": "BUY", "hash": "843c612dd4bb090d5a49d355e00b5583de8fe0da", "best_bid": "0.06", "best_ask": "1"}], "timestamp": "1769384486380", "event_type": "price_change"}}
{"_local_timestamp": "2026-01-25T23:41:26.584533+00:00", "data": {"market": "0xaac4a763d1b76646ed69ff0d6a49b09a701799d9fcc6ddf96275ddc1f0b41e7b", "price_changes": [{"asset_id": "2861305146776921171242951029031737179185749195848905136077267186430964686700", "price": "0.87", "size": "5.47", "side": "SELL", "hash": "cbd036fe87bd7e1ee64378c153c358663e328b9f", "best_bid": "0", "best_ask": "0.87"}, {"asset_id": "36440283020173761096990686108430143240313572746247081572057361599072536650982", "price": "0.13", "size": "5.47", "side": "BUY", "hash": "07aabb45bb0c22df9c7eb9173756b500cf451589", "best_bid": "0.13", "best_ask": "1"}], "timestamp": "1769384486492", "event_type": "price_change"}}
{"_local_timestamp": "2026-01-25T23:41:26.586250+00:00", "data": {"market": "0xee51dab3cac9f613ef4adde6f4d31c54d0768434f906a8830bcb29a6aa80fd62", "price_changes": [{"asset_id": "43525410081347620429019438629612271308506021187417584292466825241377512975930", "price": "0.93", "size": "5.47", "side": "SELL", "hash": "ce35098867f52d358f3fe64ed1589238216fb3eb", "best_bid": "0", "best_ask": "0.93"}, {"asset_id": "63233769642798353880862491463624056549555468632412539687403277969546363593618", "price": "0.07", "size": "5.47", "side": "BUY", "hash": "c7a9bab4ceecd6480f21114c271d81384f4efc2e", "best_bid": "0.07", "best_ask": "1"}], "timestamp": "1769384486492", "event_type": "price_change"}}
{"_local_timestamp": "2026-01-25T23:41:26.605837+00:00", "data": {"market": "0x8243ff3762bcd3bb8b1d15e665cdcc35716ff318f96fb4631bb46b9eddf8c86a", "price_changes": [{"asset_id": "84909880410540638760851349939756323384280160356000595880681494003468739085587", "price": "0.17", "size": "5.47", "side": "SELL", "hash": "92c04e095ac3369090201de00aa99bdfb4a4937d", "best_bid": "0", "best_ask": "0.17"}, {"asset_id": "80154436186274737074522997979313743066759452931198098959504359914163403000674", "price": "0.83", "size": "5.47", "side": "BUY", "hash": "ecdada63ce43e8f28f196811500e9a5e8b65bbbc", "best_bid": "0.83", "best_ask": "1"}], "timestamp": "1769384486530", "event_type": "price_change"}}
{"_local_timestamp": "2026-01-25T23:41:26.953138+00:00", "data": {"market": "0xaac4a763d1b76646ed69ff0d6a49b09a701799d9fcc6ddf96275ddc1f0b41e7b", "price_changes": [{"asset_id": "2861305146776921171242951029031737179185749195848905136077267186430964686700", "price": "0.88", "size": "0", "side": "SELL", "hash": "a6bf04610f5d8181af2aa1c7588668239681c0df", "best_bid": "0", "best_ask": "0.87"}, {"asset_id": "36440283020173761096990686108430143240313572746247081572057361599072536650982", "price": "0.12", "size": "0", "side": "BUY", "hash": "837e6dfed6a633531d5de31efe04ab3cf2841b5a", "best_bid": "0.13", "best_ask": "1"}], "timestamp": "1769384486885", "event_type": "price_change"}}
{"_local_timestamp": "2026-01-25T23:41:26.955890+00:00", "data": {"market": "0xee51dab3cac9f613ef4adde6f4d31c54d0768434f906a8830bcb29a6aa80fd62", "price_changes": [{"asset_id": "43525410081347620429019438629612271308506021187417584292466825241377512975930", "price": "0.94", "size": "0", "side": "SELL", "hash": "afb1f567005a6767aae1049a4c6ae357736e6831", "best_bid": "0", "best_ask": "0.93"}, {"asset_id": "63233769642798353880862491463624056549555468632412539687403277969546363593618", "price": "0.06", "size": "0", "side": "BUY", "hash": "99d4e551c2f5bd319b29850e7aaf9b27c6c24367", "best_bid": "0.07", "best_ask": "1"}], "timestamp": "1769384486885", "event_type": "price_change"}}
{"_local_timestamp": "2026-01-25T23:41:26.958135+00:00", "data": {"market": "0x8243ff3762bcd3bb8b1d15e665cdcc35716ff318f96fb4631bb46b9eddf8c86a", "price_changes": [{"asset_id": "84909880410540638760851349939756323384280160356000595880681494003468739085587", "price": "0.18", "size": "0", "side": "SELL", "hash": "f43aa767fd44030e47866bc5dbc88c23c6d2c5cb", "best_bid": "0", "best_ask": "0.17"}, {"asset_id": "80154436186274737074522997979313743066759452931198098959504359914163403000674", "price": "0.82", "size": "0", "side": "BUY", "hash": "a8845ff4650e7f1a7748a2f5fa03422c4c887b87", "best_bid": "0.83", "best_ask": "1"}], "timestamp": "1769384486885", "event_type": "price_change"}}
{"_local_timestamp": "2026-01-25T23:41:27.166294+00:00", "data": {"market": "0x8243ff3762bcd3bb8b1d15e665cdcc35716ff318f96fb4631bb46b9eddf8c86a", "price_changes": [{"asset_id": "84909880410540638760851349939756323384280160356000595880681494003468739085587", "price": "0.16", "size": "8.2", "side": "SELL", "hash": "27747784106201ac2e7776b8097ab2bfa8856d2b", "best_bid": "0", "best_ask": "0.16"}, {"asset_id": "80154436186274737074522997979313743066759452931198098959504359914163403000674", "price": "0.84", "size": "8.2", "side": "BUY", "hash": "e8b6190f70a5cf5dad96b7eafa3763c63c01fda3", "best_bid": "0.84", "best_ask": "1"}], "timestamp": "1769384487095", "event_type": "price_change"}}
{"_local_timestamp": "2026-01-25T23:41:27.266634+00:00", "data": {"market": "0xee51dab3cac9f613ef4adde6f4d31c54d0768434f906a8830bcb29a6aa80fd62", "price_changes": [{"asset_id": "43525410081347620429019438629612271308506021187417584292466825241377512975930", "price": "0.92", "size": "8.2", "side": "SELL", "hash": "01a15b9af58eaaacd9f5dd4ff850d1c8bfc70f9f", "best_bid": "0", "best_ask": "0.92"}, {"asset_id": "63233769642798353880862491463624056549555468632412539687403277969546363593618", "price": "0.08", "size": "8.2", "side": "BUY", "hash": "390403934301be212b73d8fcb392fabe49732c2b", "best_bid": "0.08", "best_ask": "1"}], "timestamp": "1769384487198", "event_type": "price_change"}}
{"_local_timestamp": "2026-01-25T23:41:27.268085+00:00", "data": {"market": "0xaac4a763d1b76646ed69ff0d6a49b09a701799d9fcc6ddf96275ddc1f0b41e7b", "price_changes": [{"asset_id": "2861305146776921171242951029031737179185749195848905136077267186430964686700", "price": "0.86", "size": "8.2", "side": "SELL", "hash": "5823f6e379b7c878941b235e52250c75ea9d3d8b", "best_bid": "0", "best_ask": "0.86"}, {"asset_id": "36440283020173761096990686108430143240313572746247081572057361599072536650982", "price": "0.14", "size": "8.2", "side": "BUY", "hash": "d98700b0d1f674f92e1a70cd86797d82eda6e33b", "best_bid": "0.14", "best_ask": "1"}], "timestamp": "1769384487198", "event_type": "price_change"}}
