{"_local_timestamp": "2026-01-25T23:34:26.430692+00:00", "data": [{"market": "0xd1974cf64409dfec9b17904967cc6ecff6f8970f8f3759c1b86ba0e64a171538", "asset_id": "77221348883149842994057863348426160118846354254629335545566757538042793551232", "timestamp": "1769383394027", "hash": "42c7d7745f36b9368dd87339f74e3b60b1b59f51", "bids": [{"price": "0.01", "size": "100"}, {"price": "0.02", "size": "30.47"}], "asks": [{"price": "0.99", "size": "101.24"}, {"price": "0.98", "size": "24.37"}], "event_type": "book", "last_trade_price": ""}, {"market": "0x77f0b9e864a64fd8c104aba3c61c7b02714bce5d2bfa7c8bf9ebbf82ee600e47", "asset_id": "30669124386104631671934384799485924914805367716971602638063241914566109936758", "timestamp": "1769383392612", "hash": "697cf7867a8380b2ed3f2159a590ed6aefac00a0", "bids": [{"price": "0.01", "size": "101.24"}, {"price": "0.02", "size": "24.37"}], "asks": [{"price": "0.99", "size": "100"}, {"price": "0.98", "size": "30.47"}], "event_type": "book", "last_trade_price": ""}, {"market": "0xd1974cf64409dfec9b17904967cc6ecff6f8970f8f3759c1b86ba0e64a171538", "asset_id": "92342905622437245884371867095723087884824449392441354695171383660066887680130", "timestamp": "1769383394027", "hash": "22c9ae8e1294e9c8188346a2449f7f1e6f99cadd", "bids": [{"price": "0.01", "size": "101.24"}, {"price": "0.02", "size": "24.37"}], "asks": [{"price": "0.99", "size": "100"}, {"price": "0.98", "size": "30.47"}], "event_type": "book", "last_trade_price": ""}, {"market": "0x4f000eff887309c9b4bd547f9445065c47c788cb7493e5a299217a5dc6d99f29", "asset_id": "38713612260101502351332861774928007467195582969476862769496213049289855862183", "timestamp": "1769383396286", "hash": "817038b41a5752de27894c3b707541a5544ef7a1", "bids": [{"price": "0.01", "size": "101.24"}, {"price": "0.02", "size": "24.37"}], "asks": [{"price": "0.99", "size": "100"}, {"price": "0.98", "size": "30.47"}], "event_type": "book", "last_trade_price": ""}, {"market": "0x4f000eff887309c9b4bd547f9445065c47c788cb7493e5a299217a5dc6d99f29", "asset_id": "27905529488824255523971326744140266498171738075196120123922760816728925212243", "timestamp": "1769383396286", "hash": "82e0f35382dfd5526abb0fd3d58340efbba1fe73", "bids": [{"price": "0.01", "size": "100"}, {"price": "0.02", "size": "30.47"}], "asks": [{"price": "0.99", "size": "101.24"}, {"price": "0.98", "size": "24.37"}], "event_type": "book", "last_trade_price": ""}, {"market": "0x30a667542d40f03abfa14127ab792e01355aebe4c491aa90d1c47c23be99206c", "asset_id": "50437457758786701042434844561705011044996652064172789587568969669043051128793", "timestamp": "1769383396284", "hash": "415d0562b3b7998b8756d673127e7be8d421c3a8", "bids": [{"price": "0.01", "size": "100"}, {"price": "0.02", "size": "30.47"}], "asks": [{"price": "0.99", "size": "101.24"}, {"price": "0.98", "size": "24.37"}], "event_type": "book", "last_trade_price": ""}, {"market": "0x599252abe5cd200e09c916e1aea5e66ebb97d2c4cbd0f31a5a3d978f094e7086", "asset_id": "8134625901704616206626607770882106352650413464629230459671151439860318438401", "timestamp": "1769383396283", "hash": "3dd5196f00e196eb8c7173347782837d3b1a81c4", "bids": [{"price": "0.01", "size": "100"}, {"price": "0.02", "size": "30.47"}], "asks": [{"price": "0.99", "size": "101.24"}, {"price": "0.98", "size": "24.37"}], "event_type": "book", "last_trade_price": ""}, {"market": "0x70cf627992eabb9aabf8214f68371ee04ae81f40cb3cbc3ac917ec950834c59a", "asset_id": "78332247075442714492906421388082697029808002140133215295324120479643526407719", "timestamp": "1769383394440", "hash": "0d2df8160fb37756b6a76fd8e24c82f36de8801a", "bids": [{"price": "0.01", "size": "101.24"}, {"price": "0.02", "size": "24.37"}], "asks": [{"price": "0.99", "size": "100"}, {"price": "0.98", "size": "30.47"}], "event_type": "book", "last_trade_price": ""}, {"market": "0xb513315539b0e4957d8e36aa50afed10bd0716c52dd99cab633845b51e58e773", "asset_id": "112547099516105841796273123535764284577062377184765160749893321006803259447690", "timestamp": "1769383416290", "hash": "bbed6c288f660038edb5385b322759868bd8bc5d", "bids": [{"price": "0.01", "size": "100"}, {"price": "0.02", "size": "25"}, {"price": "0.1", "size": "2.44"}], "asks": [{"price": "0.99", "size": "100"}, {"price": "0.98", "size": "30.47"}, {"price": "0.9", "size": "10"}], "event_type": "book", "last_trade_price": "0.100"}, {"market": "0x70cf627992eabb9aabf8214f68371ee04ae81f40cb3cbc3ac917ec950834c59a", "asset_id": "94758843103129498930572169689975128291098933237105793689830568587063864519660", "timestamp": "1769383394440", "hash": "9ef8bd0c037e26a52361f553281e38138b952638", "bids": [{"price": "0.01", "size": "100"}, {"price": "0.02", "size": "30.47"}], "asks": [{"price": "0.99", "size": "101.24"}, {"price": "0.98", "size": "24.37"}], "event_type": "book", "last_trade_price": ""}, {"market": "0x77f0b9e864a64fd8c104aba3c61c7b02714bce5d2bfa7c8bf9ebbf82ee600e47", "asset_id": "48852926669842004096477203023621303532825907363587368518719951150526746794251", "timestamp": "1769383392612", "hash": "28e0b00490df48b0c41ea576f09961783928fcb4", "bids": [{"price": "0.01", "size": "100"}, {"price": "0.02", "size": "30.47"}], "asks": [{"price": "0.99", "size": "101.24"}, {"price": "0.98", "size": "24.37"}], "event_type": "book", "last_trade_price": ""}, {"market": "0xb513315539b0e4957d8e36aa50afed10bd0716c52dd99cab633845b51e58e773", "asset_id": "95777132000753446456017695212679657753341199515230913383881987157712081929888", "timestamp": "1769383416290", "hash": "f9b4134515ee48168772da605493f965539be122", "bids": [{"price": "0.01", "size": "100"}, {"price": "0.02", "size": "30.47"}, {"price": "0.1", "size": "10"}], "asks": [{"price": "0.99", "size": "100"}, {"price": "0.98", "size": "25"}, {"price": "0.9", "size": "2.44"}], "event_type": "book", "last_trade_price": "0.100"}, {"market": "0xd60c1b386df6561964337350227eeed046c8707e412a987c02875cbb0788aeb3", "asset_id": "67778711183127413243485553276229295529561272327151368268080243567617189277148", "timestamp": "1769383394442", "hash": "374378dae0e18b7e6b459e40ddfce09a8ac31c14", "bids": [{"price": "0.01", "size": "101.24"}, {"price": "0.02", "size": "24.37"}], "asks": [{"price": "0.99", "size": "100"}, {"price": "0.98", "size": "30.47"}], "event_type": "book", "last_trade_price": ""}, {"market": "0xd60c1b386df6561964337350227eeed046c8707e412a987c02875cbb0788aeb3", "asset_id": "64808134237783679940628959314452994671912522575218014025099107285378758946239", "timestamp": "1769383394442", "hash": "70a0d182d9a65b04115aacad1af603b858448553", "bids": [{"price": "0.01", "size": "100"}, {"price": "0.02", "size": "30.47"}], "asks": [{"price": "0.99", "size": "101.24"}, {"price": "0.98", "size": "24.37"}], "event_type": "book", "last_trade_price": ""}, {"market": "0xa80b9f799a1b6ccdb496a9a3488f1dddf9435189e4126f4ea634675de7711cf5", "asset_id": "76426249291220690183181435368560998190913544655257881357240974620472153308183", "timestamp": "1769383563763", "hash": "b7057dd79fa772fce9ae7fde32b88cc3cd72d5c6", "bids": [{"price": "0.01", "size": "50"}, {"price": "0.02", "size": "30.47"}], "asks": [{"price": "0.99", "size": "101.24"}, {"price": "0.98", "size": "24.37"}], "event_type": "book", "last_trade_price": ""}, {"market": "0xa80b9f799a1b6ccdb496a9a3488f1dddf9435189e4126f4ea634675de7711cf5", "asset_id": "11851486671232173809358090026821015400639394960585848083246193037399164781839", "timestamp": "1769383563763", "hash": "c6d652d6b2054a5ee8013557a21fd0f9a474e6db", "bids": [{"price": "0.01", "size": "101.24"}, {"price": "0.02", "size": "24.37"}], "asks": [{"price": "0.99", "size": "50"}, {"price": "0.98", "size": "30.47"}], "event_type": "book", "last_trade_price": ""}, {"market": "0x30a667542d40f03abfa14127ab792e01355aebe4c491aa90d1c47c23be99206c", "asset_id": "62828815479520501293266106819424012434711389031257115492169179579955432380274", "timestamp": "1769383396284", "hash": "7f8d77e2c0b5536d3b6bda0bc1e9659bb3e825fd", "bids": [{"price": "0.01", "size": "101.24"}, {"price": "0.02", "size": "24.37"}], "asks": [{"price": "0.99", "size": "100"}, {"price": "0.98", "size": "30.47"}], "event_type": "book", "last_trade_price": ""}, {"market": "0x599252abe5cd200e09c916e1aea5e66ebb97d2c4cbd0f31a5a3d978f094e7086", "asset_id": "61809132306274870317543146000943961102129900590159305131393361998962365216049", "timestamp": "1769383396283", "hash": "804cc6db227a04cb6546c0568025b0b3bcd501b2", "bids": [{"price": "0.01", "size": "101.24"}, {"price": "0.02", "size": "24.37"}], "asks": [{"price": "0.99", "size": "100"}, {"price": "0.98", "size": "30.47"}], "event_type": "book", "last_trade_price": ""}]}
