{"_local_timestamp": "2026-01-25T23:34:23.932777+00:00", "data": [{"market": "0xea60f705cd9921a042070e505509085baa0fa603066f539bc1edb72b0aa7b7ab", "asset_id": "46744559853174263821967765167034587421435856249636476904643622566327120801939", "timestamp": "1769383423775", "hash": "78056049a3c135dd6a64d57571cba27156cef83d", "bids": [{"price": "0.01", "size": "100"}, {"price": "0.02", "size": "30.47"}], "asks": [{"price": "0.99", "size": "101.24"}, {"price": "0.98", "size": "24.37"}], "event_type": "book", "last_trade_price": ""}, {"market": "0xb23aa09bb00803ae0ecc1790c417bed1232611603226d2ce24f2135363092e1f", "asset_id": "36756414218048034930763503322150365066297847586115446559249249895966693345779", "timestamp": "1769383423777", "hash": "51675faa2f88e58c9bdd9aec7a5b6bc081456c95", "bids": [{"price": "0.01", "size": "100"}, {"price": "0.02", "size": "30.47"}], "asks": [{"price": "0.99", "size": "101.24"}, {"price": "0.98", "size": "24.37"}], "event_type": "book", "last_trade_price": ""}, {"market": "0x905e5ad40853c2e3c3eeb1cdf8d898e49d682d43b080c457851894ae544769b4", "asset_id": "99090947654870165675918679410389515151870495703431692424686316848680230001672", "timestamp": "1769383544673", "hash": "585d7244315cd75debe925a02b5a992c82f75f6c", "bids": [{"price": "0.01", "size": "100"}, {"price": "0.02", "size": "25"}, {"price": "0.2", "size": "5"}], "asks": [{"price": "0.99", "size": "100"}, {"price": "0.98", "size": "30.47"}, {"price": "0.9", "size": "10"}], "event_type": "book", "last_trade_price": ""}, {"market": "0x905e5ad40853c2e3c3eeb1cdf8d898e49d682d43b080c457851894ae544769b4", "asset_id": "111248308200010531459025777398087268368554513532772728585826543957800355499644", "timestamp": "1769383544673", "hash": "b3ca27122cc033de27588b95ec7c7faf1b6caac6", "bids": [{"price": "0.01", "size": "100"}, {"price": "0.02", "size": "30.47"}, {"price": "0.1", "size": "10"}], "asks": [{"price": "0.99", "size": "100"}, {"price": "0.98", "size": "25"}, {"price": "0.8", "size": "5"}], "event_type": "book", "last_trade_price": ""}, {"market": "0x3a341cb1e6246396fbf27f770c6ecdd51de2e65dd525af805736ed7471e092e0", "asset_id": "45103990280466567256187225673073607009987692988486602114346012004851415071547", "timestamp": "1769383424514", "hash": "fad0c7ef63ca98eed605a64c8614208d43a3e734", "bids": [{"price": "0.01", "size": "101.24"}, {"price": "0.02", "size": "24.37"}], "asks": [{"price": "0.99", "size": "100"}, {"price": "0.98", "size": "30.47"}], "event_type": "book", "last_trade_price": ""}, {"market": "0x0f58b7517b6a31932c53f0bd8bb5cd6b8e2f34f018a4011f6178e9c4e75d2abf", "asset_id": "65835696378696243714595360136709252472497282859215254727012270381844419679170", "timestamp": "1769383383019", "hash": "f8de32c54da23a7ece88c4ee25f98fbbfd5404b7", "bids": [{"price": "0.01", "size": "100"}, {"price": "0.02", "size": "30.47"}], "asks": [{"price": "0.99", "size": "101.24"}, {"price": "0.98", "size": "24.37"}], "event_type": "book", "last_trade_price": ""}, {"market": "0x765add6451fd0ef0b8bc72b05d4b8c76793308000f5e3c5a484c354a0c23fe67", "asset_id": "59711525283014112735420925342650426392055286787379147290159645565843421086676", "timestamp": "1769383424926", "hash": "874f6a01b42ee15b2b3177c3d731bf98178f14a2", "bids": [{"price": "0.01", "size": "100"}, {"price": "0.02", "size": "30.47"}], "asks": [{"price": "0.99", "size": "101.24"}, {"price": "0.98", "size": "24.37"}], "event_type": "book", "last_trade_price": ""}, {"market": "0x765add6451fd0ef0b8bc72b05d4b8c76793308000f5e3c5a484c354a0c23fe67", "asset_id": "33552824359261685293097563965518083769984510877596862333757236171243754435568", "timestamp": "1769383424926", "hash": "85ed1ecb92cfcbb8d16c9acf9fa46c01f5aff3dd", "bids": [{"price": "0.01", "size": "101.24"}, {"price": "0.02", "size": "24.37"}], "asks": [{"price": "0.99", "size": "100"}, {"price": "0.98", "size": "30.47"}], "event_type": "book", "last_trade_price": ""}, {"market": "0x3a341cb1e6246396fbf27f770c6ecdd51de2e65dd525af805736ed7471e092e0", "asset_id": "112277910149172426422354496176815656385477930685640110938894738906009694898809", "timestamp": "1769383424514", "hash": "ce8c65aae47324ce7cf9e7c28b490195d4174627", "bids": [{"price": "0.01", "size": "100"}, {"price": "0.02", "size": "30.47"}], "asks": [{"price": "0.99", "size": "101.24"}, {"price": "0.98", "size": "24.37"}], "event_type": "book", "last_trade_price": ""}, {"market": "0xc35809f76002df486bb4ac2612b17bab34892937681a3074acb9a05b9064579d", "asset_id": "82026508118878631191856708544558390835428200230035079959236942364862487463583", "timestamp": "1769383496618", "hash": "38789f61693bf08b564b3ba203af0decf9dbd7fe", "bids": [{"price": "0.01", "size": "100"}, {"price": "0.02", "size": "30.47"}], "asks": [{"price": "0.99", "size": "101.24"}, {"price": "0.98", "size": "24.37"}], "event_type": "book", "last_trade_price": ""}, {"market": "0xc35809f76002df486bb4ac2612b17bab34892937681a3074acb9a05b9064579d", "asset_id": "88115023624816275012431157472051054061914120498187158403161057632967988116632", "timestamp": "1769383496618", "hash": "71bbd28903a762c6db249136e8fb5e46919ec0ad", "bids": [{"price": "0.01", "size": "101.24"}, {"price": "0.02", "size": "24.37"}], "asks": [{"price": "0.99", "size": "100"}, {"price": "0.98", "size": "30.47"}], "event_type": "book", "last_trade_price": ""}, {"market": "0xea60f705cd9921a042070e505509085baa0fa603066f539bc1edb72b0aa7b7ab", "asset_id": "66954706049097757293810978073571069704761681707881835923181314389262583114435", "timestamp": "1769383423775", "hash": "46d675e21d202e6057dd72d165f41020120f5a3b", "bids": [{"price": "0.01", "size": "101.24"}, {"price": "0.02", "size": "24.37"}], "asks": [{"price": "0.99", "size": "100"}, {"price": "0.98", "size": "30.47"}], "event_type": "book", "last_trade_price": ""}, {"market": "0x13806658a6c32a0c54e7eb0778e0187b6ee94ee1e32f327419c13ad6d6d7354f", "asset_id": "52166624873662354533149638625736578451321348584848378805369561844735156734228", "timestamp": "1769383424514", "hash": "736b20971ac228f074357b5aa19ef48b30557623", "bids": [{"price": "0.01", "size": "101.24"}, {"price": "0.02", "size": "24.37"}], "asks": [{"price": "0.99", "size": "100"}, {"price": "0.98", "size": "30.47"}], "event_type": "book", "last_trade_price": ""}, {"market": "0x13806658a6c32a0c54e7eb0778e0187b6ee94ee1e32f327419c13ad6d6d7354f", "asset_id": "13010557706633318735883769813266815982151598187227509054717713444819412258651", "timestamp": "1769383424514", "hash": "5f94455d757c9c36f62772ae991fd563bdd73611", "bids": [{"price": "0.01", "size": "100"}, {"price": "0.02", "size": "30.47"}], "asks": [{"price": "0.99", "size": "101.24"}, {"price": "0.98", "size": "24.37"}], "event_type": "book", "last_trade_price": ""}, {"market": "0x0f58b7517b6a31932c53f0bd8bb5cd6b8e2f34f018a4011f6178e9c4e75d2abf", "asset_id": "43019743057278229353998481530388801232164797634962937869615702329983138312468", "timestamp": "1769383383019", "hash": "f186a0b84978844b8fefc104c5c8b29811a047ef", "bids": [{"price": "0.01", "size": "101.24"}, {"price": "0.02", "size": "24.37"}], "asks": [{"price": "0.99", "size": "100"}, {"price": "0.98", "size": "30.47"}], "event_type": "book", "last_trade_price": ""}, {"market": "0x7c9d1b7f4b44125755dc7f6f28f7286ab7845d25bee16c4115cb77a51a34d1b5", "asset_id": "86858743310600183164376864306103042835052225785240724612004471977833686462794", "timestamp": "1769383425524", "hash": "0d5d77d8ef7014cc9e7d4188088c1b988803c34a", "bids": [{"price": "0.01", "size": "101.24"}, {"price": "0.02", "size": "24.37"}], "asks": [{"price": "0.99", "size": "100"}, {"price": "0.98", "size": "30.47"}], "event_type": "book", "last_trade_price": ""}, {"market": "0x7c9d1b7f4b44125755dc7f6f28f7286ab7845d25bee16c4115cb77a51a34d1b5", "asset_id": "76358479358688848158688828335831641102288676960665207027948346552333222745700", "timestamp": "1769383425524", "hash": "b8ec7ce14d9919f1c7f80afd1af0a468c273f29b", "bids": [{"price": "0.01", "size": "100"}, {"price": "0.02", "size": "30.47"}], "asks": [{"price": "0.99", "size": "101.24"}, {"price": "0.98", "size": "24.37"}], "event_type": "book", "last_trade_price": ""}, {"market": "0xb23aa09bb00803ae0ecc1790c417bed1232611603226d2ce24f2135363092e1f", "asset_id": "91624121023280928525056426212193964557847325780241494745901974148813561613362", "timestamp": "1769383423777", "hash": "db37397d444d6e2e4c17db3a1c794f958080beb2", "bids": [{"price": "0.01", "size": "101.24"}, {"price": "0.02", "size": "24.37"}], "asks": [{"price": "0.99", "size": "100"}, {"price": "0.98", "size": "30.47"}], "event_type": "book", "last_trade_price": ""}]}
