{"_local_timestamp": "2026-01-25T23:34:19.812952+00:00", "data": [{"market": "0x3c7679dc8afd9a88d0fd0a7c5b838a6b72c6687486b49cd85a6ad6d3dc566356", "asset_id": "62734590602538866879734207730643004337625307867764824697429240934777375054499", "timestamp": "1769383480813", "hash": "7cf3c69fee7aa40172d59ae44a3eb15f5bd6e00f", "bids": [{"price": "0.01", "size": "100"}, {"price": "0.02", "size": "25"}, {"price": "0.1", "size": "10"}], "asks": [{"price": "0.99", "size": "100"}, {"price": "0.98", "size": "30.47"}, {"price": "0.9", "size": "10"}], "event_type": "book", "last_trade_price": ""}, {"market": "0x0bd0faefbdbfa04630e0b984104e94e9a8846274de983f1037b25afefa412ea1", "asset_id": "61514879764594500113289492041020428792222463190576454533267940456954577060796", "timestamp": "1769383600994", "hash": "7802793f44810b253c2cb073168e2aa8fe04a2e9", "bids": [{"price": "0.01", "size": "70.64"}, {"price": "0.02", "size": "19.16"}], "asks": [{"price": "0.99", "size": "70.64"}, {"price": "0.98", "size": "24.63"}], "event_type": "book", "last_trade_price": ""}, {"market": "0xbc47b6c845d6dd24f1e758f1ff74fa2f7de2c5bb94b4abbbfb2ef114314a9bee", "asset_id": "112762725971495850474069550280502784035612360949809488578984717109209006900782", "timestamp": "1769383602107", "hash": "c5a8d499a31f68c2c7108a7db8ef9a87f444cbc0", "bids": [{"price": "0.01", "size": "70.64"}, {"price": "0.02", "size": "24.63"}], "asks": [{"price": "0.99", "size": "69.71"}, {"price": "0.98", "size": "19.63"}], "event_type": "book", "last_trade_price": ""}, {"market": "0x3c7679dc8afd9a88d0fd0a7c5b838a6b72c6687486b49cd85a6ad6d3dc566356", "asset_id": "48748934207616085330400931591146517374391350841765836068120958682206196003097", "timestamp": "1769383480813", "hash": "fda6101f5bb8805ae37c6eaa8f405a081ec7b1c3", "bids": [{"price": "0.01", "size": "100"}, {"price": "0.02", "size": "30.47"}, {"price": "0.1", "size": "10"}], "asks": [{"price": "0.99", "size": "100"}, {"price": "0.98", "size": "25"}, {"price": "0.9", "size": "10"}], "event_type": "book", "last_trade_price": ""}, {"market": "0xc3aadf982ab041640a662a651ecc8cc03e629b34eed29591440bcb7c4b65f49b", "asset_id": "99576458050625109397198794218560137813993200377010518386477388538340712757352", "timestamp": "1769383602107", "hash": "cd768dff1b960a71a94ab352847a16eb3520beec", "bids": [{"price": "0.01", "size": "70.64"}, {"price": "0.02", "size": "24.63"}], "asks": [{"price": "0.99", "size": "69.71"}, {"price": "0.98", "size": "19.63"}], "event_type": "book", "last_trade_price": ""}, {"market": "0x516a3eab0ca7d0893db1ce4f21a41f8b9407a8e4740f116ae6766419f6947dda", "asset_id": "13832586946538028030830519124548119281240705865469812159686595533151433973435", "timestamp": "1769383602107", "hash": "44cae0bcb0ed10dd7662945f60498ee0702d2bb4", "bids": [{"price": "0.01", "size": "69.71"}, {"price": "0.02", "size": "19.63"}], "asks": [{"price": "0.99", "size": "70.64"}, {"price": "0.98", "size": "24.63"}], "event_type": "book", "last_trade_price": ""}, {"market": "0x1d895d87ed2a3fca440c3938223ea85773f79640b6a0d9b85a9100a9244c20ec", "asset_id": "61047937732847889156754168309936855795078803837400835538054641439184882597453", "timestamp": "1769383602107", "hash": "0c66f0bcda00e44264061b78bc6939c09a137442", "bids": [{"price": "0.01", "size": "70.64"}, {"price": "0.02", "size": "24.63"}], "asks": [{"price": "0.99", "size": "69.71"}, {"price": "0.98", "size": "19.63"}], "event_type": "book", "last_trade_price": ""}, {"market": "0x0bd0faefbdbfa04630e0b984104e94e9a8846274de983f1037b25afefa412ea1", "asset_id": "96504759153981125402937262174509364865145264438330101447211284024542531697944", "timestamp": "1769383600994", "hash": "264767bb7388322b7b0d0388e79931f7e4bbd049", "bids": [{"price": "0.01", "size": "70.64"}, {"price": "0.02", "size": "24.63"}], "asks": [{"price": "0.99", "size": "70.64"}, {"price": "0.98", "size": "19.16"}], "event_type": "book", "last_trade_price": ""}, {"market": "0x272c94d262df18b210b4b9167e51ebc2481093d556c823e4f4748c099ff41b1d", "asset_id": "50481780283373462565424393474024444350708637390427714183720270629496983488893", "timestamp": "1769383601332", "hash": "e18151125ee95c50b4c4aebb9e4fa2678963fd6b", "bids": [{"price": "0.01", "size": "70.64"}, {"price": "0.02", "size": "19.16"}], "asks": [{"price": "0.99", "size": "70.64"}, {"price": "0.98", "size": "24.63"}], "event_type": "book", "last_trade_price": ""}, {"market": "0xdb61bf13ed36cc9f3730336ca4125f9fea5888424975fa526d0630e9ae6b35c3", "asset_id": "52362754646866496421286643585084688132592083065085781333354121966555424164846", "timestamp": "1769383600518", "hash": "c6a07b5414197ce651d4b961f8bd84293ec39c5e", "bids": [{"price": "0.01", "size": "70.64"}, {"price": "0.02", "size": "24.16"}], "asks": [{"price": "0.99", "size": "70.64"}, {"price": "0.98", "size": "19.16"}], "event_type": "book", "last_trade_price": ""}, {"market": "0x36385e5bda51914289bc3091b06e2131def9ad12b23583f9f7350c96bded165e", "asset_id": "22563170635567097517520931959579517735006606644914853705860902157130641831428", "timestamp": "1769383601331", "hash": "033276dd4df6d6d21ce7781ce1a3f5bc3d5c203e", "bids": [{"price": "0.01", "size": "70.64"}, {"price": "0.02", "size": "24.63"}], "asks": [{"price": "0.99", "size": "70.64"}, {"price": "0.98", "size": "19.16"}], "event_type": "book", "last_trade_price": ""}, {"market": "0xc3aadf982ab041640a662a651ecc8cc03e629b34eed29591440bcb7c4b65f49b", "asset_id": "25705606900642013053584682675545344834076563625167534836571111827041273335440", "timestamp": "1769383602107", "hash": "7634777df416f080c76fdfe502d8d4ac46b8e7ad", "bids": [{"price": "0.01", "size": "69.71"}, {"price": "0.02", "size": "19.63"}], "asks": [{"price": "0.99", "size": "70.64"}, {"price": "0.98", "size": "24.63"}], "event_type": "book", "last_trade_price": ""}, {"market": "0xdb61bf13ed36cc9f3730336ca4125f9fea5888424975fa526d0630e9ae6b35c3", "asset_id": "31231841105472768251347244697609267182801901350438806697177598815866896646129", "timestamp": "1769383600518", "hash": "d8f67f9758a5992474b4a7ef887f433bcd1e6cac", "bids": [{"price": "0.01", "size": "70.64"}, {"price": "0.02", "size": "19.16"}], "asks": [{"price": "0.99", "size": "70.64"}, {"price": "0.98", "size": "24.16"}], "event_type": "book", "last_trade_price": ""}, {"market": "0x1d895d87ed2a3fca440c3938223ea85773f79640b6a0d9b85a9100a9244c20ec", "asset_id": "32774817938412025382866161067883241188983163847402024026679989772438927617937", "timestamp": "1769383602107", "hash": "961711445ae365525ec87c4da27112badc301ea6", "bids": [{"price": "0.01", "size": "69.71"}, {"price": "0.02", "size": "19.63"}], "asks": [{"price": "0.99", "size": "70.64"}, {"price": "0.98", "size": "24.63"}], "event_type": "book", "last_trade_price": ""}, {"market": "0xbc47b6c845d6dd24f1e758f1ff74fa2f7de2c5bb94b4abbbfb2ef114314a9bee", "asset_id": "113135335636835794288541824914346394672148059464553620692419299644358150221299", "timestamp": "1769383602107", "hash": "718989b59ee5f5d7b52980c89aa33377c7a0d1d3", "bids": [{"price": "0.01", "size": "69.71"}, {"price": "0.02", "size": "19.63"}], "asks": [{"price": "0.99", "size": "70.64"}, {"price": "0.98", "size": "24.63"}], "event_type": "book", "last_trade_price": ""}, {"market": "0x272c94d262df18b210b4b9167e51ebc2481093d556c823e4f4748c099ff41b1d", "asset_id": "84504512468927955696553403739115920022506241591471807119145619172451359156764", "timestamp": "1769383601332", "hash": "2318f3d937f7f085704a31e3464868f6ebe525f3", "bids": [{"price": "0.01", "size": "70.64"}, {"price": "0.02", "size": "24.63"}], "asks": [{"price": "0.99", "size": "70.64"}, {"price": "0.98", "size": "19.16"}], "event_type": "book", "last_trade_price": ""}, {"market": "0x36385e5bda51914289bc3091b06e2131def9ad12b23583f9f7350c96bded165e", "asset_id": "92609683000310537386070727666525868482601309491551611684451047346518512309757", "timestamp": "1769383601331", "hash": "682998596b55ee03e19dd89ae92b3c787d0be527", "bids": [{"price": "0.01", "size": "70.64"}, {"price": "0.02", "size": "19.16"}], "asks": [{"price": "0.99", "size": "70.64"}, {"price": "0.98", "size": "24.63"}], "event_type": "book", "last_trade_price": ""}, {"market": "0x516a3eab0ca7d0893db1ce4f21a41f8b9407a8e4740f116ae6766419f6947dda", "asset_id": "22270939773133885075255664459214492686931140956681920312580103899902033258670", "timestamp": "1769383602107", "hash": "b0d51d9f92c091de93cdc08d35a92a62ea09033e", "bids": [{"price": "0.01", "size": "70.64"}, {"price": "0.02", "size": "24.63"}], "asks": [{"price": "0.99", "size": "69.71"}, {"price": "0.98", "size": "19.63"}], "event_type": "book", "last_trade_price": ""}]}
