{"_local_timestamp": "2026-01-25T23:34:26.204660+00:00", "data": [{"market": "0x96c3083acd042338282108e3f8d0b32641cdc696e35a2ddfd29946d7f0c9627c", "asset_id": "19076775309898540247309730653319678330855112914961407911246300752636085316098", "timestamp": "1769382068337", "hash": "f38098922fe474146fc3f113d100f1266b96cf74", "bids": [{"price": "0.01", "size": "100"}], "asks": [{"price": "0.99", "size": "100"}, {"price": "0.98", "size": "5.47"}], "event_type": "book", "last_trade_price": ""}, {"market": "0x643cc0cbbabc6bd7da2a5b068caac198440995265cfd85a251000110065a7b4a", "asset_id": "66338888590318838316792093130106171695716377988944660026778468924676744296798", "timestamp": "1769382032143", "hash": "f643a1cb352a17d1abfa291bc502d4204f851de9", "bids": [{"price": "0.01", "size": "105.47"}], "asks": [{"price": "0.99", "size": "100"}], "event_type": "book", "last_trade_price": ""}, {"market": "0xd5de9f5dd53353040e4c6a72918b82a08d860e7837a0a56a5662159634a5fec9", "asset_id": "25314903242824275460898355724713853435322604289264310276925024670446783315595", "timestamp": "1769382072169", "hash": "1bd2d253bbd3db1e2786cdd6f3c030f6220ed0d8", "bids": [{"price": "0.01", "size": "100"}], "asks": [{"price": "0.99", "size": "100"}, {"price": "0.98", "size": "5.47"}], "event_type": "book", "last_trade_price": ""}, {"market": "0xe11158803129ad59ac10ca01f4c1626c3025621a7f1e4672d6ab2e45662f6222", "asset_id": "11516122920781674706722795356557618570328546980527600002328049400956079439936", "timestamp": "1769382032143", "hash": "b7f03f17abe324e031a55aacc28a24328266a704", "bids": [{"price": "0.01", "size": "100"}], "asks": [{"price": "0.99", "size": "105.47"}], "event_type": "book", "last_trade_price": ""}, {"market": "0xd5de9f5dd53353040e4c6a72918b82a08d860e7837a0a56a5662159634a5fec9", "asset_id": "49087801179614375749887975721224076885797993966602617612662723931679975013929", "timestamp": "1769382072169", "hash": "f1d3b725565c77b133fad826cae2caaf46514c29", "bids": [{"price": "0.01", "size": "100"}, {"price": "0.02", "size": "5.47"}], "asks": [{"price": "0.99", "size": "100"}], "event_type": "book", "last_trade_price": ""}, {"market": "0x96c3083acd042338282108e3f8d0b32641cdc696e35a2ddfd29946d7f0c9627c", "asset_id": "89391028950798095071303197051165581938481726401498914933083999613424817231856", "timestamp": "1769382068337", "hash": "eb7e510cf303dd38f4add14397526f919784f91b", "bids": [{"price": "0.01", "size": "100"}, {"price": "0.02", "size": "5.47"}], "asks": [{"price": "0.99", "size": "100"}], "event_type": "book", "last_trade_price": ""}, {"market": "0x90497bbee31cfbf99eaecfa81f21f06876bf36864fefef32851ee05cd7d54761", "asset_id": "72853307579819044239142242237120010720235368383572925717473581622118826982752", "timestamp": "1769382031812", "hash": "e886d0c5e4ce0df40775ffb00a51830edc1729c0", "bids": [], "asks": [{"price": "0.99", "size": "105.47"}], "event_type": "book", "last_trade_price": ""}, {"market": "0x63538b4ff0d0dc9a7f16d91589920364fc34b296458ff85ee447aa391115c405", "asset_id": "105451502392822625659265393491270476729444339488660033885451332580323882543812", "timestamp": "1769382072169", "hash": "708bbaab2302c17de8bcb8bf596c3c0038959d2e", "bids": [{"price": "0.01", "size": "100"}], "asks": [{"price": "0.99", "size": "100"}, {"price": "0.98", "size": "5.47"}], "event_type": "book", "last_trade_price": ""}, {"market": "0x20ad26b86cd11a225b5fe87dd6ba607785faba07d6139fc7f47475d801059095", "asset_id": "42477316755805693850450172284540671742286160408588340529418099897181761081331", "timestamp": "1769382072169", "hash": "89d1563d59394c71dde2135794480127f4d810e7", "bids": [{"price": "0.01", "size": "100"}, {"price": "0.02", "size": "5.47"}], "asks": [{"price": "0.99", "size": "100"}], "event_type": "book", "last_trade_price": "0.500"}, {"market": "0x4d891324c2b72b5286a2524a172d54661bd5ce0bb2abd69baa1ffa1d698357d4", "asset_id": "39234879389019906742645930980758802982877308117108554746116202621126139433718", "timestamp": "1769382068336", "hash": "eea8002e08bec8f2d701ed6eba53bd2129bb1c5f", "bids": [{"price": "0.01", "size": "100"}, {"price": "0.02", "size": "5.47"}], "asks": [{"price": "0.99", "size": "100"}], "event_type": "book", "last_trade_price": ""}, {"market": "0x7b2f998c8d4f17ddc3f6b5142e3205d4321cd58815fa7add432858f7ef6cf2ab", "asset_id": "90480959485553183095575253153907953989052393294980304050243949361450120864701", "timestamp": "1769382072169", "hash": "dbd6ec1c457abca659b13d7f82fbd3bccbda9afe", "bids": [{"price": "0.01", "size": "100"}], "asks": [{"price": "0.99", "size": "100"}, {"price": "0.98", "size": "5.47"}], "event_type": "book", "last_trade_price": ""}, {"market": "0x643cc0cbbabc6bd7da2a5b068caac198440995265cfd85a251000110065a7b4a", "asset_id": "2466448267007143031537208038817926669262897330272654140216424800137903162575", "timestamp": "1769382032143", "hash": "d73e72110c2512202dcab6487a6040bcfbc71958", "bids": [{"price": "0.01", "size": "100"}], "asks": [{"price": "0.99", "size": "105.47"}], "event_type": "book", "last_trade_price": ""}, {"market": "0x7b2f998c8d4f17ddc3f6b5142e3205d4321cd58815fa7add432858f7ef6cf2ab", "asset_id": "54409882740205718259393692188616812970241552351986754848040748816334014821084", "timestamp": "1769382072169", "hash": "db16caaf7f98820bd28e8cbd1e370b8c4a94f35b", "bids": [{"price": "0.01", "size": "100"}, {"price": "0.02", "size": "5.47"}], "asks": [{"price": "0.99", "size": "100"}], "event_type": "book", "last_trade_price": ""}, {"market": "0xe11158803129ad59ac10ca01f4c1626c3025621a7f1e4672d6ab2e45662f6222", "asset_id": "82986196526480529145592811134693070544497526998089921375641259672152240210286", "timestamp": "1769382032143", "hash": "9186051bf0fb053e5d9ce1b44d0b4d0f2cf5695a", "bids": [{"price": "0.01", "size": "105.47"}], "asks": [{"price": "0.99", "size": "100"}], "event_type": "book", "last_trade_price": ""}, {"market": "0x63538b4ff0d0dc9a7f16d91589920364fc34b296458ff85ee447aa391115c405", "asset_id": "64518980895084350834797596287160020317949877776191089366198433180617274126771", "timestamp": "1769382072169", "hash": "bdb313aea01b23913376a5028f66a265ae120789", "bids": [{"price": "0.01", "size": "100"}, {"price": "0.02", "size": "5.47"}], "asks": [{"price": "0.99", "size": "100"}], "event_type": "book", "last_trade_price": ""}, {"market": "0x20ad26b86cd11a225b5fe87dd6ba607785faba07d6139fc7f47475d801059095", "asset_id": "410984387503342577106720428083904828504762978930128114108665584216923302213", "timestamp": "1769382072169", "hash": "4a2f59923f7494e319185c98105b56588daaa05e", "bids": [{"price": "0.01", "size": "100"}], "asks": [{"price": "0.99", "size": "100"}, {"price": "0.98", "size": "5.47"}], "event_type": "book", "last_trade_price": "0.500"}, {"market": "0x90497bbee31cfbf99eaecfa81f21f06876bf36864fefef32851ee05cd7d54761", "asset_id": "55959627936211256360279481304142134703803665619503762480618471853432057207424", "timestamp": "1769382031812", "hash": "33909157d303616ddf9766d5edba0a547ed5345d", "bids": [{"price": "0.01", "size": "105.47"}], "asks": [], "event_type": "book", "last_trade_price": ""}, {"market": "0x4d891324c2b72b5286a2524a172d54661bd5ce0bb2abd69baa1ffa1d698357d4", "asset_id": "70332241397922487720394987598038836906259936847432135369649396220604443990609", "timestamp": "1769382068336", "hash": "d2cafea5bee3d8af25497994a4cd7f0c42191247", "bids": [{"price": "0.01", "size": "100"}], "asks": [{"price": "0.99", "size": "100"}, {"price": "0.98", "size": "5.47"}], "event_type": "book", "last_trade_price": ""}]}
