{"_local_timestamp": "2026-01-25T23:41:31.911099+00:00", "data": [{"market": "0xd5de9f5dd53353040e4c6a72918b82a08d860e7837a0a56a5662159634a5fec9", "asset_id": "25314903242824275460898355724713853435322604289264310276925024670446783315595", "timestamp": "1769384411543", "hash": "14a24b27955f958ed10c493d0a9e4f22eb7a1b9b", "bids": [], "asks": [{"price": "0.99", "size": "5.47"}], "event_type": "book", "last_trade_price": ""}, {"market": "0x643cc0cbbabc6bd7da2a5b068caac198440995265cfd85a251000110065a7b4a", "asset_id": "66338888590318838316792093130106171695716377988944660026778468924676744296798", "timestamp": "1769384409975", "hash": "31f50431c0e9eb32f90b70f5db79ba114d7e8f12", "bids": [{"price": "0.01", "size": "5.47"}], "asks": [], "event_type": "book", "last_trade_price": ""}, {"market": "0xe11158803129ad59ac10ca01f4c1626c3025621a7f1e4672d6ab2e45662f6222", "asset_id": "82986196526480529145592811134693070544497526998089921375641259672152240210286", "timestamp": "1769384409975", "hash": "6ba7a34193716fc80857c340ceb92f87c024e987", "bids": [{"price": "0.01", "size": "5.47"}], "asks": [], "event_type": "book", "last_trade_price": ""}, {"market": "0x90497bbee31cfbf99eaecfa81f21f06876bf36864fefef32851ee05cd7d54761", "asset_id": "55959627936211256360279481304142134703803665619503762480618471853432057207424", "timestamp": "1769384408855", "hash": "f97ae270300be62b1429ed5c287da7c834779aab", "bids": [{"price": "0.01", "size": "5.47"}], "asks": [], "event_type": "book", "last_trade_price": ""}, {"market": "0x96c3083acd042338282108e3f8d0b32641cdc696e35a2ddfd29946d7f0c9627c", "asset_id": "89391028950798095071303197051165581938481726401498914933083999613424817231856", "timestamp": "1769384480430", "hash": "3ccaa902ccb915d076f5a3ee7e87a13b1521c53c", "bids": [], "asks": [{"price": "0.99", "size": "7000"}, {"price": "0.92", "size": "55"}, {"price": "0.9", "size": "500"}, {"price": "0.89", "size": "5.47"}, {"price": "0.01", "size": "100"}], "event_type": "book", "last_trade_price": "0.010"}, {"market": "0x20ad26b86cd11a225b5fe87dd6ba607785faba07d6139fc7f47475d801059095", "asset_id": "42477316755805693850450172284540671742286160408588340529418099897181761081331", "timestamp": "1769384411543", "hash": "04e95ce621927fb28be770b68c5e1debaaac79ec", "bids": [{"price": "0.01", "size": "5.47"}], "asks": [], "event_type": "book", "last_trade_price": "0.500"}, {"market": "0x7b2f998c8d4f17ddc3f6b5142e3205d4321cd58815fa7add432858f7ef6cf2ab", "asset_id": "54409882740205718259393692188616812970241552351986754848040748816334014821084", "timestamp": "1769384479005", "hash": "1e2829f5fa0428f8ada093f75ba7e85ef56b5cc5", "bids": [{"price": "0.01", "size": "7005.47"}, {"price": "0.08", "size": "55"}, {"price": "0.1", "size": "500"}, {"price": "0.99", "size": "100"}], "asks": [], "event_type": "book", "last_trade_price": ""}, {"market": "0x63538b4ff0d0dc9a7f16d91589920364fc34b296458ff85ee447aa391115c405", "asset_id": "64518980895084350834797596287160020317949877776191089366198433180617274126771", "timestamp": "1769384491582", "hash": "1ed0e4f761823c270e6bd633fd8520ffd92eafc1", "bids": [], "asks": [{"price": "0.99", "size": "7000"}, {"price": "0.92", "size": "55"}, {"price": "0.9", "size": "500"}, {"price": "0.89", "size": "91.79"}, {"price": "0.76", "size": "5.47"}, {"price": "0.75", "size": "8.2"}, {"price": "0.01", "size": "100"}], "event_type": "book", "last_trade_price": "0.010"}, {"market": "0xe11158803129ad59ac10ca01f4c1626c3025621a7f1e4672d6ab2e45662f6222", "asset_id": "11516122920781674706722795356557618570328546980527600002328049400956079439936", "timestamp": "1769384409975", "hash": "5546d7860fdeed0bc685b3d5488472c2d4adf3db", "bids": [], "asks": [{"price": "0.99", "size": "5.47"}], "event_type": "book", "last_trade_price": ""}, {"market": "0x90497bbee31cfbf99eaecfa81f21f06876bf36864fefef32851ee05cd7d54761", "asset_id": "72853307579819044239142242237120010720235368383572925717473581622118826982752", "timestamp": "1769384408855", "hash": "c3406c8264e2010034c67ba797460b1b4f9b0bcb", "bids": [], "asks": [{"price": "0.99", "size": "5.47"}], "event_type": "book", "last_trade_price": ""}, {"market": "0x20ad26b86cd11a225b5fe87dd6ba607785faba07d6139fc7f47475d801059095", "asset_id": "410984387503342577106720428083904828504762978930128114108665584216923302213", "timestamp": "1769384411543", "hash": "0749b607face6f322c675eb17125bee32d9cdf7a", "bids": [], "asks": [{"price": "0.99", "size": "5.47"}], "event_type": "book", "last_trade_price": "0.500"}, {"market": "0x63538b4ff0d0dc9a7f16d91589920364fc34b296458ff85ee447aa391115c405", "asset_id": "105451502392822625659265393491270476729444339488660033885451332580323882543812", "timestamp": "1769384491582", "hash": "18a00fca83cc54641d2a4ab2f20297370d5135a1", "bids": [{"price": "0.01", "size": "7000"}, {"price": "0.08", "size": "55"}, {"price": "0.1", "size": "500"}, {"price": "0.11", "size": "91.79"}, {"price": "0.24", "size": "5.47"}, {"price": "0.25", "size": "8.2"}, {"price": "0.99", "size": "100"}], "asks": [], "event_type": "book", "last_trade_price": "0.010"}, {"market": "0xd5de9f5dd53353040e4c6a72918b82a08d860e7837a0a56a5662159634a5fec9", "asset_id": "49087801179614375749887975721224076885797993966602617612662723931679975013929", "timestamp": "1769384411543", "hash": "4b6a1abd7c7d73ca187f67e24c8b681199782e08", "bids": [{"price": "0.01", "size": "5.47"}], "asks": [], "event_type": "book", "last_trade_price": ""}, {"market": "0x643cc0cbbabc6bd7da2a5b068caac198440995265cfd85a251000110065a7b4a", "asset_id": "2466448267007143031537208038817926669262897330272654140216424800137903162575", "timestamp": "1769384409975", "hash": "52539e01ab447f639cfb9600153af139e37c4eeb", "bids": [], "asks": [{"price": "0.99", "size": "5.47"}], "event_type": "book", "last_trade_price": ""}, {"market": "0x7b2f998c8d4f17ddc3f6b5142e3205d4321cd58815fa7add432858f7ef6cf2ab", "asset_id": "90480959485553183095575253153907953989052393294980304050243949361450120864701", "timestamp": "1769384479005", "hash": "5eec95d9755abf955a18882a95dfdfb17f9fc61c", "bids": [], "asks": [{"price": "0.99", "size": "7005.47"}, {"price": "0.92", "size": "55"}, {"price": "0.9", "size": "500"}, {"price": "0.01", "size": "100"}], "event_type": "book", "last_trade_price": ""}, {"market": "0x96c3083acd042338282108e3f8d0b32641cdc696e35a2ddfd29946d7f0c9627c", "asset_id": "19076775309898540247309730653319678330855112914961407911246300752636085316098", "timestamp": "1769384480430", "hash": "2785618ba0b2801f954b7200f251be60c5b4dc9e", "bids": [{"price": "0.01", "size": "7000"}, {"price": "0.08", "size": "55"}, {"price": "0.1", "size": "500"}, {"price": "0.11", "size": "5.47"}, {"price": "0.99", "size": "100"}], "asks": [], "event_type": "book", "last_trade_price": "0.010"}, {"market": "0x4d891324c2b72b5286a2524a172d54661bd5ce0bb2abd69baa1ffa1d698357d4", "asset_id": "70332241397922487720394987598038836906259936847432135369649396220604443990609", "timestamp": "1769384491582", "hash": "169915ff3733ff4906b3b5bf677f4816e7efb409", "bids": [{"price": "0.01", "size": "7000"}, {"price": "0.08", "size": "55"}, {"price": "0.1", "size": "500"}, {"price": "0.11", "size": "91.79"}, {"price": "0.26", "size": "5.47"}, {"price": "0.27", "size": "8.2"}, {"price": "0.99", "size": "100"}], "asks": [], "event_type": "book", "last_trade_price": "0.010"}, {"market": "0x4d891324c2b72b5286a2524a172d54661bd5ce0bb2abd69baa1ffa1d698357d4", "asset_id": "39234879389019906742645930980758802982877308117108554746116202621126139433718", "timestamp": "1769384491582", "hash": "7d64bfca9d20fb83caa2adcb93d32ac5db73b028", "bids": [], "asks": [{"price": "0.99", "size": "7000"}, {"price": "0.92", "size": "55"}, {"price": "0.9", "size": "500"}, {"price": "0.89", "size": "91.79"}, {"price": "0.74", "size": "5.47"}, {"price": "0.73", "size": "8.2"}, {"price": "0.01", "size": "100"}], "event_type": "book", "last_trade_price": "0.010"}]}
{"_local_timestamp": "2026-01-25T23:41:34.139904+00:00", "data": {"market": "0x63538b4ff0d0dc9a7f16d91589920364fc34b296458ff85ee447aa391115c405", "price_changes": [{"asset_id": "64518980895084350834797596287160020317949877776191089366198433180617274126771", "price": "0.76", "size": "0", "side": "SELL", "hash": "e1aaff266752a89b5af9ff51a520d9ed65cfb75b", "best_bid": "0", "best_ask": "0.01"}, {"asset_id": "105451502392822625659265393491270476729444339488660033885451332580323882543812", "price": "0.24", "size": "0", "side": "BUY", "hash": "086c371b1d7fbfbff6a8914cbde3153a5fc30f13", "best_bid": "0.99", "best_ask": "1"}], "timestamp": "1769384493991", "event_type": "price_change"}}
{"_local_timestamp": "2026-01-25T23:41:34.140301+00:00", "data": {"market": "0x4d891324c2b72b5286a2524a172d54661bd5ce0bb2abd69baa1ffa1d698357d4", "price_changes": [{"asset_id": "39234879389019906742645930980758802982877308117108554746116202621126139433718", "price": "0.74", "size": "0", "side": "SELL", "hash": "3b10737efc589f15540621db8a5bd2a191812f42", "best_bid": "0", "best_ask": "0.01"}, {"asset_id": "70332241397922487720394987598038836906259936847432135369649396220604443990609", "price": "0.26", "size": "0", "side": "BUY", "hash": "5adb27edb085de5e74bd0d8055da09bb6b531b11", "best_bid": "0.99", "best_ask": "1"}], "timestamp": "1769384493991", "event_type": "price_change"}}
{"_local_timestamp": "2026-01-25T23:41:34.238490+00:00", "data": {"market": "0x4d891324c2b72b5286a2524a172d54661bd5ce0bb2abd69baa1ffa1d698357d4", "price_changes": [{"asset_id": "39234879389019906742645930980758802982877308117108554746116202621126139433718", "price": "0.72", "size": "5.47", "side": "SELL", "hash": "0dfd86cd399d8052d6aa3ed09da89a7d4f84691a", "best_bid": "0", "best_ask": "0.01"}, {"asset_id": "70332241397922487720394987598038836906259936847432135369649396220604443990609", "price": "0.28", "size": "5.47", "side": "BUY", "hash": "f268b80d956a8112c46659a18df50080caa53247", "best_bid": "0.99", "best_ask": "1"}], "timestamp": "1769384494081", "event_type": "price_change"}}
{"_local_timestamp": "2026-01-25T23:41:34.239955+00:00", "data": {"market": "0x63538b4ff0d0dc9a7f16d91589920364fc34b296458ff85ee447aa391115c405", "price_changes": [{"asset_id": "64518980895084350834797596287160020317949877776191089366198433180617274126771", "price": "0.74", "size": "5.47", "side": "SELL", "hash": "892b99e422ffac9433406e73514b90e6aa54b67a", "best_bid": "0", "best_ask": "0.01"}, {"asset_id": "105451502392822625659265393491270476729444339488660033885451332580323882543812", "price": "0.26", "size": "5.47", "side": "BUY", "hash": "242edabd1ba0d667af910f651e008515f0ebd4a8", "best_bid": "0.99", "best_ask": "1"}], "timestamp": "1769384494081", "event_type": "price_change"}}
{"_local_timestamp": "2026-01-25T23:41:34.362957+00:00", "data": {"market": "0x63538b4ff0d0dc9a7f16d91589920364fc34b296458ff85ee447aa391115c405", "price_changes": [{"asset_id": "64518980895084350834797596287160020317949877776191089366198433180617274126771", "price": "0.75", "size": "0", "side": "SELL", "hash": "7396550015db459bc50cb2df42b230efb23645f8", "best_bid": "0", "best_ask": "0.01"}, {"asset_id": "105451502392822625659265393491270476729444339488660033885451332580323882543812", "price": "0.25", "size": "0", "side": "BUY", "hash": "a49de5453406150928229f0d9cb9a374e76255e6", "best_bid": "0.99", "best_ask": "1"}], "timestamp": "1769384494209", "event_type": "price_change"}}
{"_local_timestamp": "2026-01-25T23:41:34.363703+00:00", "data": {"market": "0x4d891324c2b72b5286a2524a172d54661bd5ce0bb2abd69baa1ffa1d698357d4", "price_changes": [{"asset_id": "39234879389019906742645930980758802982877308117108554746116202621126139433718", "price": "0.73", "size": "0", "side": "SELL", "hash": "72edb11bde351f1f8c58efe15ad18a5aa763285d", "best_bid": "0", "best_ask": "0.01"}, {"asset_id": "70332241397922487720394987598038836906259936847432135369649396220604443990609", "price": "0.27", "size": "0", "side": "BUY", "hash": "fe844cee682bda49259e3f92f30fa5d1af486594", "best_bid": "0.99", "best_ask": "1"}], "timestamp": "1769384494209", "event_type": "price_change"}}
{"_local_timestamp": "2026-01-25T23:41:34.671690+00:00", "data": {"market": "0x63538b4ff0d0dc9a7f16d91589920364fc34b296458ff85ee447aa391115c405", "price_changes": [{"asset_id": "64518980895084350834797596287160020317949877776191089366198433180617274126771", "price": "0.73", "size": "8.2", "side": "SELL", "hash": "199931c85abd0f465d65e516174b80896193655a", "best_bid": "0", "best_ask": "0.01"}, {"asset_id": "105451502392822625659265393491270476729444339488660033885451332580323882543812", "price": "0.27", "size": "8.2", "side": "BUY", "hash": "f7124adaecad5eeb76117f7bdcf4eab66ed78879", "best_bid": "0.99", "best_ask": "1"}], "timestamp": "1769384494494", "event_type": "price_change"}}
{"_local_timestamp": "2026-01-25T23:41:34.672102+00:00", "data": {"market": "0x4d891324c2b72b5286a2524a172d54661bd5ce0bb2abd69baa1ffa1d698357d4", "price_changes": [{"asset_id": "39234879389019906742645930980758802982877308117108554746116202621126139433718", "price": "0.71", "size": "8.2", "side": "SELL", "hash": "ea0ae596d3da5ae7e320689e1708b841d2bdc913", "best_bid": "0", "best_ask": "0.01"}, {"asset_id": "70332241397922487720394987598038836906259936847432135369649396220604443990609", "price": "0.29", "size": "8.2", "side": "BUY", "hash": "e9164b1912c2ca2dc1762349c6517c979b8ce30c", "best_bid": "0.99", "best_ask": "1"}], "timestamp": "1769384494494", "event_type": "price_change"}}
{"_local_timestamp": "2026-01-25T23:41:35.707451+00:00", "data": {"market": "0x4d891324c2b72b5286a2524a172d54661bd5ce0bb2abd69baa1ffa1d698357d4", "price_changes": [{"asset_id": "39234879389019906742645930980758802982877308117108554746116202621126139433718", "price": "0.72", "size": "0", "side": "SELL", "hash": "761bc15e34cc89c655a303f79e4009230175063a", "best_bid": "0", "best_ask": "0.01"}, {"asset_id": "70332241397922487720394987598038836906259936847432135369649396220604443990609", "price": "0.28", "size": "0", "side": "BUY", "hash": "ece3cd9dd99212c492b28db323f8c3b0e58245d2", "best_bid": "0.99", "best_ask": "1"}], "timestamp": "1769384495582", "event_type": "price_change"}}
{"_local_timestamp": "2026-01-25T23:41:35.716882+00:00", "data": {"market": "0x63538b4ff0d0dc9a7f16d91589920364fc34b296458ff85ee447aa391115c405", "price_changes": [{"asset_id": "64518980895084350834797596287160020317949877776191089366198433180617274126771", "price": "0.74", "size": "0", "side": "SELL", "hash": "24e3be1c06dd3b39601bd20e3105f1274315a952", "best_bid": "0", "best_ask": "0.01"}, {"asset_id": "105451502392822625659265393491270476729444339488660033885451332580323882543812", "price": "0.26", "size": "0", "side": "BUY", "hash": "69fc3ad16c148963ff1b2f833efd1d7c1881cd3a", "best_bid": "0.99", "best_ask": "1"}], "timestamp": "1769384495582", "event_type": "price_change"}}
{"_local_timestamp": "2026-01-25T23:41:35.804744+00:00", "data": {"market": "0x63538b4ff0d0dc9a7f16d91589920364fc34b296458ff85ee447aa391115c405", "price_changes": [{"asset_id": "64518980895084350834797596287160020317949877776191089366198433180617274126771", "price": "0.72", "size": "5.47", "side": "SELL", "hash": "77532e525d4342b64bbbdd2558faaad7f84aba9a", "best_bid": "0", "best_ask": "0.01"}, {"asset_id": "105451502392822625659265393491270476729444339488660033885451332580323882543812", "price": "0.28", "size": "5.47", "side": "BUY", "hash": "249b2397abd8d8b98d2a4db062a60a5bbbfda9d2", "best_bid": "0.99", "best_ask": "1"}], "timestamp": "1769384495674", "event_type": "price_change"}}
{"_local_timestamp": "2026-01-25T23:41:35.808941+00:00", "data": {"market": "0x4d891324c2b72b5286a2524a172d54661bd5ce0bb2abd69baa1ffa1d698357d4", "price_changes": [{"asset_id": "39234879389019906742645930980758802982877308117108554746116202621126139433718", "price": "0.7", "size": "5.47", "side": "SELL", "hash": "57492dd3409dfb5936b2bf3343af1cc2adb13b7f", "best_bid": "0", "best_ask": "0.01"}, {"asset_id": "70332241397922487720394987598038836906259936847432135369649396220604443990609", "price": "0.3", "size": "5.47", "side": "BUY", "hash": "1c95ece6d9ba65e2a9e8ff53258785f3e28f65f7", "best_bid": "0.99", "best_ask": "1"}], "timestamp": "1769384495674", "event_type": "price_change"}}
{"_local_timestamp": "2026-01-25T23:41:36.035631+00:00", "data": {"market": "0x4d891324c2b72b5286a2524a172d54661bd5ce0bb2abd69baa1ffa1d698357d4", "price_changes": [{"asset_id": "39234879389019906742645930980758802982877308117108554746116202621126139433718", "price": "0.71", "size": "0", "side": "SELL", "hash": "14673bcbaf1a738e89edc41fca5ecab12ed7bc49", "best_bid": "0", "best_ask": "0.01"}, {"asset_id": "70332241397922487720394987598038836906259936847432135369649396220604443990609", "price": "0.29", "size": "0", "side": "BUY", "hash": "99fd2e908ad31162442961fdd7f95363f015e73a", "best_bid": "0.99", "best_ask": "1"}], "timestamp": "1769384495907", "event_type": "price_change"}}
{"_local_timestamp": "2026-01-25T23:41:36.388578+00:00", "data": {"market": "0x4d891324c2b72b5286a2524a172d54661bd5ce0bb2abd69baa1ffa1d698357d4", "price_changes": [{"asset_id": "39234879389019906742645930980758802982877308117108554746116202621126139433718", "price": "0.69", "size": "8.2", "side": "SELL", "hash": "0eba6948ebad8a6c741a811df493df6823639783", "best_bid": "0", "best_ask": "0.01"}, {"asset_id": "70332241397922487720394987598038836906259936847432135369649396220604443990609", "price": "0.31", "size": "8.2", "side": "BUY", "hash": "60cce94562bf8f1c9f923ff29b36845296ad5a74", "best_bid": "0.99", "best_ask": "1"}], "timestamp": "1769384496238", "event_type": "price_change"}}
{"_local_timestamp": "2026-01-25T23:41:36.463955+00:00", "data": {"market": "0x63538b4ff0d0dc9a7f16d91589920364fc34b296458ff85ee447aa391115c405", "price_changes": [{"asset_id": "64518980895084350834797596287160020317949877776191089366198433180617274126771", "price": "0.73", "size": "0", "side": "SELL", "hash": "f8a8bed1e8f625899801b0f820d27eab9174bb2a", "best_bid": "0", "best_ask": "0.01"}, {"asset_id": "105451502392822625659265393491270476729444339488660033885451332580323882543812", "price": "0.27", "size": "0", "side": "BUY", "hash": "2f48bac6d48b67d52465663010076924e7e39747", "best_bid": "0.99", "best_ask": "1"}], "timestamp": "1769384496325", "event_type": "price_change"}}
{"_local_timestamp": "2026-01-25T23:41:36.815208+00:00", "data": {"market": "0x63538b4ff0d0dc9a7f16d91589920364fc34b296458ff85ee447aa391115c405", "price_changes": [{"asset_id": "64518980895084350834797596287160020317949877776191089366198433180617274126771", "price": "0.71", "size": "8.2", "side": "SELL", "hash": "9c049fd2f99ba4e081d4728dcdd23950193c055b", "best_bid": "0", "best_ask": "0.01"}, {"asset_id": "105451502392822625659265393491270476729444339488660033885451332580323882543812", "price": "0.29", "size": "8.2", "side": "BUY", "hash": "87c54d5df1c0d6bd8945a705157d7d4f7f3c0c38", "best_bid": "0.99", "best_ask": "1"}], "timestamp": "1769384496678", "event_type": "price_change"}}
{"_local_timestamp": "2026-01-25T23:41:37.175356+00:00", "data": {"market": "0x4d891324c2b72b5286a2524a172d54661bd5ce0bb2abd69baa1ffa1d698357d4", "price_changes": [{"asset_id": "39234879389019906742645930980758802982877308117108554746116202621126139433718", "price": "0.7", "size": "0", "side": "SELL", "hash": "7943ad4b72d2f345f9555a1f74bd23f23220c85a", "best_bid": "0", "best_ask": "0.01"}, {"asset_id": "70332241397922487720394987598038836906259936847432135369649396220604443990609", "price": "0.3", "size": "0", "side": "BUY", "hash": "91b0cb1e7a861925d09bb7d230e8d05421c910ff", "best_bid": "0.99", "best_ask": "1"}], "timestamp": "1769384497004", "event_type": "price_change"}}
{"_local_timestamp": "2026-01-25T23:41:37.175864+00:00", "data": {"market": "0x63538b4ff0d0dc9a7f16d91589920364fc34b296458ff85ee447aa391115c405", "price_changes": [{"asset_id": "64518980895084350834797596287160020317949877776191089366198433180617274126771", "price": "0.72", "size": "0", "side": "SELL", "hash": "fe95c43007a4d186a8592699218ec23f4cfe952c", "best_bid": "0", "best_ask": "0.01"}, {"asset_id": "105451502392822625659265393491270476729444339488660033885451332580323882543812", "price": "0.28", "size": "0", "side": "BUY", "hash": "aa63c40ab2ee22e07af6240a13a65ea771f78ac0", "best_bid": "0.99", "best_ask": "1"}], "timestamp": "1769384497004", "event_type": "price_change"}}
{"_local_timestamp": "2026-01-25T23:41:37.232458+00:00", "data": {"market": "0x63538b4ff0d0dc9a7f16d91589920364fc34b296458ff85ee447aa391115c405", "price_changes": [{"asset_id": "64518980895084350834797596287160020317949877776191089366198433180617274126771", "price": "0.7", "size": "5.47", "side": "SELL", "hash": "d9654222d4e7e0ae48cc3040cfc4d0e6534be055", "best_bid": "0", "best_ask": "0.01"}, {"asset_id": "105451502392822625659265393491270476729444339488660033885451332580323882543812", "price": "0.3", "size": "5.47", "side": "BUY", "hash": "f224cc9154ca9c2d5c7cd72ffbd66c550defd380", "best_bid": "0.99", "best_ask": "1"}], "timestamp": "1769384497094", "event_type": "price_change"}}
{"_local_timestamp": "2026-01-25T23:41:37.234050+00:00", "data": {"market": "0x4d891324c2b72b5286a2524a172d54661bd5ce0bb2abd69baa1ffa1d698357d4", "price_changes": [{"asset_id": "39234879389019906742645930980758802982877308117108554746116202621126139433718", "price": "0.68", "size": "5.47", "side": "SELL", "hash": "0e8685fa89bd3513af4161363facd51c22e6ed76", "best_bid": "0", "best_ask": "0.01"}, {"asset_id": "70332241397922487720394987598038836906259936847432135369649396220604443990609", "price": "0.32", "size": "5.47", "side": "BUY", "hash": "dbd8acfba57da971b6ea066c9dd47bb50fdc606e", "best_bid": "0.99", "best_ask": "1"}], "timestamp": "1769384497094", "event_type": "price_change"}}
{"_local_timestamp": "2026-01-25T23:41:37.743081+00:00", "data": {"market": "0x4d891324c2b72b5286a2524a172d54661bd5ce0bb2abd69baa1ffa1d698357d4", "price_changes": [{"asset_id": "39234879389019906742645930980758802982877308117108554746116202621126139433718", "price": "0.69", "size": "0", "side": "SELL", "hash": "9b496a9e5f0e8cad96ae9358b12c2b173d8f7d73", "best_bid": "0", "best_ask": "0.01"}, {"asset_id": "70332241397922487720394987598038836906259936847432135369649396220604443990609", "price": "0.31", "size": "0", "side": "BUY", "hash": "2b1fd913e179fbe699682affa08df92fdf6203be", "best_bid": "0.99", "best_ask": "1"}], "timestamp": "1769384497605", "event_type": "price_change"}}
{"_local_timestamp": "2026-01-25T23:41:37.746051+00:00", "data": {"market": "0x63538b4ff0d0dc9a7f16d91589920364fc34b296458ff85ee447aa391115c405", "price_changes": [{"asset_id": "64518980895084350834797596287160020317949877776191089366198433180617274126771", "price": "0.71", "size": "0", "side": "SELL", "hash": "11a1883689ee603b40337167b4191960d6fb6d83", "best_bid": "0", "best_ask": "0.01"}, {"asset_id": "105451502392822625659265393491270476729444339488660033885451332580323882543812", "price": "0.29", "size": "0", "side": "BUY", "hash": "7de268e895b2bfdb1e7b4d048ee1130d3670726d", "best_bid": "0.99", "best_ask": "1"}], "timestamp": "1769384497605", "event_type": "price_change"}}
{"_local_timestamp": "2026-01-25T23:41:38.052778+00:00", "data": {"market": "0x63538b4ff0d0dc9a7f16d91589920364fc34b296458ff85ee447aa391115c405", "price_changes": [{"asset_id": "64518980895084350834797596287160020317949877776191089366198433180617274126771", "price": "0.69", "size": "8.2", "side": "SELL", "hash": "5d3395f7901ce1c28b4a4ec85761b8ee476936d8", "best_bid": "0", "best_ask": "0.01"}, {"asset_id": "105451502392822625659265393491270476729444339488660033885451332580323882543812", "price": "0.31", "size": "8.2", "side": "BUY", "hash": "4a7966ddb97f08693e074c2ca3ceb6711104c595", "best_bid": "0.99", "best_ask": "1"}], "timestamp": "1769384497916", "event_type": "price_change"}}
{"_local_timestamp": "2026-01-25T23:41:38.053276+00:00", "data": {"market": "0x4d891324c2b72b5286a2524a172d54661bd5ce0bb2abd69baa1ffa1d698357d4", "price_changes": [{"asset_id": "39234879389019906742645930980758802982877308117108554746116202621126139433718", "price": "0.67", "size": "8.2", "side": "SELL", "hash": "2b97e43e54fd0efaab051ef28276579a4de439da", "best_bid": "0", "best_ask": "0.01"}, {"asset_id": "70332241397922487720394987598038836906259936847432135369649396220604443990609", "price": "0.33", "size": "8.2", "side": "BUY", "hash": "078989f7543b50b4306534e876147ccd1ad28581", "best_bid": "0.99", "best_ask": "1"}], "timestamp": "1769384497916", "event_type": "price_change"}}
{"_local_timestamp": "2026-01-25T23:41:38.835028+00:00", "data": {"market": "0x4d891324c2b72b5286a2524a172d54661bd5ce0bb2abd69baa1ffa1d698357d4", "price_changes": [{"asset_id": "39234879389019906742645930980758802982877308117108554746116202621126139433718", "price": "0.68", "size": "0", "side": "SELL", "hash": "0811e3e247d21378b5ab80667cc3a2623daab53b", "best_bid": "0", "best_ask": "0.01"}, {"asset_id": "70332241397922487720394987598038836906259936847432135369649396220604443990609", "price": "0.32", "size": "0", "side": "BUY", "hash": "d8316fd927dffa6afc9a4a1239ffa42fad8dabd5", "best_bid": "0.99", "best_ask": "1"}], "timestamp": "1769384498684", "event_type": "price_change"}}
{"_local_timestamp": "2026-01-25T23:41:38.835746+00:00", "data": {"market": "0x63538b4ff0d0dc9a7f16d91589920364fc34b296458ff85ee447aa391115c405", "price_changes": [{"asset_id": "64518980895084350834797596287160020317949877776191089366198433180617274126771", "price": "0.7", "size": "0", "side": "SELL", "hash": "6d7ea7dcaaf07046addad4ff55f08df7615e252f", "best_bid": "0", "best_ask": "0.01"}, {"asset_id": "105451502392822625659265393491270476729444339488660033885451332580323882543812", "price": "0.3", "size": "0", "side": "BUY", "hash": "8cb9f1f21cbccbc80a39603e46751b99c68544e0", "best_bid": "0.99", "best_ask": "1"}], "timestamp": "1769384498685", "event_type": "price_change"}}
{"_local_timestamp": "2026-01-25T23:41:38.944729+00:00", "data": {"market": "0x4d891324c2b72b5286a2524a172d54661bd5ce0bb2abd69baa1ffa1d698357d4", "price_changes": [{"asset_id": "39234879389019906742645930980758802982877308117108554746116202621126139433718", "price": "0.66", "size": "5.47", "side": "SELL", "hash": "f45805a89d1b12804fdf352b7953bc0f47b375f6", "best_bid": "0", "best_ask": "0.01"}, {"asset_id": "70332241397922487720394987598038836906259936847432135369649396220604443990609", "price": "0.34", "size": "5.47", "side": "BUY", "hash": "316cabc3ad963c2195ffc7a8da4f714564dcfe00", "best_bid": "0.99", "best_ask": "1"}], "timestamp": "1769384498791", "event_type": "price_change"}}
{"_local_timestamp": "2026-01-25T23:41:38.956032+00:00", "data": {"market": "0x63538b4ff0d0dc9a7f16d91589920364fc34b296458ff85ee447aa391115c405", "price_changes": [{"asset_id": "64518980895084350834797596287160020317949877776191089366198433180617274126771", "price": "0.68", "size": "5.47", "side": "SELL", "hash": "11162e84b39246d70015a16c65bd07afa5a66698", "best_bid": "0", "best_ask": "0.01"}, {"asset_id": "105451502392822625659265393491270476729444339488660033885451332580323882543812", "price": "0.32", "size": "5.47", "side": "BUY", "hash": "034e4ee082f279fc6c0f784f147dd67675ab3f32", "best_bid": "0.99", "best_ask": "1"}], "timestamp": "1769384498791", "event_type": "price_change"}}
{"_local_timestamp": "2026-01-25T23:41:39.311542+00:00", "data": {"market": "0x4d891324c2b72b5286a2524a172d54661bd5ce0bb2abd69baa1ffa1d698357d4", "price_changes": [{"asset_id": "39234879389019906742645930980758802982877308117108554746116202621126139433718", "price": "0.67", "size": "0", "side": "SELL", "hash": "2c81f872b902613295b25be1337c11db1c72325e", "best_bid": "0", "best_ask": "0.01"}, {"asset_id": "70332241397922487720394987598038836906259936847432135369649396220604443990609", "price": "0.33", "size": "0", "side": "BUY", "hash": "f7f86a23fa957cc1027f413d66e8972fc1701a25", "best_bid": "0.99", "best_ask": "1"}], "timestamp": "1769384499170", "event_type": "price_change"}}
{"_local_timestamp": "2026-01-25T23:41:39.568838+00:00", "data": {"market": "0x4d891324c2b72b5286a2524a172d54661bd5ce0bb2abd69baa1ffa1d698357d4", "price_changes": [{"asset_id": "39234879389019906742645930980758802982877308117108554746116202621126139433718", "price": "0.65", "size": "8.2", "side": "SELL", "hash": "c6c88bccd4b34c7edabae2e24a3b58dfd442f24c", "best_bid": "0", "best_ask": "0.01"}, {"asset_id": "70332241397922487720394987598038836906259936847432135369649396220604443990609", "price": "0.35", "size": "8.2", "side": "BUY", "hash": "be0ee44132852af659696e6ddac4d6b4fdd14342", "best_bid": "0.99", "best_ask": "1"}], "timestamp": "1769384499434", "event_type": "price_change"}}
{"_local_timestamp": "2026-01-25T23:41:40.005842+00:00", "data": {"market": "0x63538b4ff0d0dc9a7f16d91589920364fc34b296458ff85ee447aa391115c405", "price_changes": [{"asset_id": "64518980895084350834797596287160020317949877776191089366198433180617274126771", "price": "0.69", "size": "0", "side": "SELL", "hash": "dfe43305631e267f1c746f95fb296479fe30f643", "best_bid": "0", "best_ask": "0.01"}, {"asset_id": "105451502392822625659265393491270476729444339488660033885451332580323882543812", "price": "0.31", "size": "0", "side": "BUY", "hash": "5bdbc9d8f3e044cb44de1cba2a4177a540f6a899", "best_bid": "0.99", "best_ask": "1"}], "timestamp": "1769384499887", "event_type": "price_change"}}
{"_local_timestamp": "2026-01-25T23:41:40.197507+00:00", "data": {"market": "0x4d891324c2b72b5286a2524a172d54661bd5ce0bb2abd69baa1ffa1d698357d4", "price_changes": [{"asset_id": "39234879389019906742645930980758802982877308117108554746116202621126139433718", "price": "0.66", "size": "0", "side": "SELL", "hash": "47f0b5694bc679f7affeff7d96714c67952dd781", "best_bid": "0", "best_ask": "0.01"}, {"asset_id": "70332241397922487720394987598038836906259936847432135369649396220604443990609", "price": "0.34", "size": "0", "side": "BUY", "hash": "beed22ea7ff7caebf766ef6983d34402d03bed84", "best_bid": "0.99", "best_ask": "1"}], "timestamp": "1769384500121", "event_type": "price_change"}}
{"_local_timestamp": "2026-01-25T23:41:40.197947+00:00", "data": {"market": "0x63538b4ff0d0dc9a7f16d91589920364fc34b296458ff85ee447aa391115c405", "price_changes": [{"asset_id": "64518980895084350834797596287160020317949877776191089366198433180617274126771", "price": "0.68", "size": "0", "side": "SELL", "hash": "3fab504ba4d92b4e4daf9aa4de985fd3e0775d90", "best_bid": "0", "best_ask": "0.01"}, {"asset_id": "105451502392822625659265393491270476729444339488660033885451332580323882543812", "price": "0.32", "size": "0", "side": "BUY", "hash": "75d1a7f3edfd679dfe8359a2915ef6cdb6333d40", "best_bid": "0.99", "best_ask": "1"}], "timestamp": "1769384500121", "event_type": "price_change"}}
{"_local_timestamp": "2026-01-25T23:41:40.273729+00:00", "data": {"market": "0x63538b4ff0d0dc9a7f16d91589920364fc34b296458ff85ee447aa391115c405", "price_changes": [{"asset_id": "64518980895084350834797596287160020317949877776191089366198433180617274126771", "price": "0.67", "size": "8.2", "side": "SELL", "hash": "b184dc8c375249c15c6f349d343e4e67bab1ba11", "best_bid": "0", "best_ask": "0.01"}, {"asset_id": "105451502392822625659265393491270476729444339488660033885451332580323882543812", "price": "0.33", "size": "8.2", "side": "BUY", "hash": "1c01e7aa518964c0c537cfa6af87e90a829c26ab", "best_bid": "0.99", "best_ask": "1"}], "timestamp": "1769384500183", "event_type": "price_change"}}
{"_local_timestamp": "2026-01-25T23:41:40.346184+00:00", "data": {"market": "0x63538b4ff0d0dc9a7f16d91589920364fc34b296458ff85ee447aa391115c405", "price_changes": [{"asset_id": "64518980895084350834797596287160020317949877776191089366198433180617274126771", "price": "0.88", "size": "5.47", "side": "SELL", "hash": "dc8fcd1e07cc679e16f59cdf00f534570fda8cec", "best_bid": "0", "best_ask": "0.01"}, {"asset_id": "105451502392822625659265393491270476729444339488660033885451332580323882543812", "price": "0.12", "size": "5.47", "side": "BUY", "hash": "47dd257bfc871abc1ab44440271b8931e40141bc", "best_bid": "0.99", "best_ask": "1"}], "timestamp": "1769384500230", "event_type": "price_change"}}
{"_local_timestamp": "2026-01-25T23:41:40.346706+00:00", "data": {"market": "0x4d891324c2b72b5286a2524a172d54661bd5ce0bb2abd69baa1ffa1d698357d4", "price_changes": [{"asset_id": "39234879389019906742645930980758802982877308117108554746116202621126139433718", "price": "0.64", "size": "5.47", "side": "SELL", "hash": "c789726d089648f9876243a1275412c8f2a0ee50", "best_bid": "0", "best_ask": "0.01"}, {"asset_id": "70332241397922487720394987598038836906259936847432135369649396220604443990609", "price": "0.36", "size": "5.47", "side": "BUY", "hash": "f14b18633b17893791f5c90d6d967dbd31cdeee3", "best_bid": "0.99", "best_ask": "1"}], "timestamp": "1769384500230", "event_type": "price_change"}}
{"_local_timestamp": "2026-01-25T23:41:40.409910+00:00", "data": {"market": "0x4d891324c2b72b5286a2524a172d54661bd5ce0bb2abd69baa1ffa1d698357d4", "price_changes": [{"asset_id": "39234879389019906742645930980758802982877308117108554746116202621126139433718", "price": "0.65", "size": "0", "side": "SELL", "hash": "a1842c76a145808c172ebabbfe51073d13e8d41b", "best_bid": "0", "best_ask": "0.01"}, {"asset_id": "70332241397922487720394987598038836906259936847432135369649396220604443990609", "price": "0.35", "size": "0", "side": "BUY", "hash": "b793cc61f43e54beaf076fe4f5f57e80c1a49f19", "best_bid": "0.99", "best_ask": "1"}], "timestamp": "1769384500299", "event_type": "price_change"}}
{"_local_timestamp": "2026-01-25T23:41:40.723564+00:00", "data": {"market": "0x4d891324c2b72b5286a2524a172d54661bd5ce0bb2abd69baa1ffa1d698357d4", "price_changes": [{"asset_id": "39234879389019906742645930980758802982877308117108554746116202621126139433718", "price": "0.63", "size": "8.2", "side": "SELL", "hash": "ff02e4d7756f61ed8e9e60f9686a177e0b9bfff6", "best_bid": "0", "best_ask": "0.01"}, {"asset_id": "70332241397922487720394987598038836906259936847432135369649396220604443990609", "price": "0.37", "size": "8.2", "side": "BUY", "hash": "0fa5682c5cc31c6f6afaf9e0ae72764118329688", "best_bid": "0.99", "best_ask": "1"}], "timestamp": "1769384500650", "event_type": "price_change"}}
{"_local_timestamp": "2026-01-25T23:41:40.777665+00:00", "data": {"market": "0x63538b4ff0d0dc9a7f16d91589920364fc34b296458ff85ee447aa391115c405", "price_changes": [{"asset_id": "64518980895084350834797596287160020317949877776191089366198433180617274126771", "price": "0.67", "size": "0", "side": "SELL", "hash": "f4548c6974880cea3f1fc6026e74dd1b3a9e8e9b", "best_bid": "0", "best_ask": "0.01"}, {"asset_id": "105451502392822625659265393491270476729444339488660033885451332580323882543812", "price": "0.33", "size": "0", "side": "BUY", "hash": "40b38a708502fbe83c76fdc957284190fc50f307", "best_bid": "0.99", "best_ask": "1"}], "timestamp": "1769384500709", "event_type": "price_change"}}
{"_local_timestamp": "2026-01-25T23:41:41.034759+00:00", "data": {"market": "0x63538b4ff0d0dc9a7f16d91589920364fc34b296458ff85ee447aa391115c405", "price_changes": [{"asset_id": "64518980895084350834797596287160020317949877776191089366198433180617274126771", "price": "0.87", "size": "8.2", "side": "SELL", "hash": "d00eb74274dbf7a5fddb481da628289a119991b8", "best_bid": "0", "best_ask": "0.01"}, {"asset_id": "105451502392822625659265393491270476729444339488660033885451332580323882543812", "price": "0.13", "size": "8.2", "side": "BUY", "hash": "4ff390b9f4cddbd03d1968469a00f3e3dbaf00f5", "best_bid": "0.99", "best_ask": "1"}], "timestamp": "1769384500960", "event_type": "price_change"}}
{"_local_timestamp": "2026-01-25T23:41:41.658620+00:00", "data": {"market": "0x4d891324c2b72b5286a2524a172d54661bd5ce0bb2abd69baa1ffa1d698357d4", "price_changes": [{"asset_id": "39234879389019906742645930980758802982877308117108554746116202621126139433718", "price": "0.64", "size": "0", "side": "SELL", "hash": "b5160ae8113d95baa31e3e12f1cedc21aa3bf58a", "best_bid": "0", "best_ask": "0.01"}, {"asset_id": "70332241397922487720394987598038836906259936847432135369649396220604443990609", "price": "0.36", "size": "0", "side": "BUY", "hash": "e6cde7422b60bac67dfb2b435703ea050c89590d", "best_bid": "0.99", "best_ask": "1"}], "timestamp": "1769384501590", "event_type": "price_change"}}
{"_local_timestamp": "2026-01-25T23:41:41.661033+00:00", "data": {"market": "0x63538b4ff0d0dc9a7f16d91589920364fc34b296458ff85ee447aa391115c405", "price_changes": [{"asset_id": "64518980895084350834797596287160020317949877776191089366198433180617274126771", "price": "0.88", "size": "0", "side": "SELL", "hash": "7e39e7fd8288f1f4116a9fa4ac3160d23bb13e11", "best_bid": "0", "best_ask": "0.01"}, {"asset_id": "105451502392822625659265393491270476729444339488660033885451332580323882543812", "price": "0.12", "size": "0", "side": "BUY", "hash": "1c82df5e3f7f50eb161561a74c0ff2604ea5c359", "best_bid": "0.99", "best_ask": "1"}], "timestamp": "1769384501590", "event_type": "price_change"}}
{"_local_timestamp": "2026-01-25T23:41:41.770944+00:00", "data": {"market": "0x63538b4ff0d0dc9a7f16d91589920364fc34b296458ff85ee447aa391115c405", "price_changes": [{"asset_id": "64518980895084350834797596287160020317949877776191089366198433180617274126771", "price": "0.86", "size": "5.47", "side": "SELL", "hash": "e25c54c75c79488c40a774d67f805b2c51e1bcaf", "best_bid": "0", "best_ask": "0.01"}, {"asset_id": "105451502392822625659265393491270476729444339488660033885451332580323882543812", "price": "0.14", "size": "5.47", "side": "BUY", "hash": "d725025babe1b6c5ef58371db243be15695f93fd", "best_bid": "0.99", "best_ask": "1"}], "timestamp": "1769384501703", "event_type": "price_change"}}
{"_local_timestamp": "2026-01-25T23:41:41.771469+00:00", "data": {"market": "0x4d891324c2b72b5286a2524a172d54661bd5ce0bb2abd69baa1ffa1d698357d4", "price_changes": [{"asset_id": "39234879389019906742645930980758802982877308117108554746116202621126139433718", "price": "0.62", "size": "5.47", "side": "SELL", "hash": "58eabcdc18ffa386a5bca756fcca8703dad38b9b", "best_bid": "0", "best_ask": "0.01"}, {"asset_id": "70332241397922487720394987598038836906259936847432135369649396220604443990609", "price": "0.38", "size": "5.47", "side": "BUY", "hash": "42d206c8438706c8ee47dfb5115f0a3589d1b696", "best_bid": "0.99", "best_ask": "1"}], "timestamp": "1769384501703", "event_type": "price_change"}}
{"_local_timestamp": "2026-01-25T23:41:42.463274+00:00", "data": {"market": "0x4d891324c2b72b5286a2524a172d54661bd5ce0bb2abd69baa1ffa1d698357d4", "price_changes": [{"asset_id": "39234879389019906742645930980758802982877308117108554746116202621126139433718", "price": "0.63", "size": "0", "side": "SELL", "hash": "e90b726027ef57f521176ab40df5cd7cf2a5b29b", "best_bid": "0", "best_ask": "0.01"}, {"asset_id": "70332241397922487720394987598038836906259936847432135369649396220604443990609", "price": "0.37", "size": "0", "side": "BUY", "hash": "bd4cd6e9348dc589f57f309e98a31c628bcd20ab", "best_bid": "0.99", "best_ask": "1"}], "timestamp": "1769384502386", "event_type": "price_change"}}
{"_local_timestamp": "2026-01-25T23:41:42.837058+00:00", "data": {"market": "0x4d891324c2b72b5286a2524a172d54661bd5ce0bb2abd69baa1ffa1d698357d4", "price_changes": [{"asset_id": "39234879389019906742645930980758802982877308117108554746116202621126139433718", "price": "0.61", "size": "8.2", "side": "SELL", "hash": "d182e6a826ca6a4b2ec8a8759f1a8d52f0c1e840", "best_bid": "0", "best_ask": "0.01"}, {"asset_id": "70332241397922487720394987598038836906259936847432135369649396220604443990609", "price": "0.39", "size": "8.2", "side": "BUY", "hash": "5b9355f87a506982f2883587fbb4fddfe7fe2000", "best_bid": "0.99", "best_ask": "1"}], "timestamp": "1769384502768", "event_type": "price_change"}}
{"_local_timestamp": "2026-01-25T23:41:42.878105+00:00", "data": {"market": "0x63538b4ff0d0dc9a7f16d91589920364fc34b296458ff85ee447aa391115c405", "price_changes": [{"asset_id": "64518980895084350834797596287160020317949877776191089366198433180617274126771", "price": "0.87", "size": "0", "side": "SELL", "hash": "624a2d642842b908ddd7f31cf31823b9e87410b8", "best_bid": "0", "best_ask": "0.01"}, {"asset_id": "105451502392822625659265393491270476729444339488660033885451332580323882543812", "price": "0.13", "size": "0", "side": "BUY", "hash": "a71bbb2e09fd4c94b0ad86e5f05036cc8c22ddd4", "best_bid": "0.99", "best_ask": "1"}], "timestamp": "1769384502811", "event_type": "price_change"}}
{"_local_timestamp": "2026-01-25T23:41:43.039640+00:00", "data": {"market": "0x63538b4ff0d0dc9a7f16d91589920364fc34b296458ff85ee447aa391115c405", "price_changes": [{"asset_id": "64518980895084350834797596287160020317949877776191089366198433180617274126771", "price": "0.86", "size": "0", "side": "SELL", "hash": "3b1c9be6a22bcd2d2829ef98f3d1743467abe272", "best_bid": "0", "best_ask": "0.01"}, {"asset_id": "105451502392822625659265393491270476729444339488660033885451332580323882543812", "price": "0.14", "size": "0", "side": "BUY", "hash": "a91ace7f5f5f0887637000141a1c1daa25d349cd", "best_bid": "0.99", "best_ask": "1"}], "timestamp": "1769384502969", "event_type": "price_change"}}
{"_local_timestamp": "2026-01-25T23:41:43.040125+00:00", "data": {"market": "0x4d891324c2b72b5286a2524a172d54661bd5ce0bb2abd69baa1ffa1d698357d4", "price_changes": [{"asset_id": "39234879389019906742645930980758802982877308117108554746116202621126139433718", "price": "0.62", "size": "0", "side": "SELL", "hash": "3207bd8e751e067a684c9dab27b3c62b1afc3c3b", "best_bid": "0", "best_ask": "0.01"}, {"asset_id": "70332241397922487720394987598038836906259936847432135369649396220604443990609", "price": "0.38", "size": "0", "side": "BUY", "hash": "220fb36ce0e2bd6dbc75c625504f49405e30a341", "best_bid": "0.99", "best_ask": "1"}], "timestamp": "1769384502969", "event_type": "price_change"}}
{"_local_timestamp": "2026-01-25T23:41:43.118873+00:00", "data": {"market": "0x4d891324c2b72b5286a2524a172d54661bd5ce0bb2abd69baa1ffa1d698357d4", "price_changes": [{"asset_id": "39234879389019906742645930980758802982877308117108554746116202621126139433718", "price": "0.6", "size": "5.47", "side": "SELL", "hash": "9923870d3f66b5cb9d826af4d7177665fa60f050", "best_bid": "0", "best_ask": "0.01"}, {"asset_id": "70332241397922487720394987598038836906259936847432135369649396220604443990609", "price": "0.4", "size": "5.47", "side": "BUY", "hash": "79dee08856b9134ddc40da98e70340b99200e3b0", "best_bid": "0.99", "best_ask": "1"}], "timestamp": "1769384503040", "event_type": "price_change"}}
{"_local_timestamp": "2026-01-25T23:41:43.165464+00:00", "data": {"market": "0x63538b4ff0d0dc9a7f16d91589920364fc34b296458ff85ee447aa391115c405", "price_changes": [{"asset_id": "64518980895084350834797596287160020317949877776191089366198433180617274126771", "price": "0.88", "size": "5.47", "side": "SELL", "hash": "9cfbeec50015e8cfae4a412aa64624695c4210fc", "best_bid": "0", "best_ask": "0.01"}, {"asset_id": "105451502392822625659265393491270476729444339488660033885451332580323882543812", "price": "0.12", "size": "5.47", "side": "BUY", "hash": "80b7b578de74086d83b85de435f17a85b812d7a1", "best_bid": "0.99", "best_ask": "1"}], "timestamp": "1769384503090", "event_type": "price_change"}}
{"_local_timestamp": "2026-01-25T23:41:43.310613+00:00", "data": {"market": "0x4d891324c2b72b5286a2524a172d54661bd5ce0bb2abd69baa1ffa1d698357d4", "price_changes": [{"asset_id": "39234879389019906742645930980758802982877308117108554746116202621126139433718", "price": "0.61", "size": "0", "side": "SELL", "hash": "6ddc05e2801cb30cbbddf479f3c6c4d9fceb866b", "best_bid": "0", "best_ask": "0.01"}, {"asset_id": "70332241397922487720394987598038836906259936847432135369649396220604443990609", "price": "0.39", "size": "0", "side": "BUY", "hash": "158d7a80b0ae77f6d006fa4508ecf5912eed5ec4", "best_bid": "0.99", "best_ask": "1"}], "timestamp": "1769384503240", "event_type": "price_change"}}
{"_local_timestamp": "2026-01-25T23:41:43.326559+00:00", "data": {"market": "0x63538b4ff0d0dc9a7f16d91589920364fc34b296458ff85ee447aa391115c405", "price_changes": [{"asset_id": "64518980895084350834797596287160020317949877776191089366198433180617274126771", "price": "0.85", "size": "8.2", "side": "SELL", "hash": "2073afe8916d8093672cb2d30c76dd4feb31e397", "best_bid": "0", "best_ask": "0.01"}, {"asset_id": "105451502392822625659265393491270476729444339488660033885451332580323882543812", "price": "0.15", "size": "8.2", "side": "BUY", "hash": "bbfedf3624d57340004d98013f838d01784151b4", "best_bid": "0.99", "best_ask": "1"}], "timestamp": "1769384503254", "event_type": "price_change"}}
{"_local_timestamp": "2026-01-25T23:41:43.606287+00:00", "data": {"market": "0x4d891324c2b72b5286a2524a172d54661bd5ce0bb2abd69baa1ffa1d698357d4", "price_changes": [{"asset_id": "39234879389019906742645930980758802982877308117108554746116202621126139433718", "price": "0.59", "size": "8.2", "side": "SELL", "hash": "dd3e0ff62fd7eedda8dff54b8803ef80fbf29ae9", "best_bid": "0", "best_ask": "0.01"}, {"asset_id": "70332241397922487720394987598038836906259936847432135369649396220604443990609", "price": "0.41", "size": "8.2", "side": "BUY", "hash": "c99226d9b67dc12b9cedd4711fe4f4574388b0fe", "best_bid": "0.99", "best_ask": "1"}], "timestamp": "1769384503542", "event_type": "price_change"}}
{"_local_timestamp": "2026-01-25T23:41:44.166196+00:00", "data": {"market": "0x63538b4ff0d0dc9a7f16d91589920364fc34b296458ff85ee447aa391115c405", "price_changes": [{"asset_id": "64518980895084350834797596287160020317949877776191089366198433180617274126771", "price": "0.85", "size": "0", "side": "SELL", "hash": "8f5a404ef932fb282c150716ab37ba5dcf4ce085", "best_bid": "0", "best_ask": "0.01"}, {"asset_id": "105451502392822625659265393491270476729444339488660033885451332580323882543812", "price": "0.15", "size": "0", "side": "BUY", "hash": "00ea064618bc72cc770e4364911692dc5d1df54b", "best_bid": "0.99", "best_ask": "1"}], "timestamp": "1769384504094", "event_type": "price_change"}}
{"_local_timestamp": "2026-01-25T23:41:44.495627+00:00", "data": {"market": "0x63538b4ff0d0dc9a7f16d91589920364fc34b296458ff85ee447aa391115c405", "price_changes": [{"asset_id": "64518980895084350834797596287160020317949877776191089366198433180617274126771", "price": "0.87", "size": "8.2", "side": "SELL", "hash": "c2526168faa6cb747f146c338fcd5049c97ac53f", "best_bid": "0", "best_ask": "0.01"}, {"asset_id": "105451502392822625659265393491270476729444339488660033885451332580323882543812", "price": "0.13", "size": "8.2", "side": "BUY", "hash": "e68f7c43d8a6fd190568e757a2589b69b85071e1", "best_bid": "0.99", "best_ask": "1"}], "timestamp": "1769384504421", "event_type": "price_change"}}
{"_local_timestamp": "2026-01-25T23:41:44.712093+00:00", "data": {"market": "0x63538b4ff0d0dc9a7f16d91589920364fc34b296458ff85ee447aa391115c405", "price_changes": [{"asset_id": "64518980895084350834797596287160020317949877776191089366198433180617274126771", "price": "0.88", "size": "0", "side": "SELL", "hash": "5c53948e56fb0158ac589141420a1ceae40c7ab0", "best_bid": "0", "best_ask": "0.01"}, {"asset_id": "105451502392822625659265393491270476729444339488660033885451332580323882543812", "price": "0.12", "size": "0", "side": "BUY", "hash": "16f8a2f731a98865b37c61b03bf3cf3e2a06117e", "best_bid": "0.99", "best_ask": "1"}], "timestamp": "1769384504640", "event_type": "price_change"}}
{"_local_timestamp": "2026-01-25T23:41:44.716620+00:00", "data": {"market": "0x4d891324c2b72b5286a2524a172d54661bd5ce0bb2abd69baa1ffa1d698357d4", "price_changes": [{"asset_id": "39234879389019906742645930980758802982877308117108554746116202621126139433718", "price": "0.6", "size": "0", "side": "SELL", "hash": "e078e7faa5e17c411840728d988778249d6ea007", "best_bid": "0", "best_ask": "0.01"}, {"asset_id": "70332241397922487720394987598038836906259936847432135369649396220604443990609", "price": "0.4", "size": "0", "side": "BUY", "hash": "d758a3e5e2f9f278a5e318cd2e8cc16b33b6c354", "best_bid": "0.99", "best_ask": "1"}], "timestamp": "1769384504640", "event_type": "price_change"}}
{"_local_timestamp": "2026-01-25T23:41:44.833256+00:00", "data": {"market": "0x4d891324c2b72b5286a2524a172d54661bd5ce0bb2abd69baa1ffa1d698357d4", "price_changes": [{"asset_id": "39234879389019906742645930980758802982877308117108554746116202621126139433718", "price": "0.58", "size": "5.47", "side": "SELL", "hash": "8ae0731a5f55552f7cec8ea07f64101bd9019e9d", "best_bid": "0", "best_ask": "0.01"}, {"asset_id": "70332241397922487720394987598038836906259936847432135369649396220604443990609", "price": "0.42", "size": "5.47", "side": "BUY", "hash": "a5ef1851d94dd5f54771b93e3e322a4c13157632", "best_bid": "0.99", "best_ask": "1"}], "timestamp": "1769384504760", "event_type": "price_change"}}
{"_local_timestamp": "2026-01-25T23:41:44.863224+00:00", "data": {"market": "0x63538b4ff0d0dc9a7f16d91589920364fc34b296458ff85ee447aa391115c405", "price_changes": [{"asset_id": "64518980895084350834797596287160020317949877776191089366198433180617274126771", "price": "0.86", "size": "5.47", "side": "SELL", "hash": "052fa8e2c3d1301364c8bee32759d08867390079", "best_bid": "0", "best_ask": "0.01"}, {"asset_id": "105451502392822625659265393491270476729444339488660033885451332580323882543812", "price": "0.14", "size": "5.47", "side": "BUY", "hash": "34fc83bad442e15eab436fb089c8ab52a3ab15a5", "best_bid": "0.99", "best_ask": "1"}], "timestamp": "1769384504796", "event_type": "price_change"}}
{"_local_timestamp": "2026-01-25T23:41:45.462649+00:00", "data": {"market": "0x4d891324c2b72b5286a2524a172d54661bd5ce0bb2abd69baa1ffa1d698357d4", "price_changes": [{"asset_id": "39234879389019906742645930980758802982877308117108554746116202621126139433718", "price": "0.59", "size": "0", "side": "SELL", "hash": "3dc9ecc3e06a132d8c645a5b264ad7b615e272fd", "best_bid": "0", "best_ask": "0.01"}, {"asset_id": "70332241397922487720394987598038836906259936847432135369649396220604443990609", "price": "0.41", "size": "0", "side": "BUY", "hash": "7586a22c6030d78fcacfeca70bfcc14a1857ebf2", "best_bid": "0.99", "best_ask": "1"}], "timestamp": "1769384505398", "event_type": "price_change"}}
{"_local_timestamp": "2026-01-25T23:41:45.718177+00:00", "data": {"market": "0x4d891324c2b72b5286a2524a172d54661bd5ce0bb2abd69baa1ffa1d698357d4", "price_changes": [{"asset_id": "39234879389019906742645930980758802982877308117108554746116202621126139433718", "price": "0.57", "size": "8.2", "side": "SELL", "hash": "e5a7e5d954793c055e0cf0185527fd378f76839b", "best_bid": "0", "best_ask": "0.01"}, {"asset_id": "70332241397922487720394987598038836906259936847432135369649396220604443990609", "price": "0.43", "size": "8.2", "side": "BUY", "hash": "6cdb48f4c8e96807e80679c80b27446f9aa76197", "best_bid": "0.99", "best_ask": "1"}], "timestamp": "1769384505647", "event_type": "price_change"}}
{"_local_timestamp": "2026-01-25T23:41:45.930620+00:00", "data": {"market": "0x63538b4ff0d0dc9a7f16d91589920364fc34b296458ff85ee447aa391115c405", "price_changes": [{"asset_id": "64518980895084350834797596287160020317949877776191089366198433180617274126771", "price": "0.87", "size": "0", "side": "SELL", "hash": "50606eb9d4f67169bfba919672e55fe12b26de71", "best_bid": "0", "best_ask": "0.01"}, {"asset_id": "105451502392822625659265393491270476729444339488660033885451332580323882543812", "price": "0.13", "size": "0", "side": "BUY", "hash": "c0d3c6cba9e7833d7e5d73dec312b8775efd4383", "best_bid": "0.99", "best_ask": "1"}], "timestamp": "1769384505860", "event_type": "price_change"}}
{"_local_timestamp": "2026-01-25T23:41:46.133613+00:00", "data": {"market": "0x4d891324c2b72b5286a2524a172d54661bd5ce0bb2abd69baa1ffa1d698357d4", "price_changes": [{"asset_id": "39234879389019906742645930980758802982877308117108554746116202621126139433718", "price": "0.58", "size": "0", "side": "SELL", "hash": "98b38f91e7079b3293a64f1011a9e858bd0c5b46", "best_bid": "0", "best_ask": "0.01"}, {"asset_id": "70332241397922487720394987598038836906259936847432135369649396220604443990609", "price": "0.42", "size": "0", "side": "BUY", "hash": "646ebe55874ca166e7f4eaba4f060e74b76c60d7", "best_bid": "0.99", "best_ask": "1"}], "timestamp": "1769384506060", "event_type": "price_change"}}
{"_local_timestamp": "2026-01-25T23:41:46.134332+00:00", "data": {"market": "0x63538b4ff0d0dc9a7f16d91589920364fc34b296458ff85ee447aa391115c405", "price_changes": [{"asset_id": "64518980895084350834797596287160020317949877776191089366198433180617274126771", "price": "0.86", "size": "0", "side": "SELL", "hash": "b6c738dca73d146093dce3327b8f191bf6788b9a", "best_bid": "0", "best_ask": "0.01"}, {"asset_id": "105451502392822625659265393491270476729444339488660033885451332580323882543812", "price": "0.14", "size": "0", "side": "BUY", "hash": "347af641d684da0acc54f1aa392bba47632a8d53", "best_bid": "0.99", "best_ask": "1"}], "timestamp": "1769384506060", "event_type": "price_change"}}
{"_local_timestamp": "2026-01-25T23:41:46.198951+00:00", "data": {"market": "0x63538b4ff0d0dc9a7f16d91589920364fc34b296458ff85ee447aa391115c405", "price_changes": [{"asset_id": "64518980895084350834797596287160020317949877776191089366198433180617274126771", "price": "0.85", "size": "8.2", "side": "SELL", "hash": "37e93e7b7ef888d797d05f1de7e1fafd07b83169", "best_bid": "0", "best_ask": "0.01"}, {"asset_id": "105451502392822625659265393491270476729444339488660033885451332580323882543812", "price": "0.15", "size": "8.2", "side": "BUY", "hash": "471af4f2bbab5851208391bc5a1b6506308cb91c", "best_bid": "0.99", "best_ask": "1"}], "timestamp": "1769384506131", "event_type": "price_change"}}
{"_local_timestamp": "2026-01-25T23:41:46.262731+00:00", "data": {"market": "0x4d891324c2b72b5286a2524a172d54661bd5ce0bb2abd69baa1ffa1d698357d4", "price_changes": [{"asset_id": "39234879389019906742645930980758802982877308117108554746116202621126139433718", "price": "0.56", "size": "5.47", "side": "SELL", "hash": "c1ab194cd8db8878699911f2864c0b792636f3cc", "best_bid": "0", "best_ask": "0.01"}, {"asset_id": "70332241397922487720394987598038836906259936847432135369649396220604443990609", "price": "0.44", "size": "5.47", "side": "BUY", "hash": "a53542b2b2b17dcbc12caa9ed72fa9620fc2cf29", "best_bid": "0.99", "best_ask": "1"}], "timestamp": "1769384506198", "event_type": "price_change"}}
{"_local_timestamp": "2026-01-25T23:41:46.270377+00:00", "data": {"market": "0x63538b4ff0d0dc9a7f16d91589920364fc34b296458ff85ee447aa391115c405", "price_changes": [{"asset_id": "64518980895084350834797596287160020317949877776191089366198433180617274126771", "price": "0.88", "size": "5.47", "side": "SELL", "hash": "5d1060da3911322b77a60bbf366a62980dc3ca80", "best_bid": "0", "best_ask": "0.01"}, {"asset_id": "105451502392822625659265393491270476729444339488660033885451332580323882543812", "price": "0.12", "size": "5.47", "side": "BUY", "hash": "2e1b85bb7cfacce51710c380560475ba0ed1ba60", "best_bid": "0.99", "best_ask": "1"}], "timestamp": "1769384506198", "event_type": "price_change"}}
{"_local_timestamp": "2026-01-25T23:41:46.559578+00:00", "data": {"market": "0x4d891324c2b72b5286a2524a172d54661bd5ce0bb2abd69baa1ffa1d698357d4", "price_changes": [{"asset_id": "39234879389019906742645930980758802982877308117108554746116202621126139433718", "price": "0.57", "size": "0", "side": "SELL", "hash": "9381b98bbb43f711c32c2719186a5b9e6c21fd4a", "best_bid": "0", "best_ask": "0.01"}, {"asset_id": "70332241397922487720394987598038836906259936847432135369649396220604443990609", "price": "0.43", "size": "0", "side": "BUY", "hash": "4d8dd7bd51b8c4e78b6379b50e2f4d3e67e3b1b5", "best_bid": "0.99", "best_ask": "1"}], "timestamp": "1769384506493", "event_type": "price_change"}}
{"_local_timestamp": "2026-01-25T23:41:46.998917+00:00", "data": {"market": "0x4d891324c2b72b5286a2524a172d54661bd5ce0bb2abd69baa1ffa1d698357d4", "price_changes": [{"asset_id": "39234879389019906742645930980758802982877308117108554746116202621126139433718", "price": "0.55", "size": "8.2", "side": "SELL", "hash": "2cad1b66e2998b765cb796c23364392e79f1d350", "best_bid": "0", "best_ask": "0.01"}, {"asset_id": "70332241397922487720394987598038836906259936847432135369649396220604443990609", "price": "0.45", "size": "8.2", "side": "BUY", "hash": "b9a10ec996ccf757c87229f3e8306187b9ca1c56", "best_bid": "0.99", "best_ask": "1"}], "timestamp": "1769384506935", "event_type": "price_change"}}
{"_local_timestamp": "2026-01-25T23:41:47.035242+00:00", "data": {"market": "0x63538b4ff0d0dc9a7f16d91589920364fc34b296458ff85ee447aa391115c405", "price_changes": [{"asset_id": "64518980895084350834797596287160020317949877776191089366198433180617274126771", "price": "0.85", "size": "0", "side": "SELL", "hash": "8bbc6f9884eb53e2cbedc7bf90306f040e65061e", "best_bid": "0", "best_ask": "0.01"}, {"asset_id": "105451502392822625659265393491270476729444339488660033885451332580323882543812", "price": "0.15", "size": "0", "side": "BUY", "hash": "f32dfbfeb8fad8c448959b2e5dab5ab490abd628", "best_bid": "0.99", "best_ask": "1"}], "timestamp": "1769384506964", "event_type": "price_change"}}
{"_local_timestamp": "2026-01-25T23:41:47.317788+00:00", "data": {"market": "0x63538b4ff0d0dc9a7f16d91589920364fc34b296458ff85ee447aa391115c405", "price_changes": [{"asset_id": "64518980895084350834797596287160020317949877776191089366198433180617274126771", "price": "0.87", "size": "8.2", "side": "SELL", "hash": "c48e43baf910942b1c1ba6480872c2b6d0e780ca", "best_bid": "0", "best_ask": "0.01"}, {"asset_id": "105451502392822625659265393491270476729444339488660033885451332580323882543812", "price": "0.13", "size": "8.2", "side": "BUY", "hash": "b3e1511d10ad4d0663a97c9aa1506c5d40b5b163", "best_bid": "0.99", "best_ask": "1"}], "timestamp": "1769384507250", "event_type": "price_change"}}
{"_local_timestamp": "2026-01-25T23:41:49.399042+00:00", "data": {"market": "0x63538b4ff0d0dc9a7f16d91589920364fc34b296458ff85ee447aa391115c405", "price_changes": [{"asset_id": "64518980895084350834797596287160020317949877776191089366198433180617274126771", "price": "0.88", "size": "0", "side": "SELL", "hash": "d82a166d1951e479aaf956b8c0b1c66a23e7f500", "best_bid": "0", "best_ask": "0.01"}, {"asset_id": "105451502392822625659265393491270476729444339488660033885451332580323882543812", "price": "0.12", "size": "0", "side": "BUY", "hash": "4d0a24b601573a0fa8936eef4533016bd53f80b0", "best_bid": "0.99", "best_ask": "1"}], "timestamp": "1769384509333", "event_type": "price_change"}}
{"_local_timestamp": "2026-01-25T23:41:49.411916+00:00", "data": {"market": "0x4d891324c2b72b5286a2524a172d54661bd5ce0bb2abd69baa1ffa1d698357d4", "price_changes": [{"asset_id": "39234879389019906742645930980758802982877308117108554746116202621126139433718", "price": "0.56", "size": "0", "side": "SELL", "hash": "37ad610d8dfcdab10d5c17d187dc88910f7d9276", "best_bid": "0", "best_ask": "0.01"}, {"asset_id": "70332241397922487720394987598038836906259936847432135369649396220604443990609", "price": "0.44", "size": "0", "side": "BUY", "hash": "041e751c5f2f3a69836668ac1608bdc4bc9caa56", "best_bid": "0.99", "best_ask": "1"}], "timestamp": "1769384509334", "event_type": "price_change"}}
{"_local_timestamp": "2026-01-25T23:41:49.537465+00:00", "data": {"market": "0x63538b4ff0d0dc9a7f16d91589920364fc34b296458ff85ee447aa391115c405", "price_changes": [{"asset_id": "64518980895084350834797596287160020317949877776191089366198433180617274126771", "price": "0.86", "size": "5.47", "side": "SELL", "hash": "9308362e28b8a577700d1fa8c0aca13cd74e972a", "best_bid": "0", "best_ask": "0.01"}, {"asset_id": "105451502392822625659265393491270476729444339488660033885451332580323882543812", "price": "0.14", "size": "5.47", "side": "BUY", "hash": "bc104b3ea23e295604dffe358702c640138794e6", "best_bid": "0.99", "best_ask": "1"}], "timestamp": "1769384509469", "event_type": "price_change"}}
{"_local_timestamp": "2026-01-25T23:41:49.538201+00:00", "data": {"market": "0x4d891324c2b72b5286a2524a172d54661bd5ce0bb2abd69baa1ffa1d698357d4", "price_changes": [{"asset_id": "39234879389019906742645930980758802982877308117108554746116202621126139433718", "price": "0.54", "size": "5.47", "side": "SELL", "hash": "3f5fcd3120464c642af4bc9056ffdee2cd5c11ea", "best_bid": "0", "best_ask": "0.01"}, {"asset_id": "70332241397922487720394987598038836906259936847432135369649396220604443990609", "price": "0.46", "size": "5.47", "side": "BUY", "hash": "8af43d40af06b66a2a7d7b63f5bec38dc5e28b33", "best_bid": "0.99", "best_ask": "1"}], "timestamp": "1769384509469", "event_type": "price_change"}}
{"_local_timestamp": "2026-01-25T23:41:49.583672+00:00", "data": {"market": "0x4d891324c2b72b5286a2524a172d54661bd5ce0bb2abd69baa1ffa1d698357d4", "price_changes": [{"asset_id": "39234879389019906742645930980758802982877308117108554746116202621126139433718", "price": "0.55", "size": "0", "side": "SELL", "hash": "a4f0705eab444ae60fe9a5bd537f695978668f2b", "best_bid": "0", "best_ask": "0.01"}, {"asset_id": "70332241397922487720394987598038836906259936847432135369649396220604443990609", "price": "0.45", "size": "0", "side": "BUY", "hash": "9ec9659e3ce6df9b9faa50a3e2758ef865b55810", "best_bid": "0.99", "best_ask": "1"}], "timestamp": "1769384509516", "event_type": "price_change"}}
{"_local_timestamp": "2026-01-25T23:41:49.926559+00:00", "data": {"market": "0x4d891324c2b72b5286a2524a172d54661bd5ce0bb2abd69baa1ffa1d698357d4", "price_changes": [{"asset_id": "39234879389019906742645930980758802982877308117108554746116202621126139433718", "price": "0.53", "size": "8.2", "side": "SELL", "hash": "ac0cfbd437ca8d5917f1e46a8538063b04867c7d", "best_bid": "0", "best_ask": "0.01"}, {"asset_id": "70332241397922487720394987598038836906259936847432135369649396220604443990609", "price": "0.47", "size": "8.2", "side": "BUY", "hash": "38db61362d8fd79446e4b8d551432c5f9486fe82", "best_bid": "0.99", "best_ask": "1"}], "timestamp": "1769384509846", "event_type": "price_change"}}
{"_local_timestamp": "2026-01-25T23:41:50.006187+00:00", "data": {"market": "0x63538b4ff0d0dc9a7f16d91589920364fc34b296458ff85ee447aa391115c405", "price_changes": [{"asset_id": "64518980895084350834797596287160020317949877776191089366198433180617274126771", "price": "0.87", "size": "0", "side": "SELL", "hash": "7e57e83f518c96f95ed87c31aeb50286842f0bb3", "best_bid": "0", "best_ask": "0.01"}, {"asset_id": "105451502392822625659265393491270476729444339488660033885451332580323882543812", "price": "0.13", "size": "0", "side": "BUY", "hash": "a5c4a077a75a0fb33c301964e5b9c5cc8fb41bbd", "best_bid": "0.99", "best_ask": "1"}], "timestamp": "1769384509938", "event_type": "price_change"}}
{"_local_timestamp": "2026-01-25T23:41:50.310737+00:00", "data": {"market": "0x63538b4ff0d0dc9a7f16d91589920364fc34b296458ff85ee447aa391115c405", "price_changes": [{"asset_id": "64518980895084350834797596287160020317949877776191089366198433180617274126771", "price": "0.85", "size": "8.2", "side": "SELL", "hash": "eec82e69d95ccfb553eb1f244caa29d79c882c2a", "best_bid": "0", "best_ask": "0.01"}, {"asset_id": "105451502392822625659265393491270476729444339488660033885451332580323882543812", "price": "0.15", "size": "8.2", "side": "BUY", "hash": "5a0d6f7d45b4d86f9d398d187f03b4905c394e9a", "best_bid": "0.99", "best_ask": "1"}], "timestamp": "1769384510243", "event_type": "price_change"}}
{"_local_timestamp": "2026-01-25T23:41:52.411454+00:00", "data": {"market": "0x63538b4ff0d0dc9a7f16d91589920364fc34b296458ff85ee447aa391115c405", "price_changes": [{"asset_id": "64518980895084350834797596287160020317949877776191089366198433180617274126771", "price": "0.86", "size": "0", "side": "SELL", "hash": "6816994d8cda012ead906e586e16732015fc09d5", "best_bid": "0", "best_ask": "0.01"}, {"asset_id": "105451502392822625659265393491270476729444339488660033885451332580323882543812", "price": "0.14", "size": "0", "side": "BUY", "hash": "242d10b05e3ab25057f5f1bbac30ac7192ae5f75", "best_bid": "0.99", "best_ask": "1"}], "timestamp": "1769384512342", "event_type": "price_change"}}
{"_local_timestamp": "2026-01-25T23:41:52.412024+00:00", "data": {"market": "0x4d891324c2b72b5286a2524a172d54661bd5ce0bb2abd69baa1ffa1d698357d4", "price_changes": [{"asset_id": "39234879389019906742645930980758802982877308117108554746116202621126139433718", "price": "0.54", "size": "0", "side": "SELL", "hash": "ba0b1224b72dce0cfb42388810950422dbb43173", "best_bid": "0", "best_ask": "0.01"}, {"asset_id": "70332241397922487720394987598038836906259936847432135369649396220604443990609", "price": "0.46", "size": "0", "side": "BUY", "hash": "0b1212c6c800b180b35e568213eabead22728c69", "best_bid": "0.99", "best_ask": "1"}], "timestamp": "1769384512342", "event_type": "price_change"}}
{"_local_timestamp": "2026-01-25T23:41:52.502469+00:00", "data": {"market": "0x4d891324c2b72b5286a2524a172d54661bd5ce0bb2abd69baa1ffa1d698357d4", "price_changes": [{"asset_id": "39234879389019906742645930980758802982877308117108554746116202621126139433718", "price": "0.52", "size": "5.47", "side": "SELL", "hash": "42be359e055809805fe88fe45222899f42dedd4e", "best_bid": "0", "best_ask": "0.01"}, {"asset_id": "70332241397922487720394987598038836906259936847432135369649396220604443990609", "price": "0.48", "size": "5.47", "side": "BUY", "hash": "c00e34ed35c4f099361f307c16ad6ed2ff0a04ec", "best_bid": "0.99", "best_ask": "1"}], "timestamp": "1769384512431", "event_type": "price_change"}}
{"_local_timestamp": "2026-01-25T23:41:52.503112+00:00", "data": {"market": "0x63538b4ff0d0dc9a7f16d91589920364fc34b296458ff85ee447aa391115c405", "price_changes": [{"asset_id": "64518980895084350834797596287160020317949877776191089366198433180617274126771", "price": "0.84", "size": "5.47", "side": "SELL", "hash": "37b09dc46d15352fdd701bf3bc8fe1feb509f87c", "best_bid": "0", "best_ask": "0.01"}, {"asset_id": "105451502392822625659265393491270476729444339488660033885451332580323882543812", "price": "0.16", "size": "5.47", "side": "BUY", "hash": "94e9c858c6937664f217fb07a44c2e2e70be994c", "best_bid": "0.99", "best_ask": "1"}], "timestamp": "1769384512431", "event_type": "price_change"}}
{"_local_timestamp": "2026-01-25T23:41:52.811047+00:00", "data": {"market": "0x4d891324c2b72b5286a2524a172d54661bd5ce0bb2abd69baa1ffa1d698357d4", "price_changes": [{"asset_id": "39234879389019906742645930980758802982877308117108554746116202621126139433718", "price": "0.53", "size": "0", "side": "SELL", "hash": "79f68f598fcd423562cf3f240cf549c9b622f062", "best_bid": "0", "best_ask": "0.01"}, {"asset_id": "70332241397922487720394987598038836906259936847432135369649396220604443990609", "price": "0.47", "size": "0", "side": "BUY", "hash": "b885afa02adbe0671bd2eecff4de7ad6bd34714a", "best_bid": "0.99", "best_ask": "1"}], "timestamp": "1769384512657", "event_type": "price_change"}}
{"_local_timestamp": "2026-01-25T23:41:52.814716+00:00", "data": {"market": "0x63538b4ff0d0dc9a7f16d91589920364fc34b296458ff85ee447aa391115c405", "price_changes": [{"asset_id": "64518980895084350834797596287160020317949877776191089366198433180617274126771", "price": "0.85", "size": "0", "side": "SELL", "hash": "772fa51fd8177b02855133863747ebf037ad6562", "best_bid": "0", "best_ask": "0.01"}, {"asset_id": "105451502392822625659265393491270476729444339488660033885451332580323882543812", "price": "0.15", "size": "0", "side": "BUY", "hash": "04a929037f6afa950137643fb0dbd80081b154f4", "best_bid": "0.99", "best_ask": "1"}], "timestamp": "1769384512657", "event_type": "price_change"}}
{"_local_timestamp": "2026-01-25T23:41:53.197971+00:00", "data": {"market": "0x4d891324c2b72b5286a2524a172d54661bd5ce0bb2abd69baa1ffa1d698357d4", "price_changes": [{"asset_id": "39234879389019906742645930980758802982877308117108554746116202621126139433718", "price": "0.51", "size": "8.2", "side": "SELL", "hash": "0d38801e3e5c18e0925d285f57d8636586fc7391", "best_bid": "0", "best_ask": "0.01"}, {"asset_id": "70332241397922487720394987598038836906259936847432135369649396220604443990609", "price": "0.49", "size": "8.2", "side": "BUY", "hash": "78e843c30b257572bc35241c74ead3e1367295fe", "best_bid": "0.99", "best_ask": "1"}], "timestamp": "1769384512919", "event_type": "price_change"}}
{"_local_timestamp": "2026-01-25T23:41:53.198533+00:00", "data": {"market": "0x63538b4ff0d0dc9a7f16d91589920364fc34b296458ff85ee447aa391115c405", "price_changes": [{"asset_id": "64518980895084350834797596287160020317949877776191089366198433180617274126771", "price": "0.83", "size": "8.2", "side": "SELL", "hash": "def56ecdd9fe358a40b23db32f018871f7072c1d", "best_bid": "0", "best_ask": "0.01"}, {"asset_id": "105451502392822625659265393491270476729444339488660033885451332580323882543812", "price": "0.17", "size": "8.2", "side": "BUY", "hash": "c15471b18f439459c185a460a631deae4f144bbd", "best_bid": "0.99", "best_ask": "1"}], "timestamp": "1769384512919", "event_type": "price_change"}}
{"_local_timestamp": "2026-01-25T23:41:53.835082+00:00", "data": {"market": "0x4d891324c2b72b5286a2524a172d54661bd5ce0bb2abd69baa1ffa1d698357d4", "price_changes": [{"asset_id": "39234879389019906742645930980758802982877308117108554746116202621126139433718", "price": "0.52", "size": "0", "side": "SELL", "hash": "fbf53bfe5c01d3e0ca6cb8d3f93878c297372c7a", "best_bid": "0", "best_ask": "0.01"}, {"asset_id": "70332241397922487720394987598038836906259936847432135369649396220604443990609", "price": "0.48", "size": "0", "side": "BUY", "hash": "a0fcd63cbb3216cfb47e4f46b52c6c06777da607", "best_bid": "0.99", "best_ask": "1"}], "timestamp": "1769384513769", "event_type": "price_change"}}
{"_local_timestamp": "2026-01-25T23:41:53.844801+00:00", "data": {"market": "0x63538b4ff0d0dc9a7f16d91589920364fc34b296458ff85ee447aa391115c405", "price_changes": [{"asset_id": "64518980895084350834797596287160020317949877776191089366198433180617274126771", "price": "0.84", "size": "0", "side": "SELL", "hash": "00cacd0bd9963d6bd1f4ee94bc14d9d634f530d9", "best_bid": "0", "best_ask": "0.01"}, {"asset_id": "105451502392822625659265393491270476729444339488660033885451332580323882543812", "price": "0.16", "size": "0", "side": "BUY", "hash": "e551b25257a2595fecd7f00b5ee2cec2bc129152", "best_bid": "0.99", "best_ask": "1"}], "timestamp": "1769384513770", "event_type": "price_change"}}
{"_local_timestamp": "2026-01-25T23:41:53.971872+00:00", "data": {"market": "0x63538b4ff0d0dc9a7f16d91589920364fc34b296458ff85ee447aa391115c405", "price_changes": [{"asset_id": "64518980895084350834797596287160020317949877776191089366198433180617274126771", "price": "0.82", "size": "5.47", "side": "SELL", "hash": "2c18ab269e842a44b279ec38a772c6a6f653889d", "best_bid": "0", "best_ask": "0.01"}, {"asset_id": "105451502392822625659265393491270476729444339488660033885451332580323882543812", "price": "0.18", "size": "5.47", "side": "BUY", "hash": "fa14332ab040ecf28a7dec62a4ce0b0b919e3423", "best_bid": "0.99", "best_ask": "1"}], "timestamp": "1769384513901", "event_type": "price_change"}}
{"_local_timestamp": "2026-01-25T23:41:53.982118+00:00", "data": {"market": "0x4d891324c2b72b5286a2524a172d54661bd5ce0bb2abd69baa1ffa1d698357d4", "price_changes": [{"asset_id": "39234879389019906742645930980758802982877308117108554746116202621126139433718", "price": "0.5", "size": "5.47", "side": "SELL", "hash": "b1e53f6c46fbec5d896e9b1a2af2183b52cda00f", "best_bid": "0", "best_ask": "0.01"}, {"asset_id": "70332241397922487720394987598038836906259936847432135369649396220604443990609", "price": "0.5", "size": "5.47", "side": "BUY", "hash": "b7f5aca3cd8dfc1ad90de0b331f93f50464960c8", "best_bid": "0.99", "best_ask": "1"}], "timestamp": "1769384513902", "event_type": "price_change"}}
{"_local_timestamp": "2026-01-25T23:41:54.405392+00:00", "data": {"market": "0x4d891324c2b72b5286a2524a172d54661bd5ce0bb2abd69baa1ffa1d698357d4", "price_changes": [{"asset_id": "39234879389019906742645930980758802982877308117108554746116202621126139433718", "price": "0.51", "size": "0", "side": "SELL", "hash": "99a2c00596dd637045cac408a6f8615b4b3e29fb", "best_bid": "0", "best_ask": "0.01"}, {"asset_id": "70332241397922487720394987598038836906259936847432135369649396220604443990609", "price": "0.49", "size": "0", "side": "BUY", "hash": "64b7df8808d2b65970cbb206d36f69457b9a2b57", "best_bid": "0.99", "best_ask": "1"}], "timestamp": "1769384514339", "event_type": "price_change"}}
{"_local_timestamp": "2026-01-25T23:41:54.830447+00:00", "data": {"market": "0x63538b4ff0d0dc9a7f16d91589920364fc34b296458ff85ee447aa391115c405", "price_changes": [{"asset_id": "64518980895084350834797596287160020317949877776191089366198433180617274126771", "price": "0.83", "size": "0", "side": "SELL", "hash": "0f9fe468c6174f64c59f98d0f98e9f577d77dc91", "best_bid": "0", "best_ask": "0.01"}, {"asset_id": "105451502392822625659265393491270476729444339488660033885451332580323882543812", "price": "0.17", "size": "0", "side": "BUY", "hash": "41ad6424a5ed88acc12c8c630fb77a996c2b6c9e", "best_bid": "0.99", "best_ask": "1"}], "timestamp": "1769384514765", "event_type": "price_change"}}
{"_local_timestamp": "2026-01-25T23:41:54.855014+00:00", "data": {"market": "0x4d891324c2b72b5286a2524a172d54661bd5ce0bb2abd69baa1ffa1d698357d4", "price_changes": [{"asset_id": "39234879389019906742645930980758802982877308117108554746116202621126139433718", "price": "0.49", "size": "8.2", "side": "SELL", "hash": "72aacb1cf7fb09dbc7e7f819a7a1f644be65dd06", "best_bid": "0", "best_ask": "0.01"}, {"asset_id": "70332241397922487720394987598038836906259936847432135369649396220604443990609", "price": "0.51", "size": "8.2", "side": "BUY", "hash": "772d37c5161e4a8a8fe344921fe0a52180b8a16a", "best_bid": "0.99", "best_ask": "1"}], "timestamp": "1769384514776", "event_type": "price_change"}}
{"_local_timestamp": "2026-01-25T23:41:55.104328+00:00", "data": {"market": "0x63538b4ff0d0dc9a7f16d91589920364fc34b296458ff85ee447aa391115c405", "price_changes": [{"asset_id": "64518980895084350834797596287160020317949877776191089366198433180617274126771", "price": "0.81", "size": "8.2", "side": "SELL", "hash": "71551ffa8e52d08f0803e02e7f932ce6ae6cf4d1", "best_bid": "0", "best_ask": "0.01"}, {"asset_id": "105451502392822625659265393491270476729444339488660033885451332580323882543812", "price": "0.19", "size": "8.2", "side": "BUY", "hash": "a25f866defa8503eb6f24e3b424f1561e8b549e5", "best_bid": "0.99", "best_ask": "1"}], "timestamp": "1769384515032", "event_type": "price_change"}}
{"_local_timestamp": "2026-01-25T23:41:55.446506+00:00", "data": {"market": "0x63538b4ff0d0dc9a7f16d91589920364fc34b296458ff85ee447aa391115c405", "price_changes": [{"asset_id": "64518980895084350834797596287160020317949877776191089366198433180617274126771", "price": "0.82", "size": "0", "side": "SELL", "hash": "42dcc61e267a1a6b30b46537e05fca8c31f82fc4", "best_bid": "0", "best_ask": "0.01"}, {"asset_id": "105451502392822625659265393491270476729444339488660033885451332580323882543812", "price": "0.18", "size": "0", "side": "BUY", "hash": "5e2b3cf2d3fc3a6afe2f4ba4df444130ffa9cb4f", "best_bid": "0.99", "best_ask": "1"}], "timestamp": "1769384515378", "event_type": "price_change"}}
{"_local_timestamp": "2026-01-25T23:41:55.447206+00:00", "data": {"market": "0x4d891324c2b72b5286a2524a172d54661bd5ce0bb2abd69baa1ffa1d698357d4", "price_changes": [{"asset_id": "39234879389019906742645930980758802982877308117108554746116202621126139433718", "price": "0.5", "size": "0", "side": "SELL", "hash": "4fcc5d6152ad2e45b4b906239890e59572570b87", "best_bid": "0", "best_ask": "0.01"}, {"asset_id": "70332241397922487720394987598038836906259936847432135369649396220604443990609", "price": "0.5", "size": "0", "side": "BUY", "hash": "46b33cae4443b3d698687a03bcdad8b1f622a039", "best_bid": "0.99", "best_ask": "1"}], "timestamp": "1769384515378", "event_type": "price_change"}}
{"_local_timestamp": "2026-01-25T23:41:55.552199+00:00", "data": {"market": "0x4d891324c2b72b5286a2524a172d54661bd5ce0bb2abd69baa1ffa1d698357d4", "price_changes": [{"asset_id": "39234879389019906742645930980758802982877308117108554746116202621126139433718", "price": "0.48", "size": "5.47", "side": "SELL", "hash": "abaacccc7dde9b86b03828128cf49ef464051dba", "best_bid": "0", "best_ask": "0.01"}, {"asset_id": "70332241397922487720394987598038836906259936847432135369649396220604443990609", "price": "0.52", "size": "5.47", "side": "BUY", "hash": "fcaeee88b7903c82c1f90a311a6c8e65bf61a0f8", "best_bid": "0.99", "best_ask": "1"}], "timestamp": "1769384515482", "event_type": "price_change"}}
{"_local_timestamp": "2026-01-25T23:41:55.552832+00:00", "data": {"market": "0x63538b4ff0d0dc9a7f16d91589920364fc34b296458ff85ee447aa391115c405", "price_changes": [{"asset_id": "64518980895084350834797596287160020317949877776191089366198433180617274126771", "price": "0.8", "size": "5.47", "side": "SELL", "hash": "083bc79ed0dac3adfb8ba3f52fea15e01dc9dc73", "best_bid": "0", "best_ask": "0.01"}, {"asset_id": "105451502392822625659265393491270476729444339488660033885451332580323882543812", "price": "0.2", "size": "5.47", "side": "BUY", "hash": "59427c15f3e0fd09cf0437abad19edfc4341dbce", "best_bid": "0.99", "best_ask": "1"}], "timestamp": "1769384515482", "event_type": "price_change"}}
{"_local_timestamp": "2026-01-25T23:41:55.695484+00:00", "data": {"market": "0x63538b4ff0d0dc9a7f16d91589920364fc34b296458ff85ee447aa391115c405", "price_changes": [{"asset_id": "64518980895084350834797596287160020317949877776191089366198433180617274126771", "price": "0.81", "size": "0", "side": "SELL", "hash": "54619ae7a9c1844ac4f37796522ff1aafbb47f81", "best_bid": "0", "best_ask": "0.01"}, {"asset_id": "105451502392822625659265393491270476729444339488660033885451332580323882543812", "price": "0.19", "size": "0", "side": "BUY", "hash": "e68a3dfaeb7833ac78051fd299b3addb1c2a6659", "best_bid": "0.99", "best_ask": "1"}], "timestamp": "1769384515628", "event_type": "price_change"}}
{"_local_timestamp": "2026-01-25T23:41:56.031603+00:00", "data": {"market": "0x63538b4ff0d0dc9a7f16d91589920364fc34b296458ff85ee447aa391115c405", "price_changes": [{"asset_id": "64518980895084350834797596287160020317949877776191089366198433180617274126771", "price": "0.79", "size": "8.2", "side": "SELL", "hash": "ec3232b30b59e1dfc40d4823e25dc3c581b7fa2c", "best_bid": "0", "best_ask": "0.01"}, {"asset_id": "105451502392822625659265393491270476729444339488660033885451332580323882543812", "price": "0.21", "size": "8.2", "side": "BUY", "hash": "c14ac74b19f105b0805365f2b51bf7349b77bad4", "best_bid": "0.99", "best_ask": "1"}], "timestamp": "1769384515962", "event_type": "price_change"}}
{"_local_timestamp": "2026-01-25T23:41:56.110537+00:00", "data": {"market": "0x4d891324c2b72b5286a2524a172d54661bd5ce0bb2abd69baa1ffa1d698357d4", "price_changes": [{"asset_id": "39234879389019906742645930980758802982877308117108554746116202621126139433718", "price": "0.49", "size": "0", "side": "SELL", "hash": "96554c66881d1146e33500347be3ba6e424d8fc7", "best_bid": "0", "best_ask": "0.01"}, {"asset_id": "70332241397922487720394987598038836906259936847432135369649396220604443990609", "price": "0.51", "size": "0", "side": "BUY", "hash": "851161e9e6d6889bb956f66190412488ddc065c2", "best_bid": "0.99", "best_ask": "1"}], "timestamp": "1769384516044", "event_type": "price_change"}}
{"_local_timestamp": "2026-01-25T23:41:56.533363+00:00", "data": {"market": "0x4d891324c2b72b5286a2524a172d54661bd5ce0bb2abd69baa1ffa1d698357d4", "price_changes": [{"asset_id": "39234879389019906742645930980758802982877308117108554746116202621126139433718", "price": "0.47", "size": "8.2", "side": "SELL", "hash": "eb617cca4477c66320f10af1ff5cf568a35d5256", "best_bid": "0", "best_ask": "0.01"}, {"asset_id": "70332241397922487720394987598038836906259936847432135369649396220604443990609", "price": "0.53", "size": "8.2", "side": "BUY", "hash": "a8b104994999419579ff8ae0d577ca00d1c1777d", "best_bid": "0.99", "best_ask": "1"}], "timestamp": "1769384516469", "event_type": "price_change"}}
{"_local_timestamp": "2026-01-25T23:41:56.883925+00:00", "data": {"market": "0x4d891324c2b72b5286a2524a172d54661bd5ce0bb2abd69baa1ffa1d698357d4", "price_changes": [{"asset_id": "39234879389019906742645930980758802982877308117108554746116202621126139433718", "price": "0.48", "size": "0", "side": "SELL", "hash": "b53dc7782f81cbb9634a010186bea041188b4f07", "best_bid": "0", "best_ask": "0.01"}, {"asset_id": "70332241397922487720394987598038836906259936847432135369649396220604443990609", "price": "0.52", "size": "0", "side": "BUY", "hash": "d2f2a86c12912e65354a31fae6d2ceab80cdf31e", "best_bid": "0.99", "best_ask": "1"}], "timestamp": "1769384516812", "event_type": "price_change"}}
{"_local_timestamp": "2026-01-25T23:41:56.884803+00:00", "data": {"market": "0x63538b4ff0d0dc9a7f16d91589920364fc34b296458ff85ee447aa391115c405", "price_changes": [{"asset_id": "64518980895084350834797596287160020317949877776191089366198433180617274126771", "price": "0.8", "size": "0", "side": "SELL", "hash": "06133ebee0ae0a4b92150729d5996646102db27f", "best_bid": "0", "best_ask": "0.01"}, {"asset_id": "105451502392822625659265393491270476729444339488660033885451332580323882543812", "price": "0.2", "size": "0", "side": "BUY", "hash": "a9d6268e7c3f1926ef2a5e023f796469d15a838e", "best_bid": "0.99", "best_ask": "1"}], "timestamp": "1769384516812", "event_type": "price_change"}}
{"_local_timestamp": "2026-01-25T23:41:57.034126+00:00", "data": {"market": "0x4d891324c2b72b5286a2524a172d54661bd5ce0bb2abd69baa1ffa1d698357d4", "price_changes": [{"asset_id": "39234879389019906742645930980758802982877308117108554746116202621126139433718", "price": "0.46", "size": "5.47", "side": "SELL", "hash": "b5f09c8340d185c55ee83b96c47335455cd46e54", "best_bid": "0", "best_ask": "0.01"}, {"asset_id": "70332241397922487720394987598038836906259936847432135369649396220604443990609", "price": "0.54", "size": "5.47", "side": "BUY", "hash": "e071b6c67151d797e2bda600703ede14443843a8", "best_bid": "0.99", "best_ask": "1"}], "timestamp": "1769384516920", "event_type": "price_change"}}
{"_local_timestamp": "2026-01-25T23:41:57.034699+00:00", "data": {"market": "0x63538b4ff0d0dc9a7f16d91589920364fc34b296458ff85ee447aa391115c405", "price_changes": [{"asset_id": "64518980895084350834797596287160020317949877776191089366198433180617274126771", "price": "0.78", "size": "5.47", "side": "SELL", "hash": "8141f1e1ec47b0250137eba08b9f2de28104f5d7", "best_bid": "0", "best_ask": "0.01"}, {"asset_id": "105451502392822625659265393491270476729444339488660033885451332580323882543812", "price": "0.22", "size": "5.47", "side": "BUY", "hash": "e97a4f228c545c30500e4d673c8bb75f33bdf30f", "best_bid": "0.99", "best_ask": "1"}], "timestamp": "1769384516920", "event_type": "price_change"}}
{"_local_timestamp": "2026-01-25T23:41:57.255487+00:00", "data": {"market": "0x63538b4ff0d0dc9a7f16d91589920364fc34b296458ff85ee447aa391115c405", "price_changes": [{"asset_id": "64518980895084350834797596287160020317949877776191089366198433180617274126771", "price": "0.79", "size": "0", "side": "SELL", "hash": "a3aaa19a592d4894526da1f56fbf6a8438a3bcb6", "best_bid": "0", "best_ask": "0.01"}, {"asset_id": "105451502392822625659265393491270476729444339488660033885451332580323882543812", "price": "0.21", "size": "0", "side": "BUY", "hash": "261728ed3cd486e030dde694895a95e679c9cc8a", "best_bid": "0.99", "best_ask": "1"}], "timestamp": "1769384517189", "event_type": "price_change"}}
{"_local_timestamp": "2026-01-25T23:41:57.256248+00:00", "data": {"market": "0x4d891324c2b72b5286a2524a172d54661bd5ce0bb2abd69baa1ffa1d698357d4", "price_changes": [{"asset_id": "39234879389019906742645930980758802982877308117108554746116202621126139433718", "price": "0.47", "size": "0", "side": "SELL", "hash": "0ef0e5db522f315e6ca86657b67e1efbd61105e7", "best_bid": "0", "best_ask": "0.01"}, {"asset_id": "70332241397922487720394987598038836906259936847432135369649396220604443990609", "price": "0.53", "size": "0", "side": "BUY", "hash": "5654603080a20a9b0bdd315a3e05b07ecf908c84", "best_bid": "0.99", "best_ask": "1"}], "timestamp": "1769384517189", "event_type": "price_change"}}
{"_local_timestamp": "2026-01-25T23:41:57.602404+00:00", "data": {"market": "0x4d891324c2b72b5286a2524a172d54661bd5ce0bb2abd69baa1ffa1d698357d4", "price_changes": [{"asset_id": "39234879389019906742645930980758802982877308117108554746116202621126139433718", "price": "0.45", "size": "8.2", "side": "SELL", "hash": "0d5df821e9ef4a4a13b5df89165f3d87b148f3df", "best_bid": "0", "best_ask": "0.01"}, {"asset_id": "70332241397922487720394987598038836906259936847432135369649396220604443990609", "price": "0.55", "size": "8.2", "side": "BUY", "hash": "cd9ce25595fef9cfccfd22c8f10c1e2a95ff1939", "best_bid": "0.99", "best_ask": "1"}], "timestamp": "1769384517528", "event_type": "price_change"}}
{"_local_timestamp": "2026-01-25T23:41:57.603179+00:00", "data": {"market": "0x63538b4ff0d0dc9a7f16d91589920364fc34b296458ff85ee447aa391115c405", "price_changes": [{"asset_id": "64518980895084350834797596287160020317949877776191089366198433180617274126771", "price": "0.77", "size": "8.2", "side": "SELL", "hash": "1ea1dcf0e6213896cee5b9859946048097906218", "best_bid": "0", "best_ask": "0.01"}, {"asset_id": "105451502392822625659265393491270476729444339488660033885451332580323882543812", "price": "0.23", "size": "8.2", "side": "BUY", "hash": "950bdbf608d78cdd29b659e35f997d29e67a233e", "best_bid": "0.99", "best_ask": "1"}], "timestamp": "1769384517529", "event_type": "price_change"}}
{"_local_timestamp": "2026-01-25T23:41:58.380140+00:00", "data": {"market": "0x63538b4ff0d0dc9a7f16d91589920364fc34b296458ff85ee447aa391115c405", "price_changes": [{"asset_id": "64518980895084350834797596287160020317949877776191089366198433180617274126771", "price": "0.78", "size": "0", "side": "SELL", "hash": "8b5793153069c90259bff5540ce176053c06f965", "best_bid": "0", "best_ask": "0.01"}, {"asset_id": "105451502392822625659265393491270476729444339488660033885451332580323882543812", "price": "0.22", "size": "0", "side": "BUY", "hash": "73062fd4289e3de48501d3f7357a621352004695", "best_bid": "0.99", "best_ask": "1"}], "timestamp": "1769384518315", "event_type": "price_change"}}
{"_local_timestamp": "2026-01-25T23:41:58.387179+00:00", "data": {"market": "0x4d891324c2b72b5286a2524a172d54661bd5ce0bb2abd69baa1ffa1d698357d4", "price_changes": [{"asset_id": "39234879389019906742645930980758802982877308117108554746116202621126139433718", "price": "0.46", "size": "0", "side": "SELL", "hash": "45c182c897215fb12a2ce730bdc90ce992a13934", "best_bid": "0", "best_ask": "0.01"}, {"asset_id": "70332241397922487720394987598038836906259936847432135369649396220604443990609", "price": "0.54", "size": "0", "side": "BUY", "hash": "93845e0ac976a2281baccdf4d9b0b42561c8b49c", "best_bid": "0.99", "best_ask": "1"}], "timestamp": "1769384518315", "event_type": "price_change"}}
{"_local_timestamp": "2026-01-25T23:41:58.476292+00:00", "data": {"market": "0x4d891324c2b72b5286a2524a172d54661bd5ce0bb2abd69baa1ffa1d698357d4", "price_changes": [{"asset_id": "39234879389019906742645930980758802982877308117108554746116202621126139433718", "price": "0.44", "size": "5.47", "side": "SELL", "hash": "5689845e90dbd94a1da47ca7f21ed6ad59460442", "best_bid": "0", "best_ask": "0.01"}, {"asset_id": "70332241397922487720394987598038836906259936847432135369649396220604443990609", "price": "0.56", "size": "5.47", "side": "BUY", "hash": "d5c777f76fa13b6e87326e6cf346c31eb42c2bff", "best_bid": "0.99", "best_ask": "1"}], "timestamp": "1769384518410", "event_type": "price_change"}}
{"_local_timestamp": "2026-01-25T23:41:58.476967+00:00", "data": {"market": "0x63538b4ff0d0dc9a7f16d91589920364fc34b296458ff85ee447aa391115c405", "price_changes": [{"asset_id": "64518980895084350834797596287160020317949877776191089366198433180617274126771", "price": "0.76", "size": "5.47", "side": "SELL", "hash": "4bff0e5c086fb879bdda7bf7dc7356f85eeec11f", "best_bid": "0", "best_ask": "0.01"}, {"asset_id": "105451502392822625659265393491270476729444339488660033885451332580323882543812", "price": "0.24", "size": "5.47", "side": "BUY", "hash": "d2401aeb2e10b0b86b0d8695d0fd270016b12fea", "best_bid": "0.99", "best_ask": "1"}], "timestamp": "1769384518410", "event_type": "price_change"}}
{"_local_timestamp": "2026-01-25T23:41:58.948996+00:00", "data": {"market": "0x63538b4ff0d0dc9a7f16d91589920364fc34b296458ff85ee447aa391115c405", "price_changes": [{"asset_id": "64518980895084350834797596287160020317949877776191089366198433180617274126771", "price": "0.77", "size": "0", "side": "SELL", "hash": "e43dcc35d3a87cf6366dbedd7eb093bd06e25f54", "best_bid": "0", "best_ask": "0.01"}, {"asset_id": "105451502392822625659265393491270476729444339488660033885451332580323882543812", "price": "0.23", "size": "0", "side": "BUY", "hash": "011eef1849298a09d5d8ece7cbc99b956ef9f63a", "best_bid": "0.99", "best_ask": "1"}], "timestamp": "1769384518878", "event_type": "price_change"}}
{"_local_timestamp": "2026-01-25T23:41:58.949719+00:00", "data": {"market": "0x4d891324c2b72b5286a2524a172d54661bd5ce0bb2abd69baa1ffa1d698357d4", "price_changes": [{"asset_id": "39234879389019906742645930980758802982877308117108554746116202621126139433718", "price": "0.45", "size": "0", "side": "SELL", "hash": "158c5e1cdfa260e378ab07b43c163fa3f0a99916", "best_bid": "0", "best_ask": "0.01"}, {"asset_id": "70332241397922487720394987598038836906259936847432135369649396220604443990609", "price": "0.55", "size": "0", "side": "BUY", "hash": "e275ef19c1fc7c1ce86378ac0b36d837cf6e2eda", "best_bid": "0.99", "best_ask": "1"}], "timestamp": "1769384518878", "event_type": "price_change"}}
{"_local_timestamp": "2026-01-25T23:41:59.280242+00:00", "data": {"market": "0x63538b4ff0d0dc9a7f16d91589920364fc34b296458ff85ee447aa391115c405", "price_changes": [{"asset_id": "64518980895084350834797596287160020317949877776191089366198433180617274126771", "price": "0.75", "size": "8.2", "side": "SELL", "hash": "994b5a4bf2a207e925219add4705e7adeef511b4", "best_bid": "0", "best_ask": "0.01"}, {"asset_id": "105451502392822625659265393491270476729444339488660033885451332580323882543812", "price": "0.25", "size": "8.2", "side": "BUY", "hash": "1f23049308fb32da60b808baa27f78514fc499e0", "best_bid": "0.99", "best_ask": "1"}], "timestamp": "1769384519216", "event_type": "price_change"}}
{"_local_timestamp": "2026-01-25T23:41:59.284205+00:00", "data": {"market": "0x4d891324c2b72b5286a2524a172d54661bd5ce0bb2abd69baa1ffa1d698357d4", "price_changes": [{"asset_id": "39234879389019906742645930980758802982877308117108554746116202621126139433718", "price": "0.43", "size": "8.2", "side": "SELL", "hash": "1298d551a9cab6a45ffd2a626c7f0f6c3e7e20e1", "best_bid": "0", "best_ask": "0.01"}, {"asset_id": "70332241397922487720394987598038836906259936847432135369649396220604443990609", "price": "0.57", "size": "8.2", "side": "BUY", "hash": "3b7be6d34e009cda4241740dd276f1645ec411ba", "best_bid": "0.99", "best_ask": "1"}], "timestamp": "1769384519216", "event_type": "price_change"}}
{"_local_timestamp": "2026-01-25T23:41:59.756461+00:00", "data": {"market": "0x63538b4ff0d0dc9a7f16d91589920364fc34b296458ff85ee447aa391115c405", "price_changes": [{"asset_id": "64518980895084350834797596287160020317949877776191089366198433180617274126771", "price": "0.76", "size": "0", "side": "SELL", "hash": "c2fcaeb4a074eb43890a1711b25d9bb2ea1bd865", "best_bid": "0", "best_ask": "0.01"}, {"asset_id": "105451502392822625659265393491270476729444339488660033885451332580323882543812", "price": "0.24", "size": "0", "side": "BUY", "hash": "113c01c53686e92ef8df5bf905b7bb672f50ecad", "best_bid": "0.99", "best_ask": "1"}], "timestamp": "1769384519690", "event_type": "price_change"}}
{"_local_timestamp": "2026-01-25T23:41:59.757132+00:00", "data": {"market": "0x4d891324c2b72b5286a2524a172d54661bd5ce0bb2abd69baa1ffa1d698357d4", "price_changes": [{"asset_id": "39234879389019906742645930980758802982877308117108554746116202621126139433718", "price": "0.44", "size": "0", "side": "SELL", "hash": "bf9ecf83d2cf3b56775ac86120d01e48ab938ea2", "best_bid": "0", "best_ask": "0.01"}, {"asset_id": "70332241397922487720394987598038836906259936847432135369649396220604443990609", "price": "0.56", "size": "0", "side": "BUY", "hash": "dfc3803d18a6e59770813c4c793ca928635086a2", "best_bid": "0.99", "best_ask": "1"}], "timestamp": "1769384519690", "event_type": "price_change"}}
{"_local_timestamp": "2026-01-25T23:41:59.869064+00:00", "data": {"market": "0x63538b4ff0d0dc9a7f16d91589920364fc34b296458ff85ee447aa391115c405", "price_changes": [{"asset_id": "64518980895084350834797596287160020317949877776191089366198433180617274126771", "price": "0.74", "size": "5.47", "side": "SELL", "hash": "0a0cc7c6b47c59266172dcd00e80a8d687486dd1", "best_bid": "0", "best_ask": "0.01"}, {"asset_id": "105451502392822625659265393491270476729444339488660033885451332580323882543812", "price": "0.26", "size": "5.47", "side": "BUY", "hash": "18700a8adfb88dd5578c0522f7902060d36e0edd", "best_bid": "0.99", "best_ask": "1"}], "timestamp": "1769384519791", "event_type": "price_change"}}
{"_local_timestamp": "2026-01-25T23:41:59.869706+00:00", "data": {"market": "0x4d891324c2b72b5286a2524a172d54661bd5ce0bb2abd69baa1ffa1d698357d4", "price_changes": [{"asset_id": "39234879389019906742645930980758802982877308117108554746116202621126139433718", "price": "0.42", "size": "5.47", "side": "SELL", "hash": "dde7d1219f6b5e8088f34919125259274af2baf7", "best_bid": "0", "best_ask": "0.01"}, {"asset_id": "70332241397922487720394987598038836906259936847432135369649396220604443990609", "price": "0.58", "size": "5.47", "side": "BUY", "hash": "bca66d2d35f66c6efe3191d8d311829b7daafe9a", "best_bid": "0.99", "best_ask": "1"}], "timestamp": "1769384519791", "event_type": "price_change"}}
{"_local_timestamp": "2026-01-25T23:42:00.124601+00:00", "data": {"market": "0x4d891324c2b72b5286a2524a172d54661bd5ce0bb2abd69baa1ffa1d698357d4", "price_changes": [{"asset_id": "39234879389019906742645930980758802982877308117108554746116202621126139433718", "price": "0.43", "size": "0", "side": "SELL", "hash": "f0b98520c656d4ba24b6f912a4f9ad52f59498bf", "best_bid": "0", "best_ask": "0.01"}, {"asset_id": "70332241397922487720394987598038836906259936847432135369649396220604443990609", "price": "0.57", "size": "0", "side": "BUY", "hash": "27fe036af5ee08264d325bc3763fbcfd7879ee22", "best_bid": "0.99", "best_ask": "1"}], "timestamp": "1769384520025", "event_type": "price_change"}}
{"_local_timestamp": "2026-01-25T23:42:00.503392+00:00", "data": {"market": "0x4d891324c2b72b5286a2524a172d54661bd5ce0bb2abd69baa1ffa1d698357d4", "price_changes": [{"asset_id": "39234879389019906742645930980758802982877308117108554746116202621126139433718", "price": "0.41", "size": "8.2", "side": "SELL", "hash": "082bd0ad6b59359fd08a57a7801a4026904ad931", "best_bid": "0", "best_ask": "0.01"}, {"asset_id": "70332241397922487720394987598038836906259936847432135369649396220604443990609", "price": "0.59", "size": "8.2", "side": "BUY", "hash": "62241432365a85c809ab02e91b65bea0f6195fb4", "best_bid": "0.99", "best_ask": "1"}], "timestamp": "1769384520424", "event_type": "price_change"}}
{"_local_timestamp": "2026-01-25T23:42:00.524930+00:00", "data": {"market": "0x63538b4ff0d0dc9a7f16d91589920364fc34b296458ff85ee447aa391115c405", "price_changes": [{"asset_id": "64518980895084350834797596287160020317949877776191089366198433180617274126771", "price": "0.75", "size": "0", "side": "SELL", "hash": "a8c0ab21c0b5ca57e140b919e0a6af43290bd57e", "best_bid": "0", "best_ask": "0.01"}, {"asset_id": "105451502392822625659265393491270476729444339488660033885451332580323882543812", "price": "0.25", "size": "0", "side": "BUY", "hash": "7a2fd06f697c9572d51b3be7f31793c39032a422", "best_bid": "0.99", "best_ask": "1"}], "timestamp": "1769384520453", "event_type": "price_change"}}
{"_local_timestamp": "2026-01-25T23:42:00.777167+00:00", "data": {"market": "0x63538b4ff0d0dc9a7f16d91589920364fc34b296458ff85ee447aa391115c405", "price_changes": [{"asset_id": "64518980895084350834797596287160020317949877776191089366198433180617274126771", "price": "0.73", "size": "8.2", "side": "SELL", "hash": "394b6d8f5d5e2adae51bfe74b50243af9ba2f766", "best_bid": "0", "best_ask": "0.01"}, {"asset_id": "105451502392822625659265393491270476729444339488660033885451332580323882543812", "price": "0.27", "size": "8.2", "side": "BUY", "hash": "76ab31530c7e483728c31221bff829ae49f1648b", "best_bid": "0.99", "best_ask": "1"}], "timestamp": "1769384520704", "event_type": "price_change"}}
{"_local_timestamp": "2026-01-25T23:42:01.192592+00:00", "data": {"market": "0x4d891324c2b72b5286a2524a172d54661bd5ce0bb2abd69baa1ffa1d698357d4", "price_changes": [{"asset_id": "39234879389019906742645930980758802982877308117108554746116202621126139433718", "price": "0.42", "size": "0", "side": "SELL", "hash": "e204b30c6af8d45c42beb46a8eaffc062d9b2bb8", "best_bid": "0", "best_ask": "0.01"}, {"asset_id": "70332241397922487720394987598038836906259936847432135369649396220604443990609", "price": "0.58", "size": "0", "side": "BUY", "hash": "46a0590f0e5d89e4f3d645218de5cc330d5d9671", "best_bid": "0.99", "best_ask": "1"}], "timestamp": "1769384521122", "event_type": "price_change"}}
{"_local_timestamp": "2026-01-25T23:42:01.193430+00:00", "data": {"market": "0x63538b4ff0d0dc9a7f16d91589920364fc34b296458ff85ee447aa391115c405", "price_changes": [{"asset_id": "64518980895084350834797596287160020317949877776191089366198433180617274126771", "price": "0.74", "size": "0", "side": "SELL", "hash": "8a10ec98b9627312c4ac6a4bc458b64a5f65f2c4", "best_bid": "0", "best_ask": "0.01"}, {"asset_id": "105451502392822625659265393491270476729444339488660033885451332580323882543812", "price": "0.26", "size": "0", "side": "BUY", "hash": "c4d099f428d5e6631cf326750b9f1f20a08bc3d8", "best_bid": "0.99", "best_ask": "1"}], "timestamp": "1769384521122", "event_type": "price_change"}}
{"_local_timestamp": "2026-01-25T23:42:01.252942+00:00", "data": {"market": "0x4d891324c2b72b5286a2524a172d54661bd5ce0bb2abd69baa1ffa1d698357d4", "price_changes": [{"asset_id": "39234879389019906742645930980758802982877308117108554746116202621126139433718", "price": "0.4", "size": "5.47", "side": "SELL", "hash": "c7c7b117ab92861b176d9cd33eb669fa8e6b7e19", "best_bid": "0", "best_ask": "0.01"}, {"asset_id": "70332241397922487720394987598038836906259936847432135369649396220604443990609", "price": "0.6", "size": "5.47", "side": "BUY", "hash": "6e94804c400d010a14013434df75a1926fefc5b7", "best_bid": "0.99", "best_ask": "1"}], "timestamp": "1769384521185", "event_type": "price_change"}}
{"_local_timestamp": "2026-01-25T23:42:01.287615+00:00", "data": {"market": "0x63538b4ff0d0dc9a7f16d91589920364fc34b296458ff85ee447aa391115c405", "price_changes": [{"asset_id": "64518980895084350834797596287160020317949877776191089366198433180617274126771", "price": "0.72", "size": "5.47", "side": "SELL", "hash": "c2222351a3440cbfffa7f4e602eb2cda5d0dcb10", "best_bid": "0", "best_ask": "0.01"}, {"asset_id": "105451502392822625659265393491270476729444339488660033885451332580323882543812", "price": "0.28", "size": "5.47", "side": "BUY", "hash": "8ace20556ec4517b3df6edbc5429d2e5c4b2b74c", "best_bid": "0.99", "best_ask": "1"}], "timestamp": "1769384521219", "event_type": "price_change"}}
{"_local_timestamp": "2026-01-25T23:42:01.363459+00:00", "data": {"market": "0x63538b4ff0d0dc9a7f16d91589920364fc34b296458ff85ee447aa391115c405", "price_changes": [{"asset_id": "64518980895084350834797596287160020317949877776191089366198433180617274126771", "price": "0.73", "size": "0", "side": "SELL", "hash": "b0ed62f2146ea86c76b8112ffac84eba8a9db814", "best_bid": "0", "best_ask": "0.01"}, {"asset_id": "105451502392822625659265393491270476729444339488660033885451332580323882543812", "price": "0.27", "size": "0", "side": "BUY", "hash": "d904d7bb0335e68eb63882a969353fa65e6284b3", "best_bid": "0.99", "best_ask": "1"}], "timestamp": "1769384521298", "event_type": "price_change"}}
