{"_local_timestamp": "2026-01-25T23:41:25.546115+00:00", "data": [{"market": "0x1d895d87ed2a3fca440c3938223ea85773f79640b6a0d9b85a9100a9244c20ec", "asset_id": "32774817938412025382866161067883241188983163847402024026679989772438927617937", "timestamp": "1769384408855", "hash": "dd61ea5b2d22da7588972d4ecd04c1d117baa7e9", "bids": [{"price": "0.01", "size": "50"}], "asks": [{"price": "0.99", "size": "50"}, {"price": "0.98", "size": "5.47"}], "event_type": "book", "last_trade_price": ""}, {"market": "0x516a3eab0ca7d0893db1ce4f21a41f8b9407a8e4740f116ae6766419f6947dda", "asset_id": "22270939773133885075255664459214492686931140956681920312580103899902033258670", "timestamp": "1769384408857", "hash": "2d8ad7b1db48e7a505f3028be0554402e1a38782", "bids": [{"price": "0.01", "size": "50"}, {"price": "0.02", "size": "5.47"}], "asks": [{"price": "0.99", "size": "50"}], "event_type": "book", "last_trade_price": ""}, {"market": "0xbc47b6c845d6dd24f1e758f1ff74fa2f7de2c5bb94b4abbbfb2ef114314a9bee", "asset_id": "113135335636835794288541824914346394672148059464553620692419299644358150221299", "timestamp": "1769384408855", "hash": "3c3ca59de2c01579a9c4634be4fc5719d23079b2", "bids": [{"price": "0.01", "size": "50"}], "asks": [{"price": "0.99", "size": "50"}, {"price": "0.98", "size": "5.47"}], "event_type": "book", "last_trade_price": ""}, {"market": "0x272c94d262df18b210b4b9167e51ebc2481093d556c823e4f4748c099ff41b1d", "asset_id": "84504512468927955696553403739115920022506241591471807119145619172451359156764", "timestamp": "1769384409405", "hash": "83ecb762e08ce30b07f470aaa5ee3a0b6dec3ff3", "bids": [{"price": "0.01", "size": "50"}, {"price": "0.02", "size": "5.47"}], "asks": [{"price": "0.99", "size": "50"}], "event_type": "book", "last_trade_price": ""}, {"market": "0x0bd0faefbdbfa04630e0b984104e94e9a8846274de983f1037b25afefa412ea1", "asset_id": "61514879764594500113289492041020428792222463190576454533267940456954577060796", "timestamp": "1769384409406", "hash": "74bb22e70dc1859b123bd5d52255ba9967be2eb2", "bids": [{"price": "0.01", "size": "50"}], "asks": [{"price": "0.99", "size": "50"}, {"price": "0.98", "size": "5.47"}], "event_type": "book", "last_trade_price": ""}, {"market": "0xc3aadf982ab041640a662a651ecc8cc03e629b34eed29591440bcb7c4b65f49b", "asset_id": "25705606900642013053584682675545344834076563625167534836571111827041273335440", "timestamp": "1769384408857", "hash": "b96ab986a28e97be8732e54d6ff3a31e68e733f4", "bids": [{"price": "0.01", "size": "50"}], "asks": [{"price": "0.99", "size": "50"}, {"price": "0.98", "size": "5.47"}], "event_type": "book", "last_trade_price": ""}, {"market": "0x272c94d262df18b210b4b9167e51ebc2481093d556c823e4f4748c099ff41b1d", "asset_id": "50481780283373462565424393474024444350708637390427714183720270629496983488893", "timestamp": "1769384409405", "hash": "d9f6bf2f7fdcbc91bee5e38d02fc552dc52abbd0", "bids": [{"price": "0.01", "size": "50"}], "asks": [{"price": "0.99", "size": "50"}, {"price": "0.98", "size": "5.47"}], "event_type": "book", "last_trade_price": ""}, {"market": "0xbc47b6c845d6dd24f1e758f1ff74fa2f7de2c5bb94b4abbbfb2ef114314a9bee", "asset_id": "112762725971495850474069550280502784035612360949809488578984717109209006900782", "timestamp": "1769384408855", "hash": "e6a304b91f32ee9ea84315eb6c1fff63144c4d9d", "bids": [{"price": "0.01", "size": "50"}, {"price": "0.02", "size": "5.47"}], "asks": [{"price": "0.99", "size": "50"}], "event_type": "book", "last_trade_price": ""}, {"market": "0x516a3eab0ca7d0893db1ce4f21a41f8b9407a8e4740f116ae6766419f6947dda", "asset_id": "13832586946538028030830519124548119281240705865469812159686595533151433973435", "timestamp": "1769384408857", "hash": "fc2e6169cae18481ecba2e7a103e6b4bdd107e2a", "bids": [{"price": "0.01", "size": "50"}], "asks": [{"price": "0.99", "size": "50"}, {"price": "0.98", "size": "5.47"}], "event_type": "book", "last_trade_price": ""}, {"market": "0xdb61bf13ed36cc9f3730336ca4125f9fea5888424975fa526d0630e9ae6b35c3", "asset_id": "31231841105472768251347244697609267182801901350438806697177598815866896646129", "timestamp": "1769384409404", "hash": "a382c996fcb4c9e7a2f2bc3a1b10cc13430451f7", "bids": [{"price": "0.01", "size": "50"}], "asks": [{"price": "0.99", "size": "50"}, {"price": "0.98", "size": "5"}], "event_type": "book", "last_trade_price": ""}, {"market": "0x3c7679dc8afd9a88d0fd0a7c5b838a6b72c6687486b49cd85a6ad6d3dc566356", "asset_id": "48748934207616085330400931591146517374391350841765836068120958682206196003097", "timestamp": "1769384409408", "hash": "a90c2d64d0b277d2e8bf1951471be3c55605e979", "bids": [{"price": "0.01", "size": "50"}, {"price": "0.02", "size": "5.47"}, {"price": "0.1", "size": "10"}], "asks": [{"price": "0.99", "size": "50"}, {"price": "0.9", "size": "10"}], "event_type": "book", "last_trade_price": ""}, {"market": "0x3c7679dc8afd9a88d0fd0a7c5b838a6b72c6687486b49cd85a6ad6d3dc566356", "asset_id": "62734590602538866879734207730643004337625307867764824697429240934777375054499", "timestamp": "1769384409408", "hash": "199ab3986c2dcb9790b587f8b4cf78194a609c18", "bids": [{"price": "0.01", "size": "50"}, {"price": "0.1", "size": "10"}], "asks": [{"price": "0.99", "size": "50"}, {"price": "0.98", "size": "5.47"}, {"price": "0.9", "size": "10"}], "event_type": "book", "last_trade_price": ""}, {"market": "0x1d895d87ed2a3fca440c3938223ea85773f79640b6a0d9b85a9100a9244c20ec", "asset_id": "61047937732847889156754168309936855795078803837400835538054641439184882597453", "timestamp": "1769384408855", "hash": "d842ffb9a86be0c6f63471d4df30a12a3bae692e", "bids": [{"price": "0.01", "size": "50"}, {"price": "0.02", "size": "5.47"}], "asks": [{"price": "0.99", "size": "50"}], "event_type": "book", "last_trade_price": ""}, {"market": "0x0bd0faefbdbfa04630e0b984104e94e9a8846274de983f1037b25afefa412ea1", "asset_id": "96504759153981125402937262174509364865145264438330101447211284024542531697944", "timestamp": "1769384409406", "hash": "0c95586558ecb2324856c6c516478aa93dbb713f", "bids": [{"price": "0.01", "size": "50"}, {"price": "0.02", "size": "5.47"}], "asks": [{"price": "0.99", "size": "50"}], "event_type": "book", "last_trade_price": ""}, {"market": "0x36385e5bda51914289bc3091b06e2131def9ad12b23583f9f7350c96bded165e", "asset_id": "92609683000310537386070727666525868482601309491551611684451047346518512309757", "timestamp": "1769384408857", "hash": "a8088254e766e1c014f39b52be17a83ab32b59ef", "bids": [{"price": "0.01", "size": "50"}], "asks": [{"price": "0.99", "size": "50"}, {"price": "0.98", "size": "5.47"}], "event_type": "book", "last_trade_price": ""}, {"market": "0xdb61bf13ed36cc9f3730336ca4125f9fea5888424975fa526d0630e9ae6b35c3", "asset_id": "52362754646866496421286643585084688132592083065085781333354121966555424164846", "timestamp": "1769384409404", "hash": "44bbf130b1facdf04fed7843d757ea57b773587c", "bids": [{"price": "0.01", "size": "50"}, {"price": "0.02", "size": "5"}], "asks": [{"price": "0.99", "size": "50"}], "event_type": "book", "last_trade_price": ""}, {"market": "0x36385e5bda51914289bc3091b06e2131def9ad12b23583f9f7350c96bded165e", "asset_id": "22563170635567097517520931959579517735006606644914853705860902157130641831428", "timestamp": "1769384408857", "hash": "ddeaa217b851cbb2760507c139bee31a0741034e", "bids": [{"price": "0.01", "size": "50"}, {"price": "0.02", "size": "5.47"}], "asks": [{"price": "0.99", "size": "50"}], "event_type": "book", "last_trade_price": ""}, {"market": "0xc3aadf982ab041640a662a651ecc8cc03e629b34eed29591440bcb7c4b65f49b", "asset_id": "99576458050625109397198794218560137813993200377010518386477388538340712757352", "timestamp": "1769384408857", "hash": "21ef98c92a71fffa6ae0bb2eb5c9289291ea09e6", "bids": [{"price": "0.01", "size": "50"}, {"price": "0.02", "size": "5.47"}], "asks": [{"price": "0.99", "size": "50"}], "event_type": "book", "last_trade_price": ""}]}
