{"_local_timestamp": "2026-01-25T23:34:23.835297+00:00", "data": [{"market": "0x2b055146dd5a650d73f2c5274ad4e06609b17136e93d70211da0eee6e1c10aa9", "asset_id": "30330580473332291359334306113731779579204506898587076206078762652011563414207", "timestamp": "1769383465589", "hash": "a7bba56564373fe22e20a325a91de07f9f738459", "bids": [{"price": "0.01", "size": "97.36"}, {"price": "0.02", "size": "31.78"}, {"price": "0.1", "size": "8.88"}], "asks": [{"price": "0.99", "size": "455.17"}, {"price": "0.98", "size": "18.29"}, {"price": "0.95", "size": "1200"}, {"price": "0.92", "size": "500"}, {"price": "0.9", "size": "10"}, {"price": "0.89", "size": "5.29"}, {"price": "0.86", "size": "200"}, {"price": "0.6", "size": "337.5"}, {"price": "0.5", "size": "240"}, {"price": "0.45", "size": "54.54"}], "event_type": "book", "last_trade_price": "0.100"}, {"market": "0x446fa7c31f4a469bae62e82b476b08cbf8702b692300a5e9f2fbd008b715c8be", "asset_id": "52695190266598810431423829860139901739044124180406126488825779786437592101823", "timestamp": "1769383443187", "hash": "4bbb89e29bb78f67216e9036eefacb11647d3adc", "bids": [{"price": "0.01", "size": "101.24"}, {"price": "0.02", "size": "24.37"}], "asks": [{"price": "0.99", "size": "100"}, {"price": "0.98", "size": "30.47"}], "event_type": "book", "last_trade_price": ""}, {"market": "0x2c51634d513dd324905f8fb483ec6b1772b74a71cc128b8caabce872c20ae319", "asset_id": "13558144108474147713837416627908702408330125053985897508599186406913812143404", "timestamp": "1769383447949", "hash": "564e519db19680b56bd9d4ed317ab565b09f6e75", "bids": [{"price": "0.01", "size": "100"}, {"price": "0.02", "size": "30.47"}], "asks": [{"price": "0.99", "size": "101.24"}, {"price": "0.98", "size": "24.37"}], "event_type": "book", "last_trade_price": ""}, {"market": "0xc7123573a67acd0e94b4dc8787244932b8b72feda012e0c7b85113d8c2d50196", "asset_id": "81321858715484940405512866700453316167865214790453048512849017284650220495218", "timestamp": "1769383448985", "hash": "460fbe37e73fd9a3ec64a6e0b9edcf57e9f3a1e8", "bids": [{"price": "0.01", "size": "100"}, {"price": "0.02", "size": "30.47"}], "asks": [{"price": "0.99", "size": "101.24"}, {"price": "0.98", "size": "24.37"}], "event_type": "book", "last_trade_price": ""}, {"market": "0xee71b9fa4404f0e2dd461377357287dfd8cd919a19a666e82270e0b6a7c53940", "asset_id": "68332477112449707022597689516893786690975066170706989133300591048855137287870", "timestamp": "1769383447948", "hash": "6fe9b38f028331640ef37cd2c173dc79ae476c69", "bids": [{"price": "0.01", "size": "100"}, {"price": "0.02", "size": "30.47"}], "asks": [{"price": "0.99", "size": "101.24"}, {"price": "0.98", "size": "24.37"}], "event_type": "book", "last_trade_price": ""}, {"market": "0xf679ebd0b87afdacb34cbf87fb08d8002af2aafd95bef1a3e88632ad80d7811b", "asset_id": "54813852834825555149953567582686445111455984233490795098400501359578063217949", "timestamp": "1769383544673", "hash": "e43fa6eb0d8ca5f63d39cafa9c27c817900be106", "bids": [{"price": "0.01", "size": "98.76"}, {"price": "0.02", "size": "25.62"}], "asks": [{"price": "0.99", "size": "100"}, {"price": "0.98", "size": "30.47"}], "event_type": "book", "last_trade_price": ""}, {"market": "0xa69161502d55a710a34a33adcc7894c9afad1ab8c45cecb7cebb1a144ae178fb", "asset_id": "67172719969077566897850124285003566661145514810637072022249754370773733594263", "timestamp": "1769383445632", "hash": "c77f2807697765f90a5ce2374835655678041673", "bids": [{"price": "0.01", "size": "101.24"}, {"price": "0.02", "size": "24.37"}], "asks": [{"price": "0.99", "size": "100"}, {"price": "0.98", "size": "30.47"}], "event_type": "book", "last_trade_price": ""}, {"market": "0x446fa7c31f4a469bae62e82b476b08cbf8702b692300a5e9f2fbd008b715c8be", "asset_id": "104057868636210245514678664463447234761363360445679613674716648721260723928454", "timestamp": "1769383443187", "hash": "3302ab441562ff001a9588440ca6ebaf7be77174", "bids": [{"price": "0.01", "size": "100"}, {"price": "0.02", "size": "30.47"}], "asks": [{"price": "0.99", "size": "101.24"}, {"price": "0.98", "size": "24.37"}], "event_type": "book", "last_trade_price": ""}, {"market": "0xc7123573a67acd0e94b4dc8787244932b8b72feda012e0c7b85113d8c2d50196", "asset_id": "6364154897018281774965738801225555672329272667033887733673945739083820347526", "timestamp": "1769383448985", "hash": "2bfa496f7258eb0d203d83989582c2c53b8e43ab", "bids": [{"price": "0.01", "size": "101.24"}, {"price": "0.02", "size": "24.37"}], "asks": [{"price": "0.99", "size": "100"}, {"price": "0.98", "size": "30.47"}], "event_type": "book", "last_trade_price": ""}, {"market": "0x2c51634d513dd324905f8fb483ec6b1772b74a71cc128b8caabce872c20ae319", "asset_id": "58150030886234511146056742715016234068631506301845895665445446506638464698271", "timestamp": "1769383447949", "hash": "e29eae368c710481fb9b7b7a901ed98379a7377e", "bids": [{"price": "0.01", "size": "101.24"}, {"price": "0.02", "size": "24.37"}], "asks": [{"price": "0.99", "size": "100"}, {"price": "0.98", "size": "30.47"}], "event_type": "book", "last_trade_price": ""}, {"market": "0x3a776d3d012505b279454fcc3f1aa248adecc8bb44ce651eb75b398bba29f794", "asset_id": "104109037541330315890041367533789367568163486720006883989885173973042449019562", "timestamp": "1769383445631", "hash": "e7034ddde736ec7fff52b5bd1653da5b328c3746", "bids": [{"price": "0.01", "size": "101.24"}, {"price": "0.02", "size": "24.37"}], "asks": [{"price": "0.99", "size": "100"}, {"price": "0.98", "size": "30.47"}], "event_type": "book", "last_trade_price": ""}, {"market": "0x3a776d3d012505b279454fcc3f1aa248adecc8bb44ce651eb75b398bba29f794", "asset_id": "89373187124177911780992411105634026565029891820785643320114514415482334812166", "timestamp": "1769383445631", "hash": "f49499b19ae3604dbcc3c71d019fc447ef40ca3a", "bids": [{"price": "0.01", "size": "100"}, {"price": "0.02", "size": "30.47"}], "asks": [{"price": "0.99", "size": "101.24"}, {"price": "0.98", "size": "24.37"}], "event_type": "book", "last_trade_price": ""}, {"market": "0x200b9ce8f8214dd3db97a03ef2877f4bc70f24cb98da054e1823b0e7d69022f1", "asset_id": "74262657917066665659106444308780605722967100908687116933216541005481011650437", "timestamp": "1769383447949", "hash": "9ee5586ab7da2279830bfb9feedad046d870db01", "bids": [{"price": "0.01", "size": "101.24"}, {"price": "0.02", "size": "24.37"}], "asks": [{"price": "0.99", "size": "100"}, {"price": "0.98", "size": "30.47"}], "event_type": "book", "last_trade_price": ""}, {"market": "0xf679ebd0b87afdacb34cbf87fb08d8002af2aafd95bef1a3e88632ad80d7811b", "asset_id": "14440306587437304401047480904016745772670356260631289434627265460450907933387", "timestamp": "1769383544673", "hash": "13079151d40dd219975f47f84c8a44159efd7b3b", "bids": [{"price": "0.01", "size": "100"}, {"price": "0.02", "size": "30.47"}], "asks": [{"price": "0.99", "size": "98.76"}, {"price": "0.98", "size": "25.62"}], "event_type": "book", "last_trade_price": ""}, {"market": "0x2b055146dd5a650d73f2c5274ad4e06609b17136e93d70211da0eee6e1c10aa9", "asset_id": "108030749391634756900105666506970864211785704005031050338027037223504488027908", "timestamp": "1769383465589", "hash": "1eee9bcc5e9f97ed95398c1179805117a129062d", "bids": [{"price": "0.01", "size": "455.17"}, {"price": "0.02", "size": "18.29"}, {"price": "0.05", "size": "1200"}, {"price": "0.08", "size": "500"}, {"price": "0.1", "size": "10"}, {"price": "0.11", "size": "5.29"}, {"price": "0.14", "size": "200"}, {"price": "0.4", "size": "337.5"}, {"price": "0.5", "size": "240"}, {"price": "0.55", "size": "54.54"}], "asks": [{"price": "0.99", "size": "97.36"}, {"price": "0.98", "size": "31.78"}, {"price": "0.9", "size": "8.88"}], "event_type": "book", "last_trade_price": "0.100"}, {"market": "0xa69161502d55a710a34a33adcc7894c9afad1ab8c45cecb7cebb1a144ae178fb", "asset_id": "35100134259846926191318590702437801797914293188307181073536668154149335533918", "timestamp": "1769383445632", "hash": "30ad4b6afa569dd26b91afe931f0b25fe8a58997", "bids": [{"price": "0.01", "size": "100"}, {"price": "0.02", "size": "30.47"}], "asks": [{"price": "0.99", "size": "101.24"}, {"price": "0.98", "size": "24.37"}], "event_type": "book", "last_trade_price": ""}, {"market": "0x200b9ce8f8214dd3db97a03ef2877f4bc70f24cb98da054e1823b0e7d69022f1", "asset_id": "80598875179834709431643932916375822393757992205182152193860046236434629141863", "timestamp": "1769383447949", "hash": "a3ddcbaff7a423d0d0e852b4e46c78ac7a4f56fb", "bids": [{"price": "0.01", "size": "100"}, {"price": "0.02", "size": "30.47"}], "asks": [{"price": "0.99", "size": "101.24"}, {"price": "0.98", "size": "24.37"}], "event_type": "book", "last_trade_price": ""}, {"market": "0xee71b9fa4404f0e2dd461377357287dfd8cd919a19a666e82270e0b6a7c53940", "asset_id": "93456235150010561397597448795072536663391266029479988941628401073991321866104", "timestamp": "1769383447948", "hash": "1e9d668a91eef85ca1e8c39788ce4eb44149a21a", "bids": [{"price": "0.01", "size": "101.24"}, {"price": "0.02", "size": "24.37"}], "asks": [{"price": "0.99", "size": "100"}, {"price": "0.98", "size": "30.47"}], "event_type": "book", "last_trade_price": ""}]}
