{"_local_timestamp": "2026-01-25T23:41:24.322360+00:00", "data": [{"market": "0xd301e5919f21ec6735f10d17e962ae2b467ee70985acd55a9c31a2b7f833759d", "asset_id": "70541255642759850330039636100567798651635896019687104441775363109023370334947", "timestamp": "1769384458001", "hash": "a6bc42c2b11905c7de00dc2755ab40d4f3b136c3", "bids": [{"price": "0.01", "size": "50"}, {"price": "0.02", "size": "5.47"}], "asks": [], "event_type": "book", "last_trade_price": "0.010"}, {"market": "0x5428692373a225173644659b4d7c539e828a0b1c446028f17b647bf0aed62ead", "asset_id": "101683630786790469641115480174404985949219138284947671510789845063782677535000", "timestamp": "1769384409405", "hash": "2e3de13a4cb4b7544c18edd12d699f7667fd6929", "bids": [{"price": "0.01", "size": "50"}, {"price": "0.02", "size": "5.47"}], "asks": [{"price": "0.99", "size": "50"}], "event_type": "book", "last_trade_price": ""}, {"market": "0x4c84dc6bc363f566e8657abd99fc81e26f78709b8638e5efcaf33f20e231f3be", "asset_id": "99293158484884571541046339764769758465264285056519217913205163608584907748320", "timestamp": "1769384409408", "hash": "3cbf9a2742a56ea15ffda10193be6feb0b0a20ad", "bids": [{"price": "0.01", "size": "50"}], "asks": [{"price": "0.99", "size": "50"}, {"price": "0.98", "size": "5.47"}], "event_type": "book", "last_trade_price": ""}, {"market": "0xf91ab5f47a64011b76685c63ce94f2ee1c4bd37fcf16a93cf7ca75bb1ee1414e", "asset_id": "56803589684369522591365626058511016615003331693393222931275174648285263432091", "timestamp": "1769384482166", "hash": "5b5b4880a864e9f6934166eb520cd1e005428817", "bids": [], "asks": [{"price": "0.99", "size": "50"}, {"price": "0.98", "size": "31.59"}, {"price": "0.94", "size": "5.47"}, {"price": "0.93", "size": "8.2"}], "event_type": "book", "last_trade_price": "0.010"}, {"market": "0xd301e5919f21ec6735f10d17e962ae2b467ee70985acd55a9c31a2b7f833759d", "asset_id": "73984809500054238658475954844541280272095974134905153992994362020521727632891", "timestamp": "1769384458001", "hash": "30529276f41fcf8a73818ca35fc7bd51195afa78", "bids": [], "asks": [{"price": "0.99", "size": "50"}, {"price": "0.98", "size": "5.47"}], "event_type": "book", "last_trade_price": "0.010"}, {"market": "0x363a67782275e652e4a8860998e8d3dd2b6981811f2be8039dc8714ea0b8b7e8", "asset_id": "110405963639149474316620826217476594085673404632330606101448769446172907829138", "timestamp": "1769384460384", "hash": "66ff0966fcea510b85793d2135ebf21d7b57b6c3", "bids": [], "asks": [{"price": "0.99", "size": "50"}, {"price": "0.98", "size": "5.47"}], "event_type": "book", "last_trade_price": "0.010"}, {"market": "0xf91ab5f47a64011b76685c63ce94f2ee1c4bd37fcf16a93cf7ca75bb1ee1414e", "asset_id": "55056055972887857572897303334203235098267407576751329565690481394992942425472", "timestamp": "1769384482166", "hash": "2592ff0508842154ea09e732656e1dc48a8a9140", "bids": [{"price": "0.01", "size": "50"}, {"price": "0.02", "size": "31.59"}, {"price": "0.06", "size": "5.47"}, {"price": "0.07", "size": "8.2"}], "asks": [], "event_type": "book", "last_trade_price": "0.010"}, {"market": "0x4eae059aab9605d011c97d7a819a1aea5628dc74496da72864a8db7a8ee83f2f", "asset_id": "94783140210253171550837681408678753998956684719662896803287482195742834650551", "timestamp": "1769384484000", "hash": "7512d8da4bfb20e76f07fff6aa7f02e35bc8eb6b", "bids": [{"price": "0.01", "size": "50"}, {"price": "0.1", "size": "10"}, {"price": "0.28", "size": "9.09"}], "asks": [{"price": "0.99", "size": "450"}, {"price": "0.95", "size": "1200"}, {"price": "0.9", "size": "510"}, {"price": "0.86", "size": "200"}, {"price": "0.6", "size": "337.5"}, {"price": "0.5", "size": "250"}, {"price": "0.45", "size": "49.54"}, {"price": "0.44", "size": "10"}], "event_type": "book", "last_trade_price": "0.550"}, {"market": "0x4c84dc6bc363f566e8657abd99fc81e26f78709b8638e5efcaf33f20e231f3be", "asset_id": "46864680455681036453870724534471847216476404968536154539783635058799092785123", "timestamp": "1769384409408", "hash": "37c6c9544eef48d6bc58878e61155560299b9cb8", "bids": [{"price": "0.01", "size": "50"}, {"price": "0.02", "size": "5.47"}], "asks": [{"price": "0.99", "size": "50"}], "event_type": "book", "last_trade_price": ""}, {"market": "0x49d225da9ff372bf3c1dcfd3b93703439045c5362b8f9a7902fe3f920f1d6fb9", "asset_id": "1924848470817059320551840545234024206746275704907178647613817821672752625202", "timestamp": "1769384409404", "hash": "04140883e409bf73492ddddefd2b9a74d5ff2343", "bids": [{"price": "0.01", "size": "50"}], "asks": [{"price": "0.99", "size": "50"}, {"price": "0.98", "size": "5.47"}], "event_type": "book", "last_trade_price": ""}, {"market": "0x5428692373a225173644659b4d7c539e828a0b1c446028f17b647bf0aed62ead", "asset_id": "33487759429565744197479460276553761819139515812807525954574522668958592971863", "timestamp": "1769384409405", "hash": "4477ce0a3d0e00dd7d6f5bac71b1d3f8251f3eaf", "bids": [{"price": "0.01", "size": "50"}], "asks": [{"price": "0.99", "size": "50"}, {"price": "0.98", "size": "5.47"}], "event_type": "book", "last_trade_price": ""}, {"market": "0x8ca1af3370c71ebdca4220f6b1fada69da35f619768afa2f4cbdd496f01be427", "asset_id": "39959181615084718337943920267318219891153527680275043466278453134479161123963", "timestamp": "1769384428430", "hash": "21c42dd7437dacaca4f3538c78038204068839aa", "bids": [], "asks": [{"price": "0.99", "size": "50"}, {"price": "0.98", "size": "5.47"}], "event_type": "book", "last_trade_price": "0.010"}, {"market": "0x363a67782275e652e4a8860998e8d3dd2b6981811f2be8039dc8714ea0b8b7e8", "asset_id": "74241082606540094201333381770908866193912078894761160768655177704088452780487", "timestamp": "1769384460384", "hash": "67ed2f7bc34dd3e38d5a9d14481a9945ea61eab8", "bids": [{"price": "0.01", "size": "50"}, {"price": "0.02", "size": "5.47"}], "asks": [], "event_type": "book", "last_trade_price": "0.010"}, {"market": "0x8ca1af3370c71ebdca4220f6b1fada69da35f619768afa2f4cbdd496f01be427", "asset_id": "10109308866419535510438671336357409704760407063588416804907029738617401025761", "timestamp": "1769384428430", "hash": "3fd559d9da1fb587a9275bc957e5485c1d336b5b", "bids": [{"price": "0.01", "size": "50"}, {"price": "0.02", "size": "5.47"}], "asks": [], "event_type": "book", "last_trade_price": "0.010"}, {"market": "0x49d225da9ff372bf3c1dcfd3b93703439045c5362b8f9a7902fe3f920f1d6fb9", "asset_id": "23269391379933801534431130129553468799532529309435988261804824352862846633811", "timestamp": "1769384409404", "hash": "598c75f71a4dd87440bc05ce66dacd2668213fa7", "bids": [{"price": "0.01", "size": "50"}, {"price": "0.02", "size": "5.47"}], "asks": [{"price": "0.99", "size": "50"}], "event_type": "book", "last_trade_price": ""}, {"market": "0xaaa63dd25dbfdf9acb7070d33709e216f4660e5fb597dc898968203abc233bec", "asset_id": "1351222802786881372199138861288697592253558774485427037984666968397259614722", "timestamp": "1769384409407", "hash": "a2b1259b1a0e322fc22a5755311c652baaa9e24a", "bids": [{"price": "0.01", "size": "50"}], "asks": [{"price": "0.99", "size": "50"}, {"price": "0.98", "size": "5.47"}], "event_type": "book", "last_trade_price": ""}, {"market": "0xaaa63dd25dbfdf9acb7070d33709e216f4660e5fb597dc898968203abc233bec", "asset_id": "49236695583509171442297458836544913090375083568548810591979643521484607419041", "timestamp": "1769384409407", "hash": "236e0204ee3dd3ee54f375fa02364d66884d8289", "bids": [{"price": "0.01", "size": "50"}, {"price": "0.02", "size": "5.47"}], "asks": [{"price": "0.99", "size": "50"}], "event_type": "book", "last_trade_price": ""}, {"market": "0x4eae059aab9605d011c97d7a819a1aea5628dc74496da72864a8db7a8ee83f2f", "asset_id": "81121118982140120518685180696544342882998930145563560164621715043753886103304", "timestamp": "1769384484000", "hash": "2ac513fbe3820b8fe6b7d0dc7e2e5bf1a42369ef", "bids": [{"price": "0.01", "size": "450"}, {"price": "0.05", "size": "1200"}, {"price": "0.1", "size": "510"}, {"price": "0.14", "size": "200"}, {"price": "0.4", "size": "337.5"}, {"price": "0.5", "size": "250"}, {"price": "0.55", "size": "49.54"}, {"price": "0.56", "size": "10"}], "asks": [{"price": "0.99", "size": "50"}, {"price": "0.9", "size": "10"}, {"price": "0.72", "size": "9.09"}], "event_type": "book", "last_trade_price": "0.550"}]}
{"_local_timestamp": "2026-01-25T23:41:25.254771+00:00", "data": {"market": "0xf91ab5f47a64011b76685c63ce94f2ee1c4bd37fcf16a93cf7ca75bb1ee1414e", "price_changes": [{"asset_id": "55056055972887857572897303334203235098267407576751329565690481394992942425472", "price": "0.06", "size": "0", "side": "BUY", "hash": "37790aa908e8699eb7e199c5b1f89f88aa34c9d6", "best_bid": "0.07", "best_ask": "1"}, {"asset_id": "56803589684369522591365626058511016615003331693393222931275174648285263432091", "price": "0.94", "size": "0", "side": "SELL", "hash": "6991318fa28e29f6be524408fd9c671f11bc5643", "best_bid": "0", "best_ask": "0.93"}], "timestamp": "1769384485181", "event_type": "price_change"}}
{"_local_timestamp": "2026-01-25T23:41:25.286361+00:00", "data": {"market": "0xf91ab5f47a64011b76685c63ce94f2ee1c4bd37fcf16a93cf7ca75bb1ee1414e", "price_changes": [{"asset_id": "55056055972887857572897303334203235098267407576751329565690481394992942425472", "price": "0.07", "size": "13.67", "side": "BUY", "hash": "774ece6d490c550c2e17a59d292d9a034a3d42d1", "best_bid": "0.07", "best_ask": "1"}, {"asset_id": "56803589684369522591365626058511016615003331693393222931275174648285263432091", "price": "0.93", "size": "13.67", "side": "SELL", "hash": "2d7ec4f687db12064f3af588a69350cfc7592176", "best_bid": "0", "best_ask": "0.93"}], "timestamp": "1769384485214", "event_type": "price_change"}}
{"_local_timestamp": "2026-01-25T23:41:25.687443+00:00", "data": {"market": "0xf91ab5f47a64011b76685c63ce94f2ee1c4bd37fcf16a93cf7ca75bb1ee1414e", "price_changes": [{"asset_id": "56803589684369522591365626058511016615003331693393222931275174648285263432091", "price": "0.93", "size": "5.47", "side": "SELL", "hash": "864d81c74438fa8f742bea841374279f46ecbb7d", "best_bid": "0", "best_ask": "0.93"}, {"asset_id": "55056055972887857572897303334203235098267407576751329565690481394992942425472", "price": "0.07", "size": "5.47", "side": "BUY", "hash": "2ef620b28e033d1a7edc9c09857be43254f289ec", "best_bid": "0.07", "best_ask": "1"}], "timestamp": "1769384485617", "event_type": "price_change"}}
{"_local_timestamp": "2026-01-25T23:41:26.028490+00:00", "data": {"market": "0xf91ab5f47a64011b76685c63ce94f2ee1c4bd37fcf16a93cf7ca75bb1ee1414e", "price_changes": [{"asset_id": "56803589684369522591365626058511016615003331693393222931275174648285263432091", "price": "0.92", "size": "8.2", "side": "SELL", "hash": "8eaac2927ffb075d59e88cdece13206789b40476", "best_bid": "0", "best_ask": "0.92"}, {"asset_id": "55056055972887857572897303334203235098267407576751329565690481394992942425472", "price": "0.08", "size": "8.2", "side": "BUY", "hash": "b2d12181d11acb442db5e0d72e8e355649c22a15", "best_bid": "0.08", "best_ask": "1"}], "timestamp": "1769384485955", "event_type": "price_change"}}
