{"_local_timestamp": "2026-01-25T23:41:24.249441+00:00", "data": [{"market": "0x660b786400b53ab142ce465f7d40861682844f010d2db59d3197f24f9a43eed0", "asset_id": "1994065635762562279813044254181763212172090554659940618791344507778753122792", "timestamp": "1769384408855", "hash": "e4d9f052ca5af818a0c9c62b7c6dae6c29ebf0c0", "bids": [{"price": "0.01", "size": "50"}, {"price": "0.02", "size": "5.47"}, {"price": "0.1", "size": "10"}], "asks": [{"price": "0.99", "size": "50"}, {"price": "0.9", "size": "10"}], "event_type": "book", "last_trade_price": ""}, {"market": "0x5a80292710a624a63a9e063146760b96485cfae63077ef6704c875c896e07d56", "asset_id": "89397858637476316467406570896792379261165342363086157529023852516301224410769", "timestamp": "1769384409404", "hash": "60f557f71182f13758fc46331ef49f7fec26cdbe", "bids": [{"price": "0.01", "size": "69.71"}, {"price": "0.02", "size": "9.37"}], "asks": [{"price": "0.99", "size": "50"}, {"price": "0.98", "size": "5.47"}], "event_type": "book", "last_trade_price": ""}, {"market": "0x833f372ca735efe91aad2d1b538501a0a5844bf5f13b15d3a028b6ff39378d91", "asset_id": "35525948450381237034299185428860134525287632537400249996788766532483422742309", "timestamp": "1769384409406", "hash": "e48018c1fefabc15da170ad9bd1fce2e28a92994", "bids": [{"price": "0.01", "size": "50"}], "asks": [{"price": "0.99", "size": "50"}, {"price": "0.98", "size": "5.47"}], "event_type": "book", "last_trade_price": ""}, {"market": "0x19506a711d44ae53d2fd5b3552d18cc622a105f5e82c6648822ffdb1429d90c7", "asset_id": "17431833640971784409375951862567865310170769886066257108148058443296466923714", "timestamp": "1769384409405", "hash": "a7cb818c3451a106e8d42be69a8d8db74129f3c8", "bids": [{"price": "0.01", "size": "50"}], "asks": [{"price": "0.99", "size": "50"}, {"price": "0.98", "size": "5.47"}], "event_type": "book", "last_trade_price": ""}, {"market": "0x660b786400b53ab142ce465f7d40861682844f010d2db59d3197f24f9a43eed0", "asset_id": "23617381183264984890408662985606069250771785941712763218988817701244397263598", "timestamp": "1769384408855", "hash": "ded423aadc1dc5ad9961d78149c879eb9b125ac4", "bids": [{"price": "0.01", "size": "50"}, {"price": "0.1", "size": "10"}], "asks": [{"price": "0.99", "size": "50"}, {"price": "0.98", "size": "5.47"}, {"price": "0.9", "size": "10"}], "event_type": "book", "last_trade_price": ""}, {"market": "0x833f372ca735efe91aad2d1b538501a0a5844bf5f13b15d3a028b6ff39378d91", "asset_id": "46447696173651096532051985690331509858619774303151455516752759476001701409644", "timestamp": "1769384409406", "hash": "4f18497b5ee55a72fea7c4d73ac733e77a053994", "bids": [{"price": "0.01", "size": "50"}, {"price": "0.02", "size": "5.47"}], "asks": [{"price": "0.99", "size": "50"}], "event_type": "book", "last_trade_price": ""}, {"market": "0x97c37d8defde3f306b489c4e542555db40118b6d0f40b44d992e7f3ce8cb5f5d", "asset_id": "43361858515679675683937417557933435333713295892917078250421936753414582705859", "timestamp": "1769384409408", "hash": "a08c8d7f510aab8b6bc9b538e5293d342c07832e", "bids": [{"price": "0.01", "size": "50"}, {"price": "0.02", "size": "5.47"}], "asks": [{"price": "0.99", "size": "50"}], "event_type": "book", "last_trade_price": ""}, {"market": "0x2e28304d1f344c8ec3ceaa78a55e2d1589e74489b4a9ad1798ed1a0d3a295421", "asset_id": "16880793648167293798299180041673187369370580012235773390856302217017904648318", "timestamp": "1769384409405", "hash": "46629aa7dcbb417cc182d90fd4295c42a7f523d5", "bids": [{"price": "0.01", "size": "50"}], "asks": [{"price": "0.99", "size": "50"}, {"price": "0.98", "size": "5.47"}], "event_type": "book", "last_trade_price": ""}, {"market": "0x19506a711d44ae53d2fd5b3552d18cc622a105f5e82c6648822ffdb1429d90c7", "asset_id": "53293640452039958716360096121171032741108296808743669871972169856056487959700", "timestamp": "1769384409405", "hash": "be3a8884cec8559bafb5612a75a83b7ffe26f024", "bids": [{"price": "0.01", "size": "50"}, {"price": "0.02", "size": "5.47"}], "asks": [{"price": "0.99", "size": "50"}], "event_type": "book", "last_trade_price": ""}, {"market": "0x107ca3931ba32534f3a3b290e8919c632bc3dc737a6a891e612b40095e5c565e", "asset_id": "2110037823134039730325440871214558050248285924240135801951567873139017379410", "timestamp": "1769384409407", "hash": "73bf2012e97b02ea05aa8ff8d314c46f0a34ded1", "bids": [{"price": "0.01", "size": "50"}, {"price": "0.02", "size": "5.47"}], "asks": [{"price": "0.99", "size": "50"}], "event_type": "book", "last_trade_price": ""}, {"market": "0x5a80292710a624a63a9e063146760b96485cfae63077ef6704c875c896e07d56", "asset_id": "54402370972687794973066272467382743399258058655513383568169383474321203965798", "timestamp": "1769384409404", "hash": "9e6f1803d349f2715f02a1152695249a5296873f", "bids": [{"price": "0.01", "size": "50"}, {"price": "0.02", "size": "5.47"}], "asks": [{"price": "0.99", "size": "69.71"}, {"price": "0.98", "size": "9.37"}], "event_type": "book", "last_trade_price": ""}, {"market": "0xf351ec7e40b8be36091b4fd6350882cbde4f6cbc0afac6532e9649f95169488b", "asset_id": "28078910883977409206215668105799429594122885184495151321271282226367265802072", "timestamp": "1769384409405", "hash": "4ece54cdebfa44872d79aa23f67f6bb625fd960e", "bids": [{"price": "0.01", "size": "50"}, {"price": "0.02", "size": "5.47"}], "asks": [{"price": "0.99", "size": "50"}], "event_type": "book", "last_trade_price": ""}, {"market": "0x5c9641800a569d926dfe3984f2d30b603bad88e6b06f644a423bc557d777638e", "asset_id": "75319708406852307999415019056405058834279849602757396681621841223290303245695", "timestamp": "1769384409406", "hash": "30c3b6c8d9727679acde19ee3fbb94b950816ecd", "bids": [{"price": "0.01", "size": "50"}], "asks": [{"price": "0.99", "size": "50"}, {"price": "0.98", "size": "5.47"}], "event_type": "book", "last_trade_price": ""}, {"market": "0x2e28304d1f344c8ec3ceaa78a55e2d1589e74489b4a9ad1798ed1a0d3a295421", "asset_id": "51645451042010328901778717754695147674073516811828732750165403840374303206955", "timestamp": "1769384409405", "hash": "b23423216eaae749be8eebb503ba880c6b518d54", "bids": [{"price": "0.01", "size": "50"}, {"price": "0.02", "size": "5.47"}], "asks": [{"price": "0.99", "size": "50"}], "event_type": "book", "last_trade_price": ""}, {"market": "0x5c9641800a569d926dfe3984f2d30b603bad88e6b06f644a423bc557d777638e", "asset_id": "64295682762741049954313862309660673493863153334753405792006979098146335626583", "timestamp": "1769384409406", "hash": "ce9bb379be85e715186c2f0ea5f991d2bc62ac3b", "bids": [{"price": "0.01", "size": "50"}, {"price": "0.02", "size": "5.47"}], "asks": [{"price": "0.99", "size": "50"}], "event_type": "book", "last_trade_price": ""}, {"market": "0x107ca3931ba32534f3a3b290e8919c632bc3dc737a6a891e612b40095e5c565e", "asset_id": "51157973854887365823734790917394446885521854263745264176387740310915370694105", "timestamp": "1769384409407", "hash": "1938dabb118d4a968a3455546af463c7252615fd", "bids": [{"price": "0.01", "size": "50"}], "asks": [{"price": "0.99", "size": "50"}, {"price": "0.98", "size": "5.47"}], "event_type": "book", "last_trade_price": ""}, {"market": "0xf351ec7e40b8be36091b4fd6350882cbde4f6cbc0afac6532e9649f95169488b", "asset_id": "112976968439395244857425643949125003915484385762156252844802600801823300897138", "timestamp": "1769384409405", "hash": "3a17614bede1cfd7a5ac0293f8cf3763d2d33025", "bids": [{"price": "0.01", "size": "50"}], "asks": [{"price": "0.99", "size": "50"}, {"price": "0.98", "size": "5.47"}], "event_type": "book", "last_trade_price": ""}, {"market": "0x97c37d8defde3f306b489c4e542555db40118b6d0f40b44d992e7f3ce8cb5f5d", "asset_id": "87270601101394440453245014517770392470702402958475050482506388153577097855279", "timestamp": "1769384409408", "hash": "2612f18685dfd710654d94e3cc8e7f4381c6b33b", "bids": [{"price": "0.01", "size": "50"}], "asks": [{"price": "0.99", "size": "50"}, {"price": "0.98", "size": "5.47"}], "event_type": "book", "last_trade_price": ""}]}
