{"_local_timestamp": "2026-01-25T23:41:15.281800+00:00", "data": [{"market": "0x74fc87e04bd4ae1b85bda587029a59a169707325a2dbd3b972517d4e10fd0269", "asset_id": "48392014676251991193123843994238661553149062210811998875684393414386858636995", "timestamp": "1769384474613", "hash": "a384073d236a6e81ebd9f0164903bb0170d4e60b", "bids": [{"price": "0.001", "size": "100029"}, {"price": "0.002", "size": "55000"}, {"price": "0.008", "size": "155"}, {"price": "0.01", "size": "17100"}, {"price": "0.011", "size": "55710"}, {"price": "0.02", "size": "1000"}, {"price": "0.031", "size": "10100"}, {"price": "0.04", "size": "2000"}, {"price": "0.06", "size": "5.47"}, {"price": "0.08", "size": "155"}, {"price": "0.097", "size": "100"}, {"price": "0.099", "size": "100"}, {"price": "0.1", "size": "500"}, {"price": "0.101", "size": "10000"}, {"price": "0.102", "size": "5000"}, {"price": "0.11", "size": "3000"}, {"price": "0.111", "size": "4500"}, {"price": "0.14", "size": "50"}, {"price": "0.2", "size": "200"}, {"price": "0.223", "size": "31"}, {"price": "0.27", "size": "200"}, {"price": "0.34", "size": "100"}, {"price": "0.47", "size": "100"}, {"price": "0.49", "size": "100"}, {"price": "0.497", "size": "100"}, {"price": "0.499", "size": "500"}, {"price": "0.5", "size": "640"}, {"price": "0.523", "size": "200"}, {"price": "0.723", "size": "126"}, {"price": "0.75", "size": "60"}, {"price": "0.767", "size": "60"}, {"price": "0.768", "size": "176"}, {"price": "0.769", "size": "60"}, {"price": "0.77", "size": "60"}, {"price": "0.823", "size": "204"}, {"price": "0.923", "size": "351"}, {"price": "0.924", "size": "144"}, {"price": "0.99", "size": "25"}, {"price": "0.991", "size": "500"}, {"price": "0.992", "size": "36.29"}, {"price": "0.993", "size": "10.47"}, {"price": "0.994", "size": "17.07"}, {"price": "0.999", "size": "88026.98"}], "asks": [], "event_type": "book", "last_trade_price": "0.001"}, {"market": "0x74fc87e04bd4ae1b85bda587029a59a169707325a2dbd3b972517d4e10fd0269", "asset_id": "82242414095510638766532800389388243947033505091781696693524002178349887333504", "timestamp": "1769384474613", "hash": "b7c227ec968c83f188ee888370176cb05c3dbac2", "bids": [], "asks": [{"price": "0.999", "size": "100029"}, {"price": "0.998", "size": "55000"}, {"price": "0.992", "size": "155"}, {"price": "0.99", "size": "17100"}, {"price": "0.989", "size": "55710"}, {"price": "0.98", "size": "1000"}, {"price": "0.969", "size": "10100"}, {"price": "0.96", "size": "2000"}, {"price": "0.94", "size": "5.47"}, {"price": "0.92", "size": "155"}, {"price": "0.903", "size": "100"}, {"price": "0.901", "size": "100"}, {"price": "0.9", "size": "500"}, {"price": "0.899", "size": "10000"}, {"price": "0.898", "size": "5000"}, {"price": "0.89", "size": "3000"}, {"price": "0.889", "size": "4500"}, {"price": "0.86", "size": "50"}, {"price": "0.8", "size": "200"}, {"price": "0.777", "size": "31"}, {"price": "0.73", "size": "200"}, {"price": "0.66", "size": "100"}, {"price": "0.53", "size": "100"}, {"price": "0.51", "size": "100"}, {"price": "0.503", "size": "100"}, {"price": "0.501", "size": "500"}, {"price": "0.5", "size": "640"}, {"price": "0.477", "size": "200"}, {"price": "0.277", "size": "126"}, {"price": "0.25", "size": "60"}, {"price": "0.233", "size": "60"}, {"price": "0.232", "size": "176"}, {"price": "0.231", "size": "60"}, {"price": "0.23", "size": "60"}, {"price": "0.177", "size": "204"}, {"price": "0.077", "size": "351"}, {"price": "0.076", "size": "144"}, {"price": "0.01", "size": "25"}, {"price": "0.009", "size": "500"}, {"price": "0.008", "size": "36.29"}, {"price": "0.007", "size": "10.47"}, {"price": "0.006", "size": "17.07"}, {"price": "0.001", "size": "88026.98"}], "event_type": "book", "last_trade_price": "0.001"}]}
{"_local_timestamp": "2026-01-25T23:41:15.645416+00:00", "data": {"market": "0x74fc87e04bd4ae1b85bda587029a59a169707325a2dbd3b972517d4e10fd0269", "price_changes": [{"asset_id": "82242414095510638766532800389388243947033505091781696693524002178349887333504", "price": "0.007", "size": "0", "side": "SELL", "hash": "e7f23c44742e13c32b1068844120d6a8c75f0e07", "best_bid": "0", "best_ask": "0.001"}, {"asset_id": "48392014676251991193123843994238661553149062210811998875684393414386858636995", "price": "0.993", "size": "0", "side": "BUY", "hash": "44e5c2ffe965624a08787e238cf65d24f9fe6c18", "best_bid": "0.999", "best_ask": "1"}], "timestamp": "1769384475575", "event_type": "price_change"}}
{"_local_timestamp": "2026-01-25T23:41:15.706046+00:00", "data": {"market": "0x74fc87e04bd4ae1b85bda587029a59a169707325a2dbd3b972517d4e10fd0269", "price_changes": [{"asset_id": "82242414095510638766532800389388243947033505091781696693524002178349887333504", "price": "0.005", "size": "10.47", "side": "SELL", "hash": "258b925f4bd1e12225c298d13bdf93fd4c8d3ab4", "best_bid": "0", "best_ask": "0.001"}, {"asset_id": "48392014676251991193123843994238661553149062210811998875684393414386858636995", "price": "0.995", "size": "10.47", "side": "BUY", "hash": "639cc331f19697a86d08cbd26b754a1dac6156fc", "best_bid": "0.999", "best_ask": "1"}], "timestamp": "1769384475631", "event_type": "price_change"}}
{"_local_timestamp": "2026-01-25T23:41:18.280353+00:00", "data": {"market": "0x74fc87e04bd4ae1b85bda587029a59a169707325a2dbd3b972517d4e10fd0269", "price_changes": [{"asset_id": "82242414095510638766532800389388243947033505091781696693524002178349887333504", "price": "0.006", "size": "8.53", "side": "SELL", "hash": "628ddb9172b5038a4dd3e1da99513383033493cb", "best_bid": "0", "best_ask": "0.001"}, {"asset_id": "48392014676251991193123843994238661553149062210811998875684393414386858636995", "price": "0.994", "size": "8.53", "side": "BUY", "hash": "75bc225873bf3ea325873b4d27a8a91c0053b093", "best_bid": "0.999", "best_ask": "1"}], "timestamp": "1769384478152", "event_type": "price_change"}}
{"_local_timestamp": "2026-01-25T23:41:18.573146+00:00", "data": {"market": "0x74fc87e04bd4ae1b85bda587029a59a169707325a2dbd3b972517d4e10fd0269", "price_changes": [{"asset_id": "82242414095510638766532800389388243947033505091781696693524002178349887333504", "price": "0.005", "size": "18.91", "side": "SELL", "hash": "258b12bf935c60f766050556e7080b548a0d3ad5", "best_bid": "0", "best_ask": "0.001"}, {"asset_id": "48392014676251991193123843994238661553149062210811998875684393414386858636995", "price": "0.995", "size": "18.91", "side": "BUY", "hash": "34c44a3bea91a90cdcdfc506dcfddcbfcae89e42", "best_bid": "0.999", "best_ask": "1"}], "timestamp": "1769384478503", "event_type": "price_change"}}
{"_local_timestamp": "2026-01-25T23:41:18.792338+00:00", "data": {"market": "0x74fc87e04bd4ae1b85bda587029a59a169707325a2dbd3b972517d4e10fd0269", "price_changes": [{"asset_id": "82242414095510638766532800389388243947033505091781696693524002178349887333504", "price": "0.005", "size": "8.44", "side": "SELL", "hash": "9916b609fc3ab6068a7aaa23267bceddd95c9110", "best_bid": "0", "best_ask": "0.001"}, {"asset_id": "48392014676251991193123843994238661553149062210811998875684393414386858636995", "price": "0.995", "size": "8.44", "side": "BUY", "hash": "f971eb890dd135ab5b8845513a457699f5971874", "best_bid": "0.999", "best_ask": "1"}], "timestamp": "1769384478709", "event_type": "price_change"}}
{"_local_timestamp": "2026-01-25T23:41:18.846359+00:00", "data": {"market": "0x74fc87e04bd4ae1b85bda587029a59a169707325a2dbd3b972517d4e10fd0269", "price_changes": [{"asset_id": "82242414095510638766532800389388243947033505091781696693524002178349887333504", "price": "0.004", "size": "10.47", "side": "SELL", "hash": "3d876918941e6988c89d0ae01a5240d69c4db844", "best_bid": "0", "best_ask": "0.001"}, {"asset_id": "48392014676251991193123843994238661553149062210811998875684393414386858636995", "price": "0.996", "size": "10.47", "side": "BUY", "hash": "0ef33aa3c9fa21c7bda74ddcca03effe8c45a0dd", "best_bid": "0.999", "best_ask": "1"}], "timestamp": "1769384478774", "event_type": "price_change"}}
{"_local_timestamp": "2026-01-25T23:41:19.065781+00:00", "data": {"market": "0x74fc87e04bd4ae1b85bda587029a59a169707325a2dbd3b972517d4e10fd0269", "price_changes": [{"asset_id": "82242414095510638766532800389388243947033505091781696693524002178349887333504", "price": "0.005", "size": "0", "side": "SELL", "hash": "2e9c8ef294448e90e4f0ac2e951d96de995c998c", "best_bid": "0", "best_ask": "0.001"}, {"asset_id": "48392014676251991193123843994238661553149062210811998875684393414386858636995", "price": "0.995", "size": "0", "side": "BUY", "hash": "69a3f89155157f72f8ee7a807b8556ae535b0ff8", "best_bid": "0.999", "best_ask": "1"}], "timestamp": "1769384478994", "event_type": "price_change"}}
{"_local_timestamp": "2026-01-25T23:41:19.067764+00:00", "data": {"market": "0x74fc87e04bd4ae1b85bda587029a59a169707325a2dbd3b972517d4e10fd0269", "price_changes": [{"asset_id": "82242414095510638766532800389388243947033505091781696693524002178349887333504", "price": "0.006", "size": "0", "side": "SELL", "hash": "2e9c8ef294448e90e4f0ac2e951d96de995c998c", "best_bid": "0", "best_ask": "0.001"}, {"asset_id": "48392014676251991193123843994238661553149062210811998875684393414386858636995", "price": "0.994", "size": "0", "side": "BUY", "hash": "69a3f89155157f72f8ee7a807b8556ae535b0ff8", "best_bid": "0.999", "best_ask": "1"}], "timestamp": "1769384478994", "event_type": "price_change"}}
{"_local_timestamp": "2026-01-25T23:41:19.371586+00:00", "data": {"market": "0x74fc87e04bd4ae1b85bda587029a59a169707325a2dbd3b972517d4e10fd0269", "price_changes": [{"asset_id": "82242414095510638766532800389388243947033505091781696693524002178349887333504", "price": "0.008", "size": "44.82", "side": "SELL", "hash": "f8667303749d61cc365761eb0d3165ed6e1b1928", "best_bid": "0", "best_ask": "0.001"}, {"asset_id": "48392014676251991193123843994238661553149062210811998875684393414386858636995", "price": "0.992", "size": "44.82", "side": "BUY", "hash": "1b5c825c52cb157d14a6a065d0533f098a986afd", "best_bid": "0.999", "best_ask": "1"}], "timestamp": "1769384479302", "event_type": "price_change"}}
{"_local_timestamp": "2026-01-25T23:41:19.372423+00:00", "data": {"market": "0x74fc87e04bd4ae1b85bda587029a59a169707325a2dbd3b972517d4e10fd0269", "price_changes": [{"asset_id": "82242414095510638766532800389388243947033505091781696693524002178349887333504", "price": "0.008", "size": "53.35", "side": "SELL", "hash": "b8b2848dbc8f169b253fc546ff2c6a20c4dae335", "best_bid": "0", "best_ask": "0.001"}, {"asset_id": "48392014676251991193123843994238661553149062210811998875684393414386858636995", "price": "0.992", "size": "53.35", "side": "BUY", "hash": "42a55ad2b639622984059427779f34453cdbdad4", "best_bid": "0.999", "best_ask": "1"}], "timestamp": "1769384479303", "event_type": "price_change"}}
{"_local_timestamp": "2026-01-25T23:41:20.377908+00:00", "data": {"market": "0x74fc87e04bd4ae1b85bda587029a59a169707325a2dbd3b972517d4e10fd0269", "price_changes": [{"asset_id": "82242414095510638766532800389388243947033505091781696693524002178349887333504", "price": "0.004", "size": "0", "side": "SELL", "hash": "157f17693f6bf442afded2f70f356db7c4d132f6", "best_bid": "0", "best_ask": "0.001"}, {"asset_id": "48392014676251991193123843994238661553149062210811998875684393414386858636995", "price": "0.996", "size": "0", "side": "BUY", "hash": "161e1ab3c5ae88e26720dfc0632fa6c7f64ea22d", "best_bid": "0.999", "best_ask": "1"}], "timestamp": "1769384480296", "event_type": "price_change"}}
{"_local_timestamp": "2026-01-25T23:41:20.426656+00:00", "data": {"market": "0x74fc87e04bd4ae1b85bda587029a59a169707325a2dbd3b972517d4e10fd0269", "price_changes": [{"asset_id": "82242414095510638766532800389388243947033505091781696693524002178349887333504", "price": "0.007", "size": "10.47", "side": "SELL", "hash": "bca6d06bca1e76a98c9863f586a269c49d72344c", "best_bid": "0", "best_ask": "0.001"}, {"asset_id": "48392014676251991193123843994238661553149062210811998875684393414386858636995", "price": "0.993", "size": "10.47", "side": "BUY", "hash": "6d1014fc78bddb3dd2be1201ce909276c6c14caa", "best_bid": "0.999", "best_ask": "1"}], "timestamp": "1769384480350", "event_type": "price_change"}}
{"_local_timestamp": "2026-01-25T23:41:20.741378+00:00", "data": {"market": "0x74fc87e04bd4ae1b85bda587029a59a169707325a2dbd3b972517d4e10fd0269", "price_changes": [{"asset_id": "82242414095510638766532800389388243947033505091781696693524002178349887333504", "price": "0.008", "size": "44.82", "side": "SELL", "hash": "fedc27654704248acafb792e364e2f2ef82f3d81", "best_bid": "0", "best_ask": "0.001"}, {"asset_id": "48392014676251991193123843994238661553149062210811998875684393414386858636995", "price": "0.992", "size": "44.82", "side": "BUY", "hash": "df83b6187ecfba5d32712bafa65af92528637120", "best_bid": "0.999", "best_ask": "1"}], "timestamp": "1769384480672", "event_type": "price_change"}}
{"_local_timestamp": "2026-01-25T23:41:21.133408+00:00", "data": {"market": "0x74fc87e04bd4ae1b85bda587029a59a169707325a2dbd3b972517d4e10fd0269", "price_changes": [{"asset_id": "82242414095510638766532800389388243947033505091781696693524002178349887333504", "price": "0.006", "size": "8.54", "side": "SELL", "hash": "71b27be2fc638efceeb51c79210d7b1452da3c8a", "best_bid": "0", "best_ask": "0.001"}, {"asset_id": "48392014676251991193123843994238661553149062210811998875684393414386858636995", "price": "0.994", "size": "8.54", "side": "BUY", "hash": "87935a49de3cbd2cb8e79f5f76632beeafafd11a", "best_bid": "0.999", "best_ask": "1"}], "timestamp": "1769384481014", "event_type": "price_change"}}
{"_local_timestamp": "2026-01-25T23:41:21.466348+00:00", "data": {"market": "0x74fc87e04bd4ae1b85bda587029a59a169707325a2dbd3b972517d4e10fd0269", "price_changes": [{"asset_id": "82242414095510638766532800389388243947033505091781696693524002178349887333504", "price": "0.008", "size": "36.29", "side": "SELL", "hash": "ce250393519a2e24844e807dda777f9f645b8801", "best_bid": "0", "best_ask": "0.001"}, {"asset_id": "48392014676251991193123843994238661553149062210811998875684393414386858636995", "price": "0.992", "size": "36.29", "side": "BUY", "hash": "4d5096abaf8830dfc70325219357c9a6b44ee877", "best_bid": "0.999", "best_ask": "1"}], "timestamp": "1769384481397", "event_type": "price_change"}}
{"_local_timestamp": "2026-01-25T23:41:21.865830+00:00", "data": {"market": "0x74fc87e04bd4ae1b85bda587029a59a169707325a2dbd3b972517d4e10fd0269", "price_changes": [{"asset_id": "82242414095510638766532800389388243947033505091781696693524002178349887333504", "price": "0.006", "size": "17.07", "side": "SELL", "hash": "52145627b2f69d80fbd48a6ec940d17de225fe46", "best_bid": "0", "best_ask": "0.001"}, {"asset_id": "48392014676251991193123843994238661553149062210811998875684393414386858636995", "price": "0.994", "size": "17.07", "side": "BUY", "hash": "1d1a8bca225bfb92282e754354e30298eda2e35c", "best_bid": "0.999", "best_ask": "1"}], "timestamp": "1769384481795", "event_type": "price_change"}}
{"_local_timestamp": "2026-01-25T23:41:22.007418+00:00", "data": {"market": "0x74fc87e04bd4ae1b85bda587029a59a169707325a2dbd3b972517d4e10fd0269", "price_changes": [{"asset_id": "82242414095510638766532800389388243947033505091781696693524002178349887333504", "price": "0.007", "size": "0", "side": "SELL", "hash": "878dcbac6a6097af95ee3060bb66e1b93338b1df", "best_bid": "0", "best_ask": "0.001"}, {"asset_id": "48392014676251991193123843994238661553149062210811998875684393414386858636995", "price": "0.993", "size": "0", "side": "BUY", "hash": "30f3040649a77d2afdd51e805d9ef11739f01a97", "best_bid": "0.999", "best_ask": "1"}], "timestamp": "1769384481933", "event_type": "price_change"}}
{"_local_timestamp": "2026-01-25T23:41:22.070300+00:00", "data": {"market": "0x74fc87e04bd4ae1b85bda587029a59a169707325a2dbd3b972517d4e10fd0269", "price_changes": [{"asset_id": "82242414095510638766532800389388243947033505091781696693524002178349887333504", "price": "0.005", "size": "10.47", "side": "SELL", "hash": "c3c9c75e4eb77abaaf70b809c852dada64d54ffb", "best_bid": "0", "best_ask": "0.001"}, {"asset_id": "48392014676251991193123843994238661553149062210811998875684393414386858636995", "price": "0.995", "size": "10.47", "side": "BUY", "hash": "1abf86746489a11c3c2711d6df35eb79192ae1c6", "best_bid": "0.999", "best_ask": "1"}], "timestamp": "1769384481993", "event_type": "price_change"}}
{"_local_timestamp": "2026-01-25T23:41:22.309696+00:00", "data": {"market": "0x74fc87e04bd4ae1b85bda587029a59a169707325a2dbd3b972517d4e10fd0269", "price_changes": [{"asset_id": "82242414095510638766532800389388243947033505091781696693524002178349887333504", "price": "0.006", "size": "8.53", "side": "SELL", "hash": "7758a3a4cdd316666dcecdacdcb5957d20a419f0", "best_bid": "0", "best_ask": "0.001"}, {"asset_id": "48392014676251991193123843994238661553149062210811998875684393414386858636995", "price": "0.994", "size": "8.53", "side": "BUY", "hash": "05768e5df43db2a8ebae3960ca7479bbc8561481", "best_bid": "0.999", "best_ask": "1"}], "timestamp": "1769384482219", "event_type": "price_change"}}
{"_local_timestamp": "2026-01-25T23:41:22.678195+00:00", "data": {"market": "0x74fc87e04bd4ae1b85bda587029a59a169707325a2dbd3b972517d4e10fd0269", "price_changes": [{"asset_id": "82242414095510638766532800389388243947033505091781696693524002178349887333504", "price": "0.008", "size": "44.83", "side": "SELL", "hash": "f4111dccc606c3fdb3809a5babcc9cfb7c7cf7fd", "best_bid": "0", "best_ask": "0.001"}, {"asset_id": "48392014676251991193123843994238661553149062210811998875684393414386858636995", "price": "0.992", "size": "44.83", "side": "BUY", "hash": "470070a9c41a6aa0924fde9f9f351f474db24376", "best_bid": "0.999", "best_ask": "1"}], "timestamp": "1769384482604", "event_type": "price_change"}}
{"_local_timestamp": "2026-01-25T23:41:23.160578+00:00", "data": {"market": "0x74fc87e04bd4ae1b85bda587029a59a169707325a2dbd3b972517d4e10fd0269", "price_changes": [{"asset_id": "82242414095510638766532800389388243947033505091781696693524002178349887333504", "price": "0.006", "size": "0", "side": "SELL", "hash": "f64e5494545b96a33eecdf88bd4622bff37c9eb9", "best_bid": "0", "best_ask": "0.001"}, {"asset_id": "48392014676251991193123843994238661553149062210811998875684393414386858636995", "price": "0.994", "size": "0", "side": "BUY", "hash": "40ba085b717c4f964a47f3ac8e4ee6dca8c4c354", "best_bid": "0.999", "best_ask": "1"}], "timestamp": "1769384483066", "event_type": "price_change"}}
{"_local_timestamp": "2026-01-25T23:41:23.420193+00:00", "data": {"market": "0x74fc87e04bd4ae1b85bda587029a59a169707325a2dbd3b972517d4e10fd0269", "price_changes": [{"asset_id": "82242414095510638766532800389388243947033505091781696693524002178349887333504", "price": "0.008", "size": "53.36", "side": "SELL", "hash": "a8586dbf1ce87babed39d253c2d69f65b1805138", "best_bid": "0", "best_ask": "0.001"}, {"asset_id": "48392014676251991193123843994238661553149062210811998875684393414386858636995", "price": "0.992", "size": "53.36", "side": "BUY", "hash": "a7d4a07913bcd7ef6e7711377dce6869f5948ef4", "best_bid": "0.999", "best_ask": "1"}], "timestamp": "1769384483351", "event_type": "price_change"}}
{"_local_timestamp": "2026-01-25T23:41:23.563282+00:00", "data": {"market": "0x74fc87e04bd4ae1b85bda587029a59a169707325a2dbd3b972517d4e10fd0269", "price_changes": [{"asset_id": "82242414095510638766532800389388243947033505091781696693524002178349887333504", "price": "0.005", "size": "0", "side": "SELL", "hash": "86a9225db7fee64e97682f50b707cf221425e734", "best_bid": "0", "best_ask": "0.001"}, {"asset_id": "48392014676251991193123843994238661553149062210811998875684393414386858636995", "price": "0.995", "size": "0", "side": "BUY", "hash": "1a1e5b78e4d672ea435e9d2e5daa2364179ada36", "best_bid": "0.999", "best_ask": "1"}], "timestamp": "1769384483491", "event_type": "price_change"}}
{"_local_timestamp": "2026-01-25T23:41:23.631451+00:00", "data": {"market": "0x74fc87e04bd4ae1b85bda587029a59a169707325a2dbd3b972517d4e10fd0269", "price_changes": [{"asset_id": "82242414095510638766532800389388243947033505091781696693524002178349887333504", "price": "0.007", "size": "10.47", "side": "SELL", "hash": "b39f2bf31ca2a60f49433a8e0899be694805bf8b", "best_bid": "0", "best_ask": "0.001"}, {"asset_id": "48392014676251991193123843994238661553149062210811998875684393414386858636995", "price": "0.993", "size": "10.47", "side": "BUY", "hash": "8c44e1349bc619e280fb883fa4755d3997844a07", "best_bid": "0.999", "best_ask": "1"}], "timestamp": "1769384483562", "event_type": "price_change"}}
{"_local_timestamp": "2026-01-25T23:41:23.989109+00:00", "data": {"market": "0x74fc87e04bd4ae1b85bda587029a59a169707325a2dbd3b972517d4e10fd0269", "price_changes": [{"asset_id": "82242414095510638766532800389388243947033505091781696693524002178349887333504", "price": "0.008", "size": "44.82", "side": "SELL", "hash": "e31ae47bf3657351fd7993953fb52b046f50cacb", "best_bid": "0", "best_ask": "0.001"}, {"asset_id": "48392014676251991193123843994238661553149062210811998875684393414386858636995", "price": "0.992", "size": "44.82", "side": "BUY", "hash": "339335118e4830040039a1570c9d51b36ad47cc9", "best_bid": "0.999", "best_ask": "1"}], "timestamp": "1769384483897", "event_type": "price_change"}}
{"_local_timestamp": "2026-01-25T23:41:24.351942+00:00", "data": {"market": "0x74fc87e04bd4ae1b85bda587029a59a169707325a2dbd3b972517d4e10fd0269", "price_changes": [{"asset_id": "82242414095510638766532800389388243947033505091781696693524002178349887333504", "price": "0.006", "size": "8.54", "side": "SELL", "hash": "4eb6cff019bca712d9da97be0203af7ac3acbb97", "best_bid": "0", "best_ask": "0.001"}, {"asset_id": "48392014676251991193123843994238661553149062210811998875684393414386858636995", "price": "0.994", "size": "8.54", "side": "BUY", "hash": "d08a49fcf010d1da748f93c3a9e2eb4a715c4f6d", "best_bid": "0.999", "best_ask": "1"}], "timestamp": "1769384484280", "event_type": "price_change"}}
