{"_local_timestamp": "2026-01-25T23:41:29.406656+00:00", "data": [{"market": "0x39b2190f9a08874e7800574e30d3a963090318d5d4f9e589e867722513498531", "asset_id": "53085424400061117369927852036410822607477461388450142238926927494695115626810", "timestamp": "1769384409406", "hash": "269e3610024076a259006714416c35ef270e6e52", "bids": [{"price": "0.01", "size": "50"}], "asks": [{"price": "0.99", "size": "50"}, {"price": "0.98", "size": "5.47"}], "event_type": "book", "last_trade_price": ""}, {"market": "0xfbf27083b84f1824b29e8f5afe786c3c6ad3d766bd4580424cb8d8c833815ba9", "asset_id": "19864501160281053296082833823065592064660925505547106154816463054949716019005", "timestamp": "1769384409405", "hash": "807ce24ed384c6cfb87b96f233e682cf9c6cf044", "bids": [{"price": "0.01", "size": "101.24"}], "asks": [{"price": "0.99", "size": "50"}, {"price": "0.98", "size": "5.47"}], "event_type": "book", "last_trade_price": ""}, {"market": "0xd1b2766ddd988c2e04d83d749b139872d12a218821a12742a316a0b76d9e2540", "asset_id": "54469540323909609857196568777618938140305568672603377494921341830999467275340", "timestamp": "1769384409406", "hash": "eba05a1b3afd01a6f65d8554de1ed3490b37986d", "bids": [{"price": "0.01", "size": "50"}, {"price": "0.02", "size": "5.47"}], "asks": [{"price": "0.99", "size": "50"}], "event_type": "book", "last_trade_price": ""}, {"market": "0xd1b2766ddd988c2e04d83d749b139872d12a218821a12742a316a0b76d9e2540", "asset_id": "70598239479206490664118223665216553171843987094853876956973730918578900562375", "timestamp": "1769384409406", "hash": "e28584e992da11cb0c3b8c0563034615aad5e5b5", "bids": [{"price": "0.01", "size": "50"}], "asks": [{"price": "0.99", "size": "50"}, {"price": "0.98", "size": "5.47"}], "event_type": "book", "last_trade_price": ""}, {"market": "0x460f292edba8ee5233b8bb08d7e03e7a50e68229b77841d65069049ffcaef5f1", "asset_id": "59807678095582324292339066919001767136398105988453695790815948259520062135068", "timestamp": "1769384409406", "hash": "d59d9f5ad695795261b4901f2e0ce1fe37ac73b7", "bids": [{"price": "0.01", "size": "50"}], "asks": [{"price": "0.99", "size": "50"}, {"price": "0.98", "size": "5.47"}], "event_type": "book", "last_trade_price": ""}, {"market": "0x58552a8dbbcd6ccf604c78dc463122bee580dadc8dc9ac2f164a4e0b7da365c5", "asset_id": "110169538868592726195468284522175238983044138949889243731346038706756893278761", "timestamp": "1769384409408", "hash": "ca5517f4f6a1c20ec8ad5a10598bd6bd2954e665", "bids": [{"price": "0.01", "size": "50"}, {"price": "0.02", "size": "5.47"}, {"price": "0.1", "size": "6.66"}], "asks": [{"price": "0.99", "size": "50"}, {"price": "0.9", "size": "10"}], "event_type": "book", "last_trade_price": "0.100"}, {"market": "0x65331a6a7c861029bbb146655c1af522822ef78ea1e542828abe41e04d9a7251", "asset_id": "93518340218328479139949198209019808299922831960600764761340124296415245741031", "timestamp": "1769384409405", "hash": "1fafce824e4efbd8e5a89650cf82e91002181fa9", "bids": [{"price": "0.01", "size": "50"}, {"price": "0.02", "size": "5.47"}], "asks": [{"price": "0.99", "size": "50"}], "event_type": "book", "last_trade_price": ""}, {"market": "0x807f5798d0b4b94f6d7bf02b996927a49878179d8a56a9b29298ec3c54b66cb8", "asset_id": "10021633002561884985841775403507980534425059336357582347401692875039904083030", "timestamp": "1769384409405", "hash": "b6d06d5e36771e46096e8f7c2e7b186a3cd97ae6", "bids": [{"price": "0.01", "size": "50"}], "asks": [{"price": "0.99", "size": "50"}, {"price": "0.98", "size": "5.47"}], "event_type": "book", "last_trade_price": ""}, {"market": "0x58552a8dbbcd6ccf604c78dc463122bee580dadc8dc9ac2f164a4e0b7da365c5", "asset_id": "76543430392498853667667409239154885346419499688106101965340867863106516443608", "timestamp": "1769384409408", "hash": "6cd789a34d1948572d27544aad7f14ca1c82738e", "bids": [{"price": "0.01", "size": "50"}, {"price": "0.1", "size": "10"}], "asks": [{"price": "0.99", "size": "50"}, {"price": "0.98", "size": "5.47"}, {"price": "0.9", "size": "6.66"}], "event_type": "book", "last_trade_price": "0.100"}, {"market": "0x1ad1b756b5b776e4e30886a3bd83cae4b1d665ceb54647c7f0d54da28bb32bb9", "asset_id": "59450797210012521025644100101285001150737642889143740264754445107151726831103", "timestamp": "1769384409404", "hash": "78e461fc6002bece9850e61f9762c5594b840aac", "bids": [{"price": "0.01", "size": "50"}, {"price": "0.02", "size": "5.47"}], "asks": [{"price": "0.99", "size": "101.24"}], "event_type": "book", "last_trade_price": ""}, {"market": "0x8ca346645751ae9f11cbb37669e6145a18916da76c1b0215e92f559f4fd6fbdb", "asset_id": "91281323312986111957452772787773097344674829580504138254377084083901326879443", "timestamp": "1769384408853", "hash": "8e4fee3186316c58f5449a2b5abd7e8fd6ce336a", "bids": [{"price": "0.01", "size": "50"}, {"price": "0.02", "size": "5.47"}], "asks": [{"price": "0.99", "size": "50"}], "event_type": "book", "last_trade_price": ""}, {"market": "0x807f5798d0b4b94f6d7bf02b996927a49878179d8a56a9b29298ec3c54b66cb8", "asset_id": "80039958454863122371575239724091487707897106902987478581766769827553497145148", "timestamp": "1769384409405", "hash": "421013cb11c8e6b3c1eb56c3c757ab16d0179ae6", "bids": [{"price": "0.01", "size": "50"}, {"price": "0.02", "size": "5.47"}], "asks": [{"price": "0.99", "size": "50"}], "event_type": "book", "last_trade_price": ""}, {"market": "0xfbf27083b84f1824b29e8f5afe786c3c6ad3d766bd4580424cb8d8c833815ba9", "asset_id": "104275207102840843458208752294938412029030828493902897355215730435950797119812", "timestamp": "1769384409405", "hash": "f93aa7eb05b94723c0310df9495e9d1af49479c7", "bids": [{"price": "0.01", "size": "50"}, {"price": "0.02", "size": "5.47"}], "asks": [{"price": "0.99", "size": "101.24"}], "event_type": "book", "last_trade_price": ""}, {"market": "0x65331a6a7c861029bbb146655c1af522822ef78ea1e542828abe41e04d9a7251", "asset_id": "11792144760975353778486916080951688000866453458178911904188782810418445476643", "timestamp": "1769384409405", "hash": "27b967bb310df28f7aeae18e847e2b122a4b466a", "bids": [{"price": "0.01", "size": "50"}], "asks": [{"price": "0.99", "size": "50"}, {"price": "0.98", "size": "5.47"}], "event_type": "book", "last_trade_price": ""}, {"market": "0x1ad1b756b5b776e4e30886a3bd83cae4b1d665ceb54647c7f0d54da28bb32bb9", "asset_id": "25861529320342057878976369579647159037087867198456905058327612575572147355534", "timestamp": "1769384409405", "hash": "b4acb77e31e987069020052150a3b383d91bb85c", "bids": [{"price": "0.01", "size": "50"}], "asks": [{"price": "0.99", "size": "50"}, {"price": "0.98", "size": "5.47"}], "event_type": "book", "last_trade_price": ""}, {"market": "0x460f292edba8ee5233b8bb08d7e03e7a50e68229b77841d65069049ffcaef5f1", "asset_id": "21911782582388859918232344579535805729662678180863563348534061456249490601924", "timestamp": "1769384409406", "hash": "39165c47abf751accb59a477d356dceec8a770cf", "bids": [{"price": "0.01", "size": "50"}, {"price": "0.02", "size": "5.47"}], "asks": [{"price": "0.99", "size": "50"}], "event_type": "book", "last_trade_price": ""}, {"market": "0x8ca346645751ae9f11cbb37669e6145a18916da76c1b0215e92f559f4fd6fbdb", "asset_id": "82036972424401581876454283007485463504101089847613159029269648773720025907161", "timestamp": "1769384408853", "hash": "98b2f512e972d606a3f240168e8261905e4be5b7", "bids": [{"price": "0.01", "size": "50"}], "asks": [{"price": "0.99", "size": "50"}, {"price": "0.98", "size": "5.47"}], "event_type": "book", "last_trade_price": ""}, {"market": "0x39b2190f9a08874e7800574e30d3a963090318d5d4f9e589e867722513498531", "asset_id": "37909698528263791900023516917134335415980356008713529685550243445779351821496", "timestamp": "1769384409406", "hash": "05e3361e3fd752dd1a65aad0b26bb35349040d46", "bids": [{"price": "0.01", "size": "50"}, {"price": "0.02", "size": "5.47"}], "asks": [{"price": "0.99", "size": "50"}], "event_type": "book", "last_trade_price": ""}]}
