{"_local_timestamp": "2026-01-25T23:41:15.281800+00:00", "data": [{"market": "0x74fc87e04bd4ae1b85bda587029a59a169707325a2dbd3b972517d4e10fd0269", "asset_id": "48392014676251991193123843994238661553149062210811998875684393414386858636995", "timestamp": "1769384474613", "hash": "a384073d236a6e81ebd9f0164903bb0170d4e60b", "bids": [{"price": "0.001", "size": "100029"}, {"price": "0.002", "size": "55000"}, {"price": "0.008", "size": "155"}, {"price": "0.01", "size": "17100"}, {"price": "0.011", "size": "55710"}, {"price": "0.02", "size": "1000"}, {"price": "0.031", "size": "10100"}, {"price": "0.04", "size": "2000"}, {"price": "0.06", "size": "5.47"}, {"price": "0.08", "size": "155"}, {"price": "0.097", "size": "100"}, {"price": "0.099", "size": "100"}, {"price": "0.1", "size": "500"}, {"price": "0.101", "size": "10000"}, {"price": "0.102", "size": "5000"}, {"price": "0.11", "size": "3000"}, {"price": "0.111", "size": "4500"}, {"price": "0.14", "size": "50"}, {"price": "0.2", "size": "200"}, {"price": "0.223", "size": "31"}, {"price": "0.27", "size": "200"}, {"price": "0.34", "size": "100"}, {"price": "0.47", "size": "100"}, {"price": "0.49", "size": "100"}, {"price": "0.497", "size": "100"}, {"price": "0.499", "size": "500"}, {"price": "0.5", "size": "640"}, {"price": "0.523", "size": "200"}, {"price": "0.723", "size": "126"}, {"price": "0.75", "size": "60"}, {"price": "0.767", "size": "60"}, {"price": "0.768", "size": "176"}, {"price": "0.769", "size": "60"}, {"price": "0.77", "size": "60"}, {"price": "0.823", "size": "204"}, {"price": "0.923", "size": "351"}, {"price": "0.924", "size": "144"}, {"price": "0.99", "size": "25"}, {"price": "0.991", "size": "500"}, {"price": "0.992", "size": "36.29"}, {"price": "0.993", "size": "10.47"}, {"price": "0.994", "size": "17.07"}, {"price": "0.999", "size": "88026.98"}], "asks": [], "event_type": "book", "last_trade_price": "0.001"}, {"market": "0x74fc87e04bd4ae1b85bda587029a59a169707325a2dbd3b972517d4e10fd0269", "asset_id": "82242414095510638766532800389388243947033505091781696693524002178349887333504", "timestamp": "1769384474613", "hash": "b7c227ec968c83f188ee888370176cb05c3dbac2", "bids": [], "asks": [{"price": "0.999", "size": "100029"}, {"price": "0.998", "size": "55000"}, {"price": "0.992", "size": "155"}, {"price": "0.99", "size": "17100"}, {"price": "0.989", "size": "55710"}, {"price": "0.98", "size": "1000"}, {"price": "0.969", "size": "10100"}, {"price": "0.96", "size": "2000"}, {"price": "0.94", "size": "5.47"}, {"price": "0.92", "size": "155"}, {"price": "0.903", "size": "100"}, {"price": "0.901", "size": "100"}, {"price": "0.9", "size": "500"}, {"price": "0.899", "size": "10000"}, {"price": "0.898", "size": "5000"}, {"price": "0.89", "size": "3000"}, {"price": "0.889", "size": "4500"}, {"price": "0.86", "size": "50"}, {"price": "0.8", "size": "200"}, {"price": "0.777", "size": "31"}, {"price": "0.73", "size": "200"}, {"price": "0.66", "size": "100"}, {"price": "0.53", "size": "100"}, {"price": "0.51", "size": "100"}, {"price": "0.503", "size": "100"}, {"price": "0.501", "size": "500"}, {"price": "0.5", "size": "640"}, {"price": "0.477", "size": "200"}, {"price": "0.277", "size": "126"}, {"price": "0.25", "size": "60"}, {"price": "0.233", "size": "60"}, {"price": "0.232", "size": "176"}, {"price": "0.231", "size": "60"}, {"price": "0.23", "size": "60"}, {"price": "0.177", "size": "204"}, {"price": "0.077", "size": "351"}, {"price": "0.076", "size": "144"}, {"price": "0.01", "size": "25"}, {"price": "0.009", "size": "500"}, {"price": "0.008", "size": "36.29"}, {"price": "0.007", "size": "10.47"}, {"price": "0.006", "size": "17.07"}, {"price": "0.001", "size": "88026.98"}], "event_type": "book", "last_trade_price": "0.001"}]}
{"_local_timestamp": "2026-01-25T23:41:15.645416+00:00", "data": {"market": "0x74fc87e04bd4ae1b85bda587029a59a169707325a2dbd3b972517d4e10fd0269", "price_changes": [{"asset_id": "82242414095510638766532800389388243947033505091781696693524002178349887333504", "price": "0.007", "size": "0", "side": "SELL", "hash": "e7f23c44742e13c32b1068844120d6a8c75f0e07", "best_bid": "0", "best_ask": "0.001"}, {"asset_id": "48392014676251991193123843994238661553149062210811998875684393414386858636995", "price": "0.993", "size": "0", "side": "BUY", "hash": "44e5c2ffe965624a08787e238cf65d24f9fe6c18", "best_bid": "0.999", "best_ask": "1"}], "timestamp": "1769384475575", "event_type": "price_change"}}
{"_local_timestamp": "2026-01-25T23:41:15.706046+00:00", "data": {"market": "0x74fc87e04bd4ae1b85bda587029a59a169707325a2dbd3b972517d4e10fd0269", "price_changes": [{"asset_id": "82242414095510638766532800389388243947033505091781696693524002178349887333504", "price": "0.005", "size": "10.47", "side": "SELL", "hash": "258b925f4bd1e12225c298d13bdf93fd4c8d3ab4", "best_bid": "0", "best_ask": "0.001"}, {"asset_id": "48392014676251991193123843994238661553149062210811998875684393414386858636995", "price": "0.995", "size": "10.47", "side": "BUY", "hash": "639cc331f19697a86d08cbd26b754a1dac6156fc", "best_bid": "0.999", "best_ask": "1"}], "timestamp": "1769384475631", "event_type": "price_change"}}
{"_local_timestamp": "2026-01-25T23:41:18.280353+00:00", "data": {"market": "0x74fc87e04bd4ae1b85bda587029a59a169707325a2dbd3b972517d4e10fd0269", "price_changes": [{"asset_id": "82242414095510638766532800389388243947033505091781696693524002178349887333504", "price": "0.006", "size": "8.53", "side": "SELL", "hash": "628ddb9172b5038a4dd3e1da99513383033493cb", "best_bid": "0", "best_ask": "0.001"}, {"asset_id": "48392014676251991193123843994238661553149062210811998875684393414386858636995", "price": "0.994", "size": "8.53", "side": "BUY", "hash": "75bc225873bf3ea325873b4d27a8a91c0053b093", "best_bid": "0.999", "best_ask": "1"}], "timestamp": "1769384478152", "event_type": "price_change"}}
{"_local_timestamp": "2026-01-25T23:41:18.573146+00:00", "data": {"market": "0x74fc87e04bd4ae1b85bda587029a59a169707325a2dbd3b972517d4e10fd0269", "price_changes": [{"asset_id": "82242414095510638766532800389388243947033505091781696693524002178349887333504", "price": "0.005", "size": "18.91", "side": "SELL", "hash": "258b12bf935c60f766050556e7080b548a0d3ad5", "best_bid": "0", "best_ask": "0.001"}, {"asset_id": "48392014676251991193123843994238661553149062210811998875684393414386858636995", "price": "0.995", "size": "18.91", "side": "BUY", "hash": "34c44a3bea91a90cdcdfc506dcfddcbfcae89e42", "best_bid": "0.999", "best_ask": "1"}], "timestamp": "1769384478503", "event_type": "price_change"}}
{"_local_timestamp": "2026-01-25T23:41:18.792338+00:00", "data": {"market": "0x74fc87e04bd4ae1b85bda587029a59a169707325a2dbd3b972517d4e10fd0269", "price_changes": [{"asset_id": "82242414095510638766532800389388243947033505091781696693524002178349887333504", "price": "0.005", "size": "8.44", "side": "SELL", "hash": "9916b609fc3ab6068a7aaa23267bceddd95c9110", "best_bid": "0", "best_ask": "0.001"}, {"asset_id": "48392014676251991193123843994238661553149062210811998875684393414386858636995", "price": "0.995", "size": "8.44", "side": "BUY", "hash": "f971eb890dd135ab5b8845513a457699f5971874", "best_bid": "0.999", "best_ask": "1"}], "timestamp": "1769384478709", "event_type": "price_change"}}
{"_local_timestamp": "2026-01-25T23:41:18.846359+00:00", "data": {"market": "0x74fc87e04bd4ae1b85bda587029a59a169707325a2dbd3b972517d4e10fd0269", "price_changes": [{"asset_id": "82242414095510638766532800389388243947033505091781696693524002178349887333504", "price": "0.004", "size": "10.47", "side": "SELL", "hash": "3d876918941e6988c89d0ae01a5240d69c4db844", "best_bid": "0", "best_ask": "0.001"}, {"asset_id": "48392014676251991193123843994238661553149062210811998875684393414386858636995", "price": "0.996", "size": "10.47", "side": "BUY", "hash": "0ef33aa3c9fa21c7bda74ddcca03effe8c45a0dd", "best_bid": "0.999", "best_ask": "1"}], "timestamp": "1769384478774", "event_type": "price_change"}}
{"_local_timestamp": "2026-01-25T23:41:19.065781+00:00", "data": {"market": "0x74fc87e04bd4ae1b85bda587029a59a169707325a2dbd3b972517d4e10fd0269", "price_changes": [{"asset_id": "82242414095510638766532800389388243947033505091781696693524002178349887333504", "price": "0.005", "size": "0", "side": "SELL", "hash": "2e9c8ef294448e90e4f0ac2e951d96de995c998c", "best_bid": "0", "best_ask": "0.001"}, {"asset_id": "48392014676251991193123843994238661553149062210811998875684393414386858636995", "price": "0.995", "size": "0", "side": "BUY", "hash": "69a3f89155157f72f8ee7a807b8556ae535b0ff8", "best_bid": "0.999", "best_ask": "1"}], "timestamp": "1769384478994", "event_type": "price_change"}}
{"_local_timestamp": "2026-01-25T23:41:19.067764+00:00", "data": {"market": "0x74fc87e04bd4ae1b85bda587029a59a169707325a2dbd3b972517d4e10fd0269", "price_changes": [{"asset_id": "82242414095510638766532800389388243947033505091781696693524002178349887333504", "price": "0.006", "size": "0", "side": "SELL", "hash": "2e9c8ef294448e90e4f0ac2e951d96de995c998c", "best_bid": "0", "best_ask": "0.001"}, {"asset_id": "48392014676251991193123843994238661553149062210811998875684393414386858636995", "price": "0.994", "size": "0", "side": "BUY", "hash": "69a3f89155157f72f8ee7a807b8556ae535b0ff8", "best_bid": "0.999", "best_ask": "1"}], "timestamp": "1769384478994", "event_type": "price_change"}}
{"_local_timestamp": "2026-01-25T23:41:19.371586+00:00", "data": {"market": "0x74fc87e04bd4ae1b85bda587029a59a169707325a2dbd3b972517d4e10fd0269", "price_changes": [{"asset_id": "82242414095510638766532800389388243947033505091781696693524002178349887333504", "price": "0.008", "size": "44.82", "side": "SELL", "hash": "f8667303749d61cc365761eb0d3165ed6e1b1928", "best_bid": "0", "best_ask": "0.001"}, {"asset_id": "48392014676251991193123843994238661553149062210811998875684393414386858636995", "price": "0.992", "size": "44.82", "side": "BUY", "hash": "1b5c825c52cb157d14a6a065d0533f098a986afd", "best_bid": "0.999", "best_ask": "1"}], "timestamp": "1769384479302", "event_type": "price_change"}}
{"_local_timestamp": "2026-01-25T23:41:19.372423+00:00", "data": {"market": "0x74fc87e04bd4ae1b85bda587029a59a169707325a2dbd3b972517d4e10fd0269", "price_changes": [{"asset_id": "82242414095510638766532800389388243947033505091781696693524002178349887333504", "price": "0.008", "size": "53.35", "side": "SELL", "hash": "b8b2848dbc8f169b253fc546ff2c6a20c4dae335", "best_bid": "0", "best_ask": "0.001"}, {"asset_id": "48392014676251991193123843994238661553149062210811998875684393414386858636995", "price": "0.992", "size": "53.35", "side": "BUY", "hash": "42a55ad2b639622984059427779f34453cdbdad4", "best_bid": "0.999", "best_ask": "1"}], "timestamp": "1769384479303", "event_type": "price_change"}}
{"_local_timestamp": "2026-01-25T23:41:20.377908+00:00", "data": {"market": "0x74fc87e04bd4ae1b85bda587029a59a169707325a2dbd3b972517d4e10fd0269", "price_changes": [{"asset_id": "82242414095510638766532800389388243947033505091781696693524002178349887333504", "price": "0.004", "size": "0", "side": "SELL", "hash": "157f17693f6bf442afded2f70f356db7c4d132f6", "best_bid": "0", "best_ask": "0.001"}, {"asset_id": "48392014676251991193123843994238661553149062210811998875684393414386858636995", "price": "0.996", "size": "0", "side": "BUY", "hash": "161e1ab3c5ae88e26720dfc0632fa6c7f64ea22d", "best_bid": "0.999", "best_ask": "1"}], "timestamp": "1769384480296", "event_type": "price_change"}}
{"_local_timestamp": "2026-01-25T23:41:20.426656+00:00", "data": {"market": "0x74fc87e04bd4ae1b85bda587029a59a169707325a2dbd3b972517d4e10fd0269", "price_changes": [{"asset_id": "82242414095510638766532800389388243947033505091781696693524002178349887333504", "price": "0.007", "size": "10.47", "side": "SELL", "hash": "bca6d06bca1e76a98c9863f586a269c49d72344c", "best_bid": "0", "best_ask": "0.001"}, {"asset_id": "48392014676251991193123843994238661553149062210811998875684393414386858636995", "price": "0.993", "size": "10.47", "side": "BUY", "hash": "6d1014fc78bddb3dd2be1201ce909276c6c14caa", "best_bid": "0.999", "best_ask": "1"}], "timestamp": "1769384480350", "event_type": "price_change"}}
{"_local_timestamp": "2026-01-25T23:41:20.741378+00:00", "data": {"market": "0x74fc87e04bd4ae1b85bda587029a59a169707325a2dbd3b972517d4e10fd0269", "price_changes": [{"asset_id": "82242414095510638766532800389388243947033505091781696693524002178349887333504", "price": "0.008", "size": "44.82", "side": "SELL", "hash": "fedc27654704248acafb792e364e2f2ef82f3d81", "best_bid": "0", "best_ask": "0.001"}, {"asset_id": "48392014676251991193123843994238661553149062210811998875684393414386858636995", "price": "0.992", "size": "44.82", "side": "BUY", "hash": "df83b6187ecfba5d32712bafa65af92528637120", "best_bid": "0.999", "best_ask": "1"}], "timestamp": "1769384480672", "event_type": "price_change"}}
{"_local_timestamp": "2026-01-25T23:41:21.133408+00:00", "data": {"market": "0x74fc87e04bd4ae1b85bda587029a59a169707325a2dbd3b972517d4e10fd0269", "price_changes": [{"asset_id": "82242414095510638766532800389388243947033505091781696693524002178349887333504", "price": "0.006", "size": "8.54", "side": "SELL", "hash": "71b27be2fc638efceeb51c79210d7b1452da3c8a", "best_bid": "0", "best_ask": "0.001"}, {"asset_id": "48392014676251991193123843994238661553149062210811998875684393414386858636995", "price": "0.994", "size": "8.54", "side": "BUY", "hash": "87935a49de3cbd2cb8e79f5f76632beeafafd11a", "best_bid": "0.999", "best_ask": "1"}], "timestamp": "1769384481014", "event_type": "price_change"}}
{"_local_timestamp": "2026-01-25T23:41:21.466348+00:00", "data": {"market": "0x74fc87e04bd4ae1b85bda587029a59a169707325a2dbd3b972517d4e10fd0269", "price_changes": [{"asset_id": "82242414095510638766532800389388243947033505091781696693524002178349887333504", "price": "0.008", "size": "36.29", "side": "SELL", "hash": "ce250393519a2e24844e807dda777f9f645b8801", "best_bid": "0", "best_ask": "0.001"}, {"asset_id": "48392014676251991193123843994238661553149062210811998875684393414386858636995", "price": "0.992", "size": "36.29", "side": "BUY", "hash": "4d5096abaf8830dfc70325219357c9a6b44ee877", "best_bid": "0.999", "best_ask": "1"}], "timestamp": "1769384481397", "event_type": "price_change"}}
{"_local_timestamp": "2026-01-25T23:41:21.865830+00:00", "data": {"market": "0x74fc87e04bd4ae1b85bda587029a59a169707325a2dbd3b972517d4e10fd0269", "price_changes": [{"asset_id": "82242414095510638766532800389388243947033505091781696693524002178349887333504", "price": "0.006", "size": "17.07", "side": "SELL", "hash": "52145627b2f69d80fbd48a6ec940d17de225fe46", "best_bid": "0", "best_ask": "0.001"}, {"asset_id": "48392014676251991193123843994238661553149062210811998875684393414386858636995", "price": "0.994", "size": "17.07", "side": "BUY", "hash": "1d1a8bca225bfb92282e754354e30298eda2e35c", "best_bid": "0.999", "best_ask": "1"}], "timestamp": "1769384481795", "event_type": "price_change"}}
{"_local_timestamp": "2026-01-25T23:41:22.007418+00:00", "data": {"market": "0x74fc87e04bd4ae1b85bda587029a59a169707325a2dbd3b972517d4e10fd0269", "price_changes": [{"asset_id": "82242414095510638766532800389388243947033505091781696693524002178349887333504", "price": "0.007", "size": "0", "side": "SELL", "hash": "878dcbac6a6097af95ee3060bb66e1b93338b1df", "best_bid": "0", "best_ask": "0.001"}, {"asset_id": "48392014676251991193123843994238661553149062210811998875684393414386858636995", "price": "0.993", "size": "0", "side": "BUY", "hash": "30f3040649a77d2afdd51e805d9ef11739f01a97", "best_bid": "0.999", "best_ask": "1"}], "timestamp": "1769384481933", "event_type": "price_change"}}
{"_local_timestamp": "2026-01-25T23:41:22.070300+00:00", "data": {"market": "0x74fc87e04bd4ae1b85bda587029a59a169707325a2dbd3b972517d4e10fd0269", "price_changes": [{"asset_id": "82242414095510638766532800389388243947033505091781696693524002178349887333504", "price": "0.005", "size": "10.47", "side": "SELL", "hash": "c3c9c75e4eb77abaaf70b809c852dada64d54ffb", "best_bid": "0", "best_ask": "0.001"}, {"asset_id": "48392014676251991193123843994238661553149062210811998875684393414386858636995", "price": "0.995", "size": "10.47", "side": "BUY", "hash": "1abf86746489a11c3c2711d6df35eb79192ae1c6", "best_bid": "0.999", "best_ask": "1"}], "timestamp": "1769384481993", "event_type": "price_change"}}
{"_local_timestamp": "2026-01-25T23:41:22.309696+00:00", "data": {"market": "0x74fc87e04bd4ae1b85bda587029a59a169707325a2dbd3b972517d4e10fd0269", "price_changes": [{"asset_id": "82242414095510638766532800389388243947033505091781696693524002178349887333504", "price": "0.006", "size": "8.53", "side": "SELL", "hash": "7758a3a4cdd316666dcecdacdcb5957d20a419f0", "best_bid": "0", "best_ask": "0.001"}, {"asset_id": "48392014676251991193123843994238661553149062210811998875684393414386858636995", "price": "0.994", "size": "8.53", "side": "BUY", "hash": "05768e5df43db2a8ebae3960ca7479bbc8561481", "best_bid": "0.999", "best_ask": "1"}], "timestamp": "1769384482219", "event_type": "price_change"}}
{"_local_timestamp": "2026-01-25T23:41:22.678195+00:00", "data": {"market": "0x74fc87e04bd4ae1b85bda587029a59a169707325a2dbd3b972517d4e10fd0269", "price_changes": [{"asset_id": "82242414095510638766532800389388243947033505091781696693524002178349887333504", "price": "0.008", "size": "44.83", "side": "SELL", "hash": "f4111dccc606c3fdb3809a5babcc9cfb7c7cf7fd", "best_bid": "0", "best_ask": "0.001"}, {"asset_id": "48392014676251991193123843994238661553149062210811998875684393414386858636995", "price": "0.992", "size": "44.83", "side": "BUY", "hash": "470070a9c41a6aa0924fde9f9f351f474db24376", "best_bid": "0.999", "best_ask": "1"}], "timestamp": "1769384482604", "event_type": "price_change"}}
{"_local_timestamp": "2026-01-25T23:41:23.160578+00:00", "data": {"market": "0x74fc87e04bd4ae1b85bda587029a59a169707325a2dbd3b972517d4e10fd0269", "price_changes": [{"asset_id": "82242414095510638766532800389388243947033505091781696693524002178349887333504", "price": "0.006", "size": "0", "side": "SELL", "hash": "f64e5494545b96a33eecdf88bd4622bff37c9eb9", "best_bid": "0", "best_ask": "0.001"}, {"asset_id": "48392014676251991193123843994238661553149062210811998875684393414386858636995", "price": "0.994", "size": "0", "side": "BUY", "hash": "40ba085b717c4f964a47f3ac8e4ee6dca8c4c354", "best_bid": "0.999", "best_ask": "1"}], "timestamp": "1769384483066", "event_type": "price_change"}}
{"_local_timestamp": "2026-01-25T23:41:23.420193+00:00", "data": {"market": "0x74fc87e04bd4ae1b85bda587029a59a169707325a2dbd3b972517d4e10fd0269", "price_changes": [{"asset_id": "82242414095510638766532800389388243947033505091781696693524002178349887333504", "price": "0.008", "size": "53.36", "side": "SELL", "hash": "a8586dbf1ce87babed39d253c2d69f65b1805138", "best_bid": "0", "best_ask": "0.001"}, {"asset_id": "48392014676251991193123843994238661553149062210811998875684393414386858636995", "price": "0.992", "size": "53.36", "side": "BUY", "hash": "a7d4a07913bcd7ef6e7711377dce6869f5948ef4", "best_bid": "0.999", "best_ask": "1"}], "timestamp": "1769384483351", "event_type": "price_change"}}
{"_local_timestamp": "2026-01-25T23:41:23.563282+00:00", "data": {"market": "0x74fc87e04bd4ae1b85bda587029a59a169707325a2dbd3b972517d4e10fd0269", "price_changes": [{"asset_id": "82242414095510638766532800389388243947033505091781696693524002178349887333504", "price": "0.005", "size": "0", "side": "SELL", "hash": "86a9225db7fee64e97682f50b707cf221425e734", "best_bid": "0", "best_ask": "0.001"}, {"asset_id": "48392014676251991193123843994238661553149062210811998875684393414386858636995", "price": "0.995", "size": "0", "side": "BUY", "hash": "1a1e5b78e4d672ea435e9d2e5daa2364179ada36", "best_bid": "0.999", "best_ask": "1"}], "timestamp": "1769384483491", "event_type": "price_change"}}
{"_local_timestamp": "2026-01-25T23:41:23.631451+00:00", "data": {"market": "0x74fc87e04bd4ae1b85bda587029a59a169707325a2dbd3b972517d4e10fd0269", "price_changes": [{"asset_id": "82242414095510638766532800389388243947033505091781696693524002178349887333504", "price": "0.007", "size": "10.47", "side": "SELL", "hash": "b39f2bf31ca2a60f49433a8e0899be694805bf8b", "best_bid": "0", "best_ask": "0.001"}, {"asset_id": "48392014676251991193123843994238661553149062210811998875684393414386858636995", "price": "0.993", "size": "10.47", "side": "BUY", "hash": "8c44e1349bc619e280fb883fa4755d3997844a07", "best_bid": "0.999", "best_ask": "1"}], "timestamp": "1769384483562", "event_type": "price_change"}}
{"_local_timestamp": "2026-01-25T23:41:23.989109+00:00", "data": {"market": "0x74fc87e04bd4ae1b85bda587029a59a169707325a2dbd3b972517d4e10fd0269", "price_changes": [{"asset_id": "82242414095510638766532800389388243947033505091781696693524002178349887333504", "price": "0.008", "size": "44.82", "side": "SELL", "hash": "e31ae47bf3657351fd7993953fb52b046f50cacb", "best_bid": "0", "best_ask": "0.001"}, {"asset_id": "48392014676251991193123843994238661553149062210811998875684393414386858636995", "price": "0.992", "size": "44.82", "side": "BUY", "hash": "339335118e4830040039a1570c9d51b36ad47cc9", "best_bid": "0.999", "best_ask": "1"}], "timestamp": "1769384483897", "event_type": "price_change"}}
{"_local_timestamp": "2026-01-25T23:41:24.351942+00:00", "data": {"market": "0x74fc87e04bd4ae1b85bda587029a59a169707325a2dbd3b972517d4e10fd0269", "price_changes": [{"asset_id": "82242414095510638766532800389388243947033505091781696693524002178349887333504", "price": "0.006", "size": "8.54", "side": "SELL", "hash": "4eb6cff019bca712d9da97be0203af7ac3acbb97", "best_bid": "0", "best_ask": "0.001"}, {"asset_id": "48392014676251991193123843994238661553149062210811998875684393414386858636995", "price": "0.994", "size": "8.54", "side": "BUY", "hash": "d08a49fcf010d1da748f93c3a9e2eb4a715c4f6d", "best_bid": "0.999", "best_ask": "1"}], "timestamp": "1769384484280", "event_type": "price_change"}}
{"_local_timestamp": "2026-01-25T23:41:24.844698+00:00", "data": {"market": "0x74fc87e04bd4ae1b85bda587029a59a169707325a2dbd3b972517d4e10fd0269", "price_changes": [{"asset_id": "82242414095510638766532800389388243947033505091781696693524002178349887333504", "price": "0.008", "size": "36.29", "side": "SELL", "hash": "d210f9fa6b89e1fb63d54effe8121334a81f6807", "best_bid": "0", "best_ask": "0.001"}, {"asset_id": "48392014676251991193123843994238661553149062210811998875684393414386858636995", "price": "0.992", "size": "36.29", "side": "BUY", "hash": "cd0445469a6fdf46adf3ce89cb39529ca6ca253c", "best_bid": "0.999", "best_ask": "1"}], "timestamp": "1769384484771", "event_type": "price_change"}}
{"_local_timestamp": "2026-01-25T23:41:24.957503+00:00", "data": {"market": "0x74fc87e04bd4ae1b85bda587029a59a169707325a2dbd3b972517d4e10fd0269", "price_changes": [{"asset_id": "82242414095510638766532800389388243947033505091781696693524002178349887333504", "price": "0.007", "size": "0", "side": "SELL", "hash": "9b9a888d5afb80a5a018512acf05c58e51a29718", "best_bid": "0", "best_ask": "0.001"}, {"asset_id": "48392014676251991193123843994238661553149062210811998875684393414386858636995", "price": "0.993", "size": "0", "side": "BUY", "hash": "138fe3494a8f4e7e31228e311d377e2f6a7d12d4", "best_bid": "0.999", "best_ask": "1"}], "timestamp": "1769384484889", "event_type": "price_change"}}
{"_local_timestamp": "2026-01-25T23:41:25.007649+00:00", "data": {"market": "0x74fc87e04bd4ae1b85bda587029a59a169707325a2dbd3b972517d4e10fd0269", "price_changes": [{"asset_id": "82242414095510638766532800389388243947033505091781696693524002178349887333504", "price": "0.005", "size": "10.47", "side": "SELL", "hash": "a25f6d8845af13a8dd1e2dacf0e1340a09eb53da", "best_bid": "0", "best_ask": "0.001"}, {"asset_id": "48392014676251991193123843994238661553149062210811998875684393414386858636995", "price": "0.995", "size": "10.47", "side": "BUY", "hash": "823fd3eb5f32bf9890f4864b6b0e114d40784a82", "best_bid": "0.999", "best_ask": "1"}], "timestamp": "1769384484938", "event_type": "price_change"}}
{"_local_timestamp": "2026-01-25T23:41:25.121198+00:00", "data": {"market": "0x74fc87e04bd4ae1b85bda587029a59a169707325a2dbd3b972517d4e10fd0269", "price_changes": [{"asset_id": "82242414095510638766532800389388243947033505091781696693524002178349887333504", "price": "0.006", "size": "17.07", "side": "SELL", "hash": "55f73cb111da10c94393da1f5c25815b53f4e9a9", "best_bid": "0", "best_ask": "0.001"}, {"asset_id": "48392014676251991193123843994238661553149062210811998875684393414386858636995", "price": "0.994", "size": "17.07", "side": "BUY", "hash": "6a957df449e1489a7f1bd06c6ed83de21f263a65", "best_bid": "0.999", "best_ask": "1"}], "timestamp": "1769384485055", "event_type": "price_change"}}
{"_local_timestamp": "2026-01-25T23:41:25.687456+00:00", "data": {"market": "0x74fc87e04bd4ae1b85bda587029a59a169707325a2dbd3b972517d4e10fd0269", "price_changes": [{"asset_id": "82242414095510638766532800389388243947033505091781696693524002178349887333504", "price": "0.006", "size": "8.53", "side": "SELL", "hash": "f57ba29edbc2f05c7d409d61d0841ca9c5aa6bb6", "best_bid": "0", "best_ask": "0.001"}, {"asset_id": "48392014676251991193123843994238661553149062210811998875684393414386858636995", "price": "0.994", "size": "8.53", "side": "BUY", "hash": "537f95b7d7fe7d610eb5e893e48a65623665310b", "best_bid": "0.999", "best_ask": "1"}], "timestamp": "1769384485617", "event_type": "price_change"}}
{"_local_timestamp": "2026-01-25T23:41:26.021908+00:00", "data": {"market": "0x74fc87e04bd4ae1b85bda587029a59a169707325a2dbd3b972517d4e10fd0269", "price_changes": [{"asset_id": "82242414095510638766532800389388243947033505091781696693524002178349887333504", "price": "0.008", "size": "44.83", "side": "SELL", "hash": "db40c142b3871d6a082cc130b416dba5f327d94f", "best_bid": "0", "best_ask": "0.001"}, {"asset_id": "48392014676251991193123843994238661553149062210811998875684393414386858636995", "price": "0.992", "size": "44.83", "side": "BUY", "hash": "d651c9c20f6bab69c40861925fda668d0f5928df", "best_bid": "0.999", "best_ask": "1"}], "timestamp": "1769384485955", "event_type": "price_change"}}
{"_local_timestamp": "2026-01-25T23:41:26.573789+00:00", "data": {"market": "0x74fc87e04bd4ae1b85bda587029a59a169707325a2dbd3b972517d4e10fd0269", "price_changes": [{"asset_id": "82242414095510638766532800389388243947033505091781696693524002178349887333504", "price": "0.006", "size": "0", "side": "SELL", "hash": "0b6e38911e677b60e618237ae03963c3ea75a37e", "best_bid": "0", "best_ask": "0.001"}, {"asset_id": "48392014676251991193123843994238661553149062210811998875684393414386858636995", "price": "0.994", "size": "0", "side": "BUY", "hash": "245afeefb479fbe441cb2d88e72896bf92b03ffa", "best_bid": "0.999", "best_ask": "1"}], "timestamp": "1769384486466", "event_type": "price_change"}}
{"_local_timestamp": "2026-01-25T23:41:26.809902+00:00", "data": {"market": "0x74fc87e04bd4ae1b85bda587029a59a169707325a2dbd3b972517d4e10fd0269", "price_changes": [{"asset_id": "82242414095510638766532800389388243947033505091781696693524002178349887333504", "price": "0.008", "size": "53.36", "side": "SELL", "hash": "4516dd1951be35b0481b3f01d23449cc0cf090ca", "best_bid": "0", "best_ask": "0.001"}, {"asset_id": "48392014676251991193123843994238661553149062210811998875684393414386858636995", "price": "0.992", "size": "53.36", "side": "BUY", "hash": "710c9b56d872f08b6b875c82e65ed28604a25b9f", "best_bid": "0.999", "best_ask": "1"}], "timestamp": "1769384486692", "event_type": "price_change"}}
{"_local_timestamp": "2026-01-25T23:41:27.838548+00:00", "data": {"market": "0x74fc87e04bd4ae1b85bda587029a59a169707325a2dbd3b972517d4e10fd0269", "price_changes": [{"asset_id": "82242414095510638766532800389388243947033505091781696693524002178349887333504", "price": "0.005", "size": "0", "side": "SELL", "hash": "71dbf4b69d2f166ee5f4f7c9ff7a62e76fc710fe", "best_bid": "0", "best_ask": "0.001"}, {"asset_id": "48392014676251991193123843994238661553149062210811998875684393414386858636995", "price": "0.995", "size": "0", "side": "BUY", "hash": "b4aaf6eb50ad57ee2dec0bafb06586aa646b80f7", "best_bid": "0.999", "best_ask": "1"}], "timestamp": "1769384487760", "event_type": "price_change"}}
{"_local_timestamp": "2026-01-25T23:41:27.890098+00:00", "data": {"market": "0x74fc87e04bd4ae1b85bda587029a59a169707325a2dbd3b972517d4e10fd0269", "price_changes": [{"asset_id": "82242414095510638766532800389388243947033505091781696693524002178349887333504", "price": "0.007", "size": "10.47", "side": "SELL", "hash": "3a8c9014b3c247d7a892ba67de92d00185a29d29", "best_bid": "0", "best_ask": "0.001"}, {"asset_id": "48392014676251991193123843994238661553149062210811998875684393414386858636995", "price": "0.993", "size": "10.47", "side": "BUY", "hash": "25c81484ee4b26d8de3afdc3a1d15f5fe8a0f447", "best_bid": "0.999", "best_ask": "1"}], "timestamp": "1769384487815", "event_type": "price_change"}}
{"_local_timestamp": "2026-01-25T23:41:28.115039+00:00", "data": {"market": "0x74fc87e04bd4ae1b85bda587029a59a169707325a2dbd3b972517d4e10fd0269", "price_changes": [{"asset_id": "82242414095510638766532800389388243947033505091781696693524002178349887333504", "price": "0.008", "size": "44.82", "side": "SELL", "hash": "692f32eb1e9c6cd47df8f4f512b70e22cee8151e", "best_bid": "0", "best_ask": "0.001"}, {"asset_id": "48392014676251991193123843994238661553149062210811998875684393414386858636995", "price": "0.992", "size": "44.82", "side": "BUY", "hash": "630b17f561e21d6af07fbece9d2b562cbc957cc5", "best_bid": "0.999", "best_ask": "1"}], "timestamp": "1769384488028", "event_type": "price_change"}}
{"_local_timestamp": "2026-01-25T23:41:28.385456+00:00", "data": {"market": "0x74fc87e04bd4ae1b85bda587029a59a169707325a2dbd3b972517d4e10fd0269", "price_changes": [{"asset_id": "82242414095510638766532800389388243947033505091781696693524002178349887333504", "price": "0.006", "size": "8.54", "side": "SELL", "hash": "96f29720a527dbb8527c0684e7c53ca535bf2185", "best_bid": "0", "best_ask": "0.001"}, {"asset_id": "48392014676251991193123843994238661553149062210811998875684393414386858636995", "price": "0.994", "size": "8.54", "side": "BUY", "hash": "c7effd616606adf7cb6271a3858e88b94a1e30db", "best_bid": "0.999", "best_ask": "1"}], "timestamp": "1769384488311", "event_type": "price_change"}}
{"_local_timestamp": "2026-01-25T23:41:28.954813+00:00", "data": {"market": "0x74fc87e04bd4ae1b85bda587029a59a169707325a2dbd3b972517d4e10fd0269", "price_changes": [{"asset_id": "82242414095510638766532800389388243947033505091781696693524002178349887333504", "price": "0.008", "size": "36.29", "side": "SELL", "hash": "70074c9dc85ff6058433d5a9de6a4252b7684b97", "best_bid": "0", "best_ask": "0.001"}, {"asset_id": "48392014676251991193123843994238661553149062210811998875684393414386858636995", "price": "0.992", "size": "36.29", "side": "BUY", "hash": "f11174ad4d46ab0284feb9ff88fb72ce9e842869", "best_bid": "0.999", "best_ask": "1"}], "timestamp": "1769384488878", "event_type": "price_change"}}
{"_local_timestamp": "2026-01-25T23:41:29.395359+00:00", "data": {"market": "0x74fc87e04bd4ae1b85bda587029a59a169707325a2dbd3b972517d4e10fd0269", "price_changes": [{"asset_id": "82242414095510638766532800389388243947033505091781696693524002178349887333504", "price": "0.006", "size": "17.07", "side": "SELL", "hash": "0508e03181d35b89ae2a0fbf9016068e5a65acba", "best_bid": "0", "best_ask": "0.001"}, {"asset_id": "48392014676251991193123843994238661553149062210811998875684393414386858636995", "price": "0.994", "size": "17.07", "side": "BUY", "hash": "73044ff2657e6ba8f4bac07d63401823b1c478e0", "best_bid": "0.999", "best_ask": "1"}], "timestamp": "1769384489323", "event_type": "price_change"}}
{"_local_timestamp": "2026-01-25T23:41:29.447174+00:00", "data": {"market": "0x74fc87e04bd4ae1b85bda587029a59a169707325a2dbd3b972517d4e10fd0269", "price_changes": [{"asset_id": "82242414095510638766532800389388243947033505091781696693524002178349887333504", "price": "0.007", "size": "0", "side": "SELL", "hash": "28264677a2987185e0f1a9ad462acf5c4a3bbf91", "best_bid": "0", "best_ask": "0.001"}, {"asset_id": "48392014676251991193123843994238661553149062210811998875684393414386858636995", "price": "0.993", "size": "0", "side": "BUY", "hash": "84412865010352405329edb33b849f94813ff3e1", "best_bid": "0.999", "best_ask": "1"}], "timestamp": "1769384489373", "event_type": "price_change"}}
{"_local_timestamp": "2026-01-25T23:41:29.491874+00:00", "data": {"market": "0x74fc87e04bd4ae1b85bda587029a59a169707325a2dbd3b972517d4e10fd0269", "price_changes": [{"asset_id": "82242414095510638766532800389388243947033505091781696693524002178349887333504", "price": "0.005", "size": "10.47", "side": "SELL", "hash": "a456e94f2e0cf9b0bce3cf701a27adc420da6acf", "best_bid": "0", "best_ask": "0.001"}, {"asset_id": "48392014676251991193123843994238661553149062210811998875684393414386858636995", "price": "0.995", "size": "10.47", "side": "BUY", "hash": "63aaa7867a5c0fcbe088045a349dbad4c1bddf57", "best_bid": "0.999", "best_ask": "1"}], "timestamp": "1769384489422", "event_type": "price_change"}}
{"_local_timestamp": "2026-01-25T23:41:29.954820+00:00", "data": {"market": "0x74fc87e04bd4ae1b85bda587029a59a169707325a2dbd3b972517d4e10fd0269", "price_changes": [{"asset_id": "82242414095510638766532800389388243947033505091781696693524002178349887333504", "price": "0.006", "size": "8.53", "side": "SELL", "hash": "79886ed6d4b6b5881ea14de4523b8be1beeed1c6", "best_bid": "0", "best_ask": "0.001"}, {"asset_id": "48392014676251991193123843994238661553149062210811998875684393414386858636995", "price": "0.994", "size": "8.53", "side": "BUY", "hash": "feae2ff24a9733f8a448a3d2f05f786b6cb2bd86", "best_bid": "0.999", "best_ask": "1"}], "timestamp": "1769384489878", "event_type": "price_change"}}
{"_local_timestamp": "2026-01-25T23:41:30.290979+00:00", "data": {"market": "0x74fc87e04bd4ae1b85bda587029a59a169707325a2dbd3b972517d4e10fd0269", "price_changes": [{"asset_id": "82242414095510638766532800389388243947033505091781696693524002178349887333504", "price": "0.008", "size": "44.83", "side": "SELL", "hash": "bff8e46ecf4216eafb98acf94abfd2320491b904", "best_bid": "0", "best_ask": "0.001"}, {"asset_id": "48392014676251991193123843994238661553149062210811998875684393414386858636995", "price": "0.992", "size": "44.83", "side": "BUY", "hash": "f1029a2aa97dd68a473bfa266d388a3e1dfc1617", "best_bid": "0.999", "best_ask": "1"}], "timestamp": "1769384490218", "event_type": "price_change"}}
{"_local_timestamp": "2026-01-25T23:41:30.786396+00:00", "data": {"market": "0x74fc87e04bd4ae1b85bda587029a59a169707325a2dbd3b972517d4e10fd0269", "price_changes": [{"asset_id": "82242414095510638766532800389388243947033505091781696693524002178349887333504", "price": "0.006", "size": "0", "side": "SELL", "hash": "d72cdd84f80bfaf98e415911037f893decc48ea6", "best_bid": "0", "best_ask": "0.001"}, {"asset_id": "48392014676251991193123843994238661553149062210811998875684393414386858636995", "price": "0.994", "size": "0", "side": "BUY", "hash": "f873d3f14ceef6f6b8c230e87bac060c57a2e2ff", "best_bid": "0.999", "best_ask": "1"}], "timestamp": "1769384490713", "event_type": "price_change"}}
{"_local_timestamp": "2026-01-25T23:41:31.067656+00:00", "data": {"market": "0x74fc87e04bd4ae1b85bda587029a59a169707325a2dbd3b972517d4e10fd0269", "price_changes": [{"asset_id": "82242414095510638766532800389388243947033505091781696693524002178349887333504", "price": "0.008", "size": "53.36", "side": "SELL", "hash": "686dd4a7e1e7f268312db09a304f5b05a8180128", "best_bid": "0", "best_ask": "0.001"}, {"asset_id": "48392014676251991193123843994238661553149062210811998875684393414386858636995", "price": "0.992", "size": "53.36", "side": "BUY", "hash": "f0d5e765643ba15335901fe0e5d3c38d15f9fa13", "best_bid": "0.999", "best_ask": "1"}], "timestamp": "1769384490993", "event_type": "price_change"}}
{"_local_timestamp": "2026-01-25T23:41:32.587838+00:00", "data": {"market": "0x74fc87e04bd4ae1b85bda587029a59a169707325a2dbd3b972517d4e10fd0269", "price_changes": [{"asset_id": "82242414095510638766532800389388243947033505091781696693524002178349887333504", "price": "0.005", "size": "0", "side": "SELL", "hash": "4371fb9fc96cde4727fad9930b34ea2ebfa38f1d", "best_bid": "0", "best_ask": "0.001"}, {"asset_id": "48392014676251991193123843994238661553149062210811998875684393414386858636995", "price": "0.995", "size": "0", "side": "BUY", "hash": "9f7ceb2be27597deec024cd14a3f544fb97f6398", "best_bid": "0.999", "best_ask": "1"}], "timestamp": "1769384492513", "event_type": "price_change"}}
{"_local_timestamp": "2026-01-25T23:41:32.640642+00:00", "data": {"market": "0x74fc87e04bd4ae1b85bda587029a59a169707325a2dbd3b972517d4e10fd0269", "price_changes": [{"asset_id": "82242414095510638766532800389388243947033505091781696693524002178349887333504", "price": "0.007", "size": "10.47", "side": "SELL", "hash": "3aba0be0d78321ea0011d89cf3c1e6b42178f068", "best_bid": "0", "best_ask": "0.001"}, {"asset_id": "48392014676251991193123843994238661553149062210811998875684393414386858636995", "price": "0.993", "size": "10.47", "side": "BUY", "hash": "e588b2cee81f0a113beba517281c4b9888368b2b", "best_bid": "0.999", "best_ask": "1"}], "timestamp": "1769384492573", "event_type": "price_change"}}
{"_local_timestamp": "2026-01-25T23:41:33.139706+00:00", "data": {"market": "0x74fc87e04bd4ae1b85bda587029a59a169707325a2dbd3b972517d4e10fd0269", "price_changes": [{"asset_id": "82242414095510638766532800389388243947033505091781696693524002178349887333504", "price": "0.008", "size": "44.82", "side": "SELL", "hash": "864dd428f96ebd59b6719e206f0ffd96652d48de", "best_bid": "0", "best_ask": "0.001"}, {"asset_id": "48392014676251991193123843994238661553149062210811998875684393414386858636995", "price": "0.992", "size": "44.82", "side": "BUY", "hash": "fd8b6a6f4d5b2f1f7d640158a1b5d8a9e43df636", "best_bid": "0.999", "best_ask": "1"}], "timestamp": "1769384493059", "event_type": "price_change"}}
{"_local_timestamp": "2026-01-25T23:41:33.397157+00:00", "data": {"market": "0x74fc87e04bd4ae1b85bda587029a59a169707325a2dbd3b972517d4e10fd0269", "price_changes": [{"asset_id": "82242414095510638766532800389388243947033505091781696693524002178349887333504", "price": "0.006", "size": "8.54", "side": "SELL", "hash": "23ec7983a7eb0c644034780aa198b0af31771cf7", "best_bid": "0", "best_ask": "0.001"}, {"asset_id": "48392014676251991193123843994238661553149062210811998875684393414386858636995", "price": "0.994", "size": "8.54", "side": "BUY", "hash": "35cd16c257fcba22884dc0c0c82808cc1084c40a", "best_bid": "0.999", "best_ask": "1"}], "timestamp": "1769384493321", "event_type": "price_change"}}
{"_local_timestamp": "2026-01-25T23:41:33.853927+00:00", "data": {"market": "0x74fc87e04bd4ae1b85bda587029a59a169707325a2dbd3b972517d4e10fd0269", "price_changes": [{"asset_id": "82242414095510638766532800389388243947033505091781696693524002178349887333504", "price": "0.008", "size": "36.29", "side": "SELL", "hash": "d08a910d3ab1906e501f691c24d3dbc67ca8ca72", "best_bid": "0", "best_ask": "0.001"}, {"asset_id": "48392014676251991193123843994238661553149062210811998875684393414386858636995", "price": "0.992", "size": "36.29", "side": "BUY", "hash": "68cb2a64b4732b2a4ab7bb63876931744d4bdd49", "best_bid": "0.999", "best_ask": "1"}], "timestamp": "1769384493781", "event_type": "price_change"}}
{"_local_timestamp": "2026-01-25T23:41:34.074194+00:00", "data": {"market": "0x74fc87e04bd4ae1b85bda587029a59a169707325a2dbd3b972517d4e10fd0269", "price_changes": [{"asset_id": "82242414095510638766532800389388243947033505091781696693524002178349887333504", "price": "0.007", "size": "0", "side": "SELL", "hash": "ba570f60ab0bb95c3162d9259cfff2629160500f", "best_bid": "0", "best_ask": "0.001"}, {"asset_id": "48392014676251991193123843994238661553149062210811998875684393414386858636995", "price": "0.993", "size": "0", "side": "BUY", "hash": "6663da0d39ead1135f6fc71eceaa04d82ab04276", "best_bid": "0.999", "best_ask": "1"}], "timestamp": "1769384493991", "event_type": "price_change"}}
{"_local_timestamp": "2026-01-25T23:41:34.083542+00:00", "data": {"market": "0x74fc87e04bd4ae1b85bda587029a59a169707325a2dbd3b972517d4e10fd0269", "price_changes": [{"asset_id": "82242414095510638766532800389388243947033505091781696693524002178349887333504", "price": "0.006", "size": "17.07", "side": "SELL", "hash": "97d0f1de4778815559a36f6eab2d070f0fe438ad", "best_bid": "0", "best_ask": "0.001"}, {"asset_id": "48392014676251991193123843994238661553149062210811998875684393414386858636995", "price": "0.994", "size": "17.07", "side": "BUY", "hash": "252abd697563a02b54a62dc2328bd1ca99217165", "best_bid": "0.999", "best_ask": "1"}], "timestamp": "1769384494014", "event_type": "price_change"}}
{"_local_timestamp": "2026-01-25T23:41:34.123098+00:00", "data": {"market": "0x74fc87e04bd4ae1b85bda587029a59a169707325a2dbd3b972517d4e10fd0269", "price_changes": [{"asset_id": "82242414095510638766532800389388243947033505091781696693524002178349887333504", "price": "0.005", "size": "10.47", "side": "SELL", "hash": "019daa40bc7431b6f6c7bd057f00fd6744523eeb", "best_bid": "0", "best_ask": "0.001"}, {"asset_id": "48392014676251991193123843994238661553149062210811998875684393414386858636995", "price": "0.995", "size": "10.47", "side": "BUY", "hash": "196f3a7ad003dac1fb5f076c43e0dfebd30deed1", "best_bid": "0.999", "best_ask": "1"}], "timestamp": "1769384494042", "event_type": "price_change"}}
{"_local_timestamp": "2026-01-25T23:41:34.714763+00:00", "data": {"market": "0x74fc87e04bd4ae1b85bda587029a59a169707325a2dbd3b972517d4e10fd0269", "price_changes": [{"asset_id": "82242414095510638766532800389388243947033505091781696693524002178349887333504", "price": "0.006", "size": "8.53", "side": "SELL", "hash": "f0cf9561447c189dbd9ff226090f284d6a4edae3", "best_bid": "0", "best_ask": "0.001"}, {"asset_id": "48392014676251991193123843994238661553149062210811998875684393414386858636995", "price": "0.994", "size": "8.53", "side": "BUY", "hash": "a5f79ee62b1eea4ad86181c11d56c2b45edffacc", "best_bid": "0.999", "best_ask": "1"}], "timestamp": "1769384494633", "event_type": "price_change"}}
