{"_local_timestamp": "2026-01-25T23:41:25.623993+00:00", "data": [{"market": "0x14fb3858bb9c0637fb93c8efb997886bd723af103796813cd4d9c4d62b1913c9", "asset_id": "33874954952892640141274751660775307349061427171257213117424493831239607755181", "timestamp": "1769384409405", "hash": "e9dceab235d2a4b9ec879e597cb22649333054dd", "bids": [{"price": "0.01", "size": "50"}, {"price": "0.02", "size": "5.47"}], "asks": [{"price": "0.99", "size": "50"}], "event_type": "book", "last_trade_price": ""}, {"market": "0xaf496f5bc5cb1d28b882fff69fc337d1da3dd85fd862e3a0da9f04e1add1fcb0", "asset_id": "9626297407303801056846721049305478222786005275368187394233547778428591473014", "timestamp": "1769384409406", "hash": "de912c6c35ed96fd3209f5df6dab09659d848bf0", "bids": [{"price": "0.01", "size": "50"}, {"price": "0.02", "size": "5.47"}], "asks": [{"price": "0.99", "size": "50"}], "event_type": "book", "last_trade_price": ""}, {"market": "0x8fce810a868c85f79770e1f2ab1ec1313df855d0233575d12755d7e604c97fd3", "asset_id": "3169396539840142650198019129709264040045425119986766563588693444102710364198", "timestamp": "1769384409407", "hash": "535436ec0f6c4ca62c03445e9bbdc7469fb9f0a8", "bids": [{"price": "0.01", "size": "50"}], "asks": [{"price": "0.99", "size": "50"}, {"price": "0.98", "size": "5.47"}], "event_type": "book", "last_trade_price": ""}, {"market": "0x0c5d68eb4243223c09d7202aab775abdf16890f6a57a0febb0bdccd4c594a4dc", "asset_id": "101995289420158720260259614561428804698384494888572360679065728370129655797288", "timestamp": "1769384409408", "hash": "61b86853a87a19f98f1589b27b08c429bbcbf5bd", "bids": [{"price": "0.01", "size": "50"}, {"price": "0.02", "size": "5.47"}], "asks": [{"price": "0.99", "size": "50"}], "event_type": "book", "last_trade_price": ""}, {"market": "0x303b5fd0483ebcf7d03951df8db5f4a2a96254b760622f67244ff2f198cd3ac9", "asset_id": "45851034097213170917982926447768682415876756026930274206270755723099051097752", "timestamp": "1769384409406", "hash": "ba6b4e0a304f217ce69af75f644c832e3f20b1f0", "bids": [{"price": "0.01", "size": "50"}], "asks": [{"price": "0.99", "size": "50"}, {"price": "0.98", "size": "5.47"}], "event_type": "book", "last_trade_price": ""}, {"market": "0x8b72ffab8900dd305d5c07b1f7842c3d279ab52a43eac178e0b319331703d0ce", "asset_id": "40837466397963435875144722110807627162892956116296986448739737102274668318682", "timestamp": "1769384409405", "hash": "72e2d6d615792847caaabf73ff8bed80aad9ff8a", "bids": [{"price": "0.01", "size": "50"}], "asks": [{"price": "0.99", "size": "50"}, {"price": "0.98", "size": "5.47"}], "event_type": "book", "last_trade_price": ""}, {"market": "0xf79b099e57ccac029081c5fbae6ab11073e432a258458edbf1559fd49574abfa", "asset_id": "61463077492596568473645987160512793152080596619983474022385622861077266823979", "timestamp": "1769384409405", "hash": "51d1b5f33ccac28c0ffd3f05159b3b0e2132ba15", "bids": [{"price": "0.01", "size": "50"}, {"price": "0.02", "size": "5.47"}], "asks": [{"price": "0.99", "size": "50"}], "event_type": "book", "last_trade_price": ""}, {"market": "0xa21516d76cc6650fa0dd2c1a87b5fc74c21607b3d722311edc88755ef564ff4b", "asset_id": "68607241514675970576910871696809419853263166320649534801430942191262998893204", "timestamp": "1769384409405", "hash": "a436795d711b29ab6f5c8b4d9a6c103f8410dffb", "bids": [{"price": "0.01", "size": "50"}, {"price": "0.02", "size": "5.47"}, {"price": "0.1", "size": "10"}], "asks": [{"price": "0.99", "size": "50"}, {"price": "0.9", "size": "10"}], "event_type": "book", "last_trade_price": ""}, {"market": "0x8fce810a868c85f79770e1f2ab1ec1313df855d0233575d12755d7e604c97fd3", "asset_id": "111189975508802258944623571426342058200488288814187463126127868008204837643441", "timestamp": "1769384409407", "hash": "6467bcde0508c3520038669efcc8f4f842ec7fce", "bids": [{"price": "0.01", "size": "50"}, {"price": "0.02", "size": "5.47"}], "asks": [{"price": "0.99", "size": "50"}], "event_type": "book", "last_trade_price": ""}, {"market": "0x58db0a28e0d3ab8f2d8689bcb8110ae86a5fc58728cc50fbf626091126ab65a3", "asset_id": "60991100849540164387688935393841677795661332242674918970076715994503473576507", "timestamp": "1769384409405", "hash": "55df17dae4a7e1e2165803af904ac658e40a5892", "bids": [{"price": "0.01", "size": "50"}], "asks": [{"price": "0.99", "size": "50"}, {"price": "0.98", "size": "5.47"}], "event_type": "book", "last_trade_price": ""}, {"market": "0x8b72ffab8900dd305d5c07b1f7842c3d279ab52a43eac178e0b319331703d0ce", "asset_id": "23425112902791753530410062442466847395028669754003633990364279188322303300370", "timestamp": "1769384409405", "hash": "78bd6655c13af4a497cbe30f688fa385acf59a3a", "bids": [{"price": "0.01", "size": "50"}, {"price": "0.02", "size": "5.47"}], "asks": [{"price": "0.99", "size": "50"}], "event_type": "book", "last_trade_price": ""}, {"market": "0x58db0a28e0d3ab8f2d8689bcb8110ae86a5fc58728cc50fbf626091126ab65a3", "asset_id": "46955019385401516844145288947906842273808389374004609012415062931041977339807", "timestamp": "1769384409405", "hash": "93ef87e7c982452a803d94ff1986d69b8c73a8a5", "bids": [{"price": "0.01", "size": "50"}, {"price": "0.02", "size": "5.47"}], "asks": [{"price": "0.99", "size": "50"}], "event_type": "book", "last_trade_price": ""}, {"market": "0x0c5d68eb4243223c09d7202aab775abdf16890f6a57a0febb0bdccd4c594a4dc", "asset_id": "54409997198764032444031581221502225179401905072397588058900259351680690133127", "timestamp": "1769384409408", "hash": "b9c1ed66cde461102e2bc879fc832234d5662370", "bids": [{"price": "0.01", "size": "50"}], "asks": [{"price": "0.99", "size": "50"}, {"price": "0.98", "size": "5.47"}], "event_type": "book", "last_trade_price": ""}, {"market": "0xaf496f5bc5cb1d28b882fff69fc337d1da3dd85fd862e3a0da9f04e1add1fcb0", "asset_id": "74665721292360272368234260771014382829730755358086031434651738561940248861802", "timestamp": "1769384409406", "hash": "fb3f318aab555c6115855042c1622bd647f04997", "bids": [{"price": "0.01", "size": "50"}], "asks": [{"price": "0.99", "size": "50"}, {"price": "0.98", "size": "5.47"}], "event_type": "book", "last_trade_price": ""}, {"market": "0x303b5fd0483ebcf7d03951df8db5f4a2a96254b760622f67244ff2f198cd3ac9", "asset_id": "103048334106067513040679704537256237824922571858837127695351180725624254167978", "timestamp": "1769384409406", "hash": "aa61441bfa119b3970f844ad6a9b6595c8b5f3e5", "bids": [{"price": "0.01", "size": "50"}, {"price": "0.02", "size": "5.47"}], "asks": [{"price": "0.99", "size": "50"}], "event_type": "book", "last_trade_price": ""}, {"market": "0xa21516d76cc6650fa0dd2c1a87b5fc74c21607b3d722311edc88755ef564ff4b", "asset_id": "77174254654491241851836808563651207297862986036344260375213609866497613849069", "timestamp": "1769384409405", "hash": "7c90c3ebee2e3461a4888e01a80da51b8724b2e9", "bids": [{"price": "0.01", "size": "50"}, {"price": "0.1", "size": "10"}], "asks": [{"price": "0.99", "size": "50"}, {"price": "0.98", "size": "5.47"}, {"price": "0.9", "size": "10"}], "event_type": "book", "last_trade_price": ""}, {"market": "0xf79b099e57ccac029081c5fbae6ab11073e432a258458edbf1559fd49574abfa", "asset_id": "49004097869761142942136276304393414436538518900294650802629813051375098612718", "timestamp": "1769384409405", "hash": "8573d33de204dd4869ea04b16cbd67f0bc59e6c2", "bids": [{"price": "0.01", "size": "50"}], "asks": [{"price": "0.99", "size": "50"}, {"price": "0.98", "size": "5.47"}], "event_type": "book", "last_trade_price": ""}, {"market": "0x14fb3858bb9c0637fb93c8efb997886bd723af103796813cd4d9c4d62b1913c9", "asset_id": "101013361724839298283118537017760814810831236338719538592044047566750453990937", "timestamp": "1769384409405", "hash": "dff2aeda2db5ce6ed577f0f83968f44c27b3116b", "bids": [{"price": "0.01", "size": "50"}], "asks": [{"price": "0.99", "size": "50"}, {"price": "0.98", "size": "5.47"}], "event_type": "book", "last_trade_price": ""}]}
