{"_local_timestamp": "2026-01-25T23:41:15.281800+00:00", "data": [{"market": "0x74fc87e04bd4ae1b85bda587029a59a169707325a2dbd3b972517d4e10fd0269", "asset_id": "48392014676251991193123843994238661553149062210811998875684393414386858636995", "timestamp": "1769384474613", "hash": "a384073d236a6e81ebd9f0164903bb0170d4e60b", "bids": [{"price": "0.001", "size": "100029"}, {"price": "0.002", "size": "55000"}, {"price": "0.008", "size": "155"}, {"price": "0.01", "size": "17100"}, {"price": "0.011", "size": "55710"}, {"price": "0.02", "size": "1000"}, {"price": "0.031", "size": "10100"}, {"price": "0.04", "size": "2000"}, {"price": "0.06", "size": "5.47"}, {"price": "0.08", "size": "155"}, {"price": "0.097", "size": "100"}, {"price": "0.099", "size": "100"}, {"price": "0.1", "size": "500"}, {"price": "0.101", "size": "10000"}, {"price": "0.102", "size": "5000"}, {"price": "0.11", "size": "3000"}, {"price": "0.111", "size": "4500"}, {"price": "0.14", "size": "50"}, {"price": "0.2", "size": "200"}, {"price": "0.223", "size": "31"}, {"price": "0.27", "size": "200"}, {"price": "0.34", "size": "100"}, {"price": "0.47", "size": "100"}, {"price": "0.49", "size": "100"}, {"price": "0.497", "size": "100"}, {"price": "0.499", "size": "500"}, {"price": "0.5", "size": "640"}, {"price": "0.523", "size": "200"}, {"price": "0.723", "size": "126"}, {"price": "0.75", "size": "60"}, {"price": "0.767", "size": "60"}, {"price": "0.768", "size": "176"}, {"price": "0.769", "size": "60"}, {"price": "0.77", "size": "60"}, {"price": "0.823", "size": "204"}, {"price": "0.923", "size": "351"}, {"price": "0.924", "size": "144"}, {"price": "0.99", "size": "25"}, {"price": "0.991", "size": "500"}, {"price": "0.992", "size": "36.29"}, {"price": "0.993", "size": "10.47"}, {"price": "0.994", "size": "17.07"}, {"price": "0.999", "size": "88026.98"}], "asks": [], "event_type": "book", "last_trade_price": "0.001"}, {"market": "0x74fc87e04bd4ae1b85bda587029a59a169707325a2dbd3b972517d4e10fd0269", "asset_id": "82242414095510638766532800389388243947033505091781696693524002178349887333504", "timestamp": "1769384474613", "hash": "b7c227ec968c83f188ee888370176cb05c3dbac2", "bids": [], "asks": [{"price": "0.999", "size": "100029"}, {"price": "0.998", "size": "55000"}, {"price": "0.992", "size": "155"}, {"price": "0.99", "size": "17100"}, {"price": "0.989", "size": "55710"}, {"price": "0.98", "size": "1000"}, {"price": "0.969", "size": "10100"}, {"price": "0.96", "size": "2000"}, {"price": "0.94", "size": "5.47"}, {"price": "0.92", "size": "155"}, {"price": "0.903", "size": "100"}, {"price": "0.901", "size": "100"}, {"price": "0.9", "size": "500"}, {"price": "0.899", "size": "10000"}, {"price": "0.898", "size": "5000"}, {"price": "0.89", "size": "3000"}, {"price": "0.889", "size": "4500"}, {"price": "0.86", "size": "50"}, {"price": "0.8", "size": "200"}, {"price": "0.777", "size": "31"}, {"price": "0.73", "size": "200"}, {"price": "0.66", "size": "100"}, {"price": "0.53", "size": "100"}, {"price": "0.51", "size": "100"}, {"price": "0.503", "size": "100"}, {"price": "0.501", "size": "500"}, {"price": "0.5", "size": "640"}, {"price": "0.477", "size": "200"}, {"price": "0.277", "size": "126"}, {"price": "0.25", "size": "60"}, {"price": "0.233", "size": "60"}, {"price": "0.232", "size": "176"}, {"price": "0.231", "size": "60"}, {"price": "0.23", "size": "60"}, {"price": "0.177", "size": "204"}, {"price": "0.077", "size": "351"}, {"price": "0.076", "size": "144"}, {"price": "0.01", "size": "25"}, {"price": "0.009", "size": "500"}, {"price": "0.008", "size": "36.29"}, {"price": "0.007", "size": "10.47"}, {"price": "0.006", "size": "17.07"}, {"price": "0.001", "size": "88026.98"}], "event_type": "book", "last_trade_price": "0.001"}]}
{"_local_timestamp": "2026-01-25T23:41:15.645416+00:00", "data": {"market": "0x74fc87e04bd4ae1b85bda587029a59a169707325a2dbd3b972517d4e10fd0269", "price_changes": [{"asset_id": "82242414095510638766532800389388243947033505091781696693524002178349887333504", "price": "0.007", "size": "0", "side": "SELL", "hash": "e7f23c44742e13c32b1068844120d6a8c75f0e07", "best_bid": "0", "best_ask": "0.001"}, {"asset_id": "48392014676251991193123843994238661553149062210811998875684393414386858636995", "price": "0.993", "size": "0", "side": "BUY", "hash": "44e5c2ffe965624a08787e238cf65d24f9fe6c18", "best_bid": "0.999", "best_ask": "1"}], "timestamp": "1769384475575", "event_type": "price_change"}}
{"_local_timestamp": "2026-01-25T23:41:15.706046+00:00", "data": {"market": "0x74fc87e04bd4ae1b85bda587029a59a169707325a2dbd3b972517d4e10fd0269", "price_changes": [{"asset_id": "82242414095510638766532800389388243947033505091781696693524002178349887333504", "price": "0.005", "size": "10.47", "side": "SELL", "hash": "258b925f4bd1e12225c298d13bdf93fd4c8d3ab4", "best_bid": "0", "best_ask": "0.001"}, {"asset_id": "48392014676251991193123843994238661553149062210811998875684393414386858636995", "price": "0.995", "size": "10.47", "side": "BUY", "hash": "639cc331f19697a86d08cbd26b754a1dac6156fc", "best_bid": "0.999", "best_ask": "1"}], "timestamp": "1769384475631", "event_type": "price_change"}}
{"_local_timestamp": "2026-01-25T23:41:18.280353+00:00", "data": {"market": "0x74fc87e04bd4ae1b85bda587029a59a169707325a2dbd3b972517d4e10fd0269", "price_changes": [{"asset_id": "82242414095510638766532800389388243947033505091781696693524002178349887333504", "price": "0.006", "size": "8.53", "side": "SELL", "hash": "628ddb9172b5038a4dd3e1da99513383033493cb", "best_bid": "0", "best_ask": "0.001"}, {"asset_id": "48392014676251991193123843994238661553149062210811998875684393414386858636995", "price": "0.994", "size": "8.53", "side": "BUY", "hash": "75bc225873bf3ea325873b4d27a8a91c0053b093", "best_bid": "0.999", "best_ask": "1"}], "timestamp": "1769384478152", "event_type": "price_change"}}
{"_local_timestamp": "2026-01-25T23:41:18.573146+00:00", "data": {"market": "0x74fc87e04bd4ae1b85bda587029a59a169707325a2dbd3b972517d4e10fd0269", "price_changes": [{"asset_id": "82242414095510638766532800389388243947033505091781696693524002178349887333504", "price": "0.005", "size": "18.91", "side": "SELL", "hash": "258b12bf935c60f766050556e7080b548a0d3ad5", "best_bid": "0", "best_ask": "0.001"}, {"asset_id": "48392014676251991193123843994238661553149062210811998875684393414386858636995", "price": "0.995", "size": "18.91", "side": "BUY", "hash": "34c44a3bea91a90cdcdfc506dcfddcbfcae89e42", "best_bid": "0.999", "best_ask": "1"}], "timestamp": "1769384478503", "event_type": "price_change"}}
{"_local_timestamp": "2026-01-25T23:41:18.792338+00:00", "data": {"market": "0x74fc87e04bd4ae1b85bda587029a59a169707325a2dbd3b972517d4e10fd0269", "price_changes": [{"asset_id": "82242414095510638766532800389388243947033505091781696693524002178349887333504", "price": "0.005", "size": "8.44", "side": "SELL", "hash": "9916b609fc3ab6068a7aaa23267bceddd95c9110", "best_bid": "0", "best_ask": "0.001"}, {"asset_id": "48392014676251991193123843994238661553149062210811998875684393414386858636995", "price": "0.995", "size": "8.44", "side": "BUY", "hash": "f971eb890dd135ab5b8845513a457699f5971874", "best_bid": "0.999", "best_ask": "1"}], "timestamp": "1769384478709", "event_type": "price_change"}}
{"_local_timestamp": "2026-01-25T23:41:18.846359+00:00", "data": {"market": "0x74fc87e04bd4ae1b85bda587029a59a169707325a2dbd3b972517d4e10fd0269", "price_changes": [{"asset_id": "82242414095510638766532800389388243947033505091781696693524002178349887333504", "price": "0.004", "size": "10.47", "side": "SELL", "hash": "3d876918941e6988c89d0ae01a5240d69c4db844", "best_bid": "0", "best_ask": "0.001"}, {"asset_id": "48392014676251991193123843994238661553149062210811998875684393414386858636995", "price": "0.996", "size": "10.47", "side": "BUY", "hash": "0ef33aa3c9fa21c7bda74ddcca03effe8c45a0dd", "best_bid": "0.999", "best_ask": "1"}], "timestamp": "1769384478774", "event_type": "price_change"}}
{"_local_timestamp": "2026-01-25T23:41:19.065781+00:00", "data": {"market": "0x74fc87e04bd4ae1b85bda587029a59a169707325a2dbd3b972517d4e10fd0269", "price_changes": [{"asset_id": "82242414095510638766532800389388243947033505091781696693524002178349887333504", "price": "0.005", "size": "0", "side": "SELL", "hash": "2e9c8ef294448e90e4f0ac2e951d96de995c998c", "best_bid": "0", "best_ask": "0.001"}, {"asset_id": "48392014676251991193123843994238661553149062210811998875684393414386858636995", "price": "0.995", "size": "0", "side": "BUY", "hash": "69a3f89155157f72f8ee7a807b8556ae535b0ff8", "best_bid": "0.999", "best_ask": "1"}], "timestamp": "1769384478994", "event_type": "price_change"}}
{"_local_timestamp": "2026-01-25T23:41:19.067764+00:00", "data": {"market": "0x74fc87e04bd4ae1b85bda587029a59a169707325a2dbd3b972517d4e10fd0269", "price_changes": [{"asset_id": "82242414095510638766532800389388243947033505091781696693524002178349887333504", "price": "0.006", "size": "0", "side": "SELL", "hash": "2e9c8ef294448e90e4f0ac2e951d96de995c998c", "best_bid": "0", "best_ask": "0.001"}, {"asset_id": "48392014676251991193123843994238661553149062210811998875684393414386858636995", "price": "0.994", "size": "0", "side": "BUY", "hash": "69a3f89155157f72f8ee7a807b8556ae535b0ff8", "best_bid": "0.999", "best_ask": "1"}], "timestamp": "1769384478994", "event_type": "price_change"}}
{"_local_timestamp": "2026-01-25T23:41:19.371586+00:00", "data": {"market": "0x74fc87e04bd4ae1b85bda587029a59a169707325a2dbd3b972517d4e10fd0269", "price_changes": [{"asset_id": "82242414095510638766532800389388243947033505091781696693524002178349887333504", "price": "0.008", "size": "44.82", "side": "SELL", "hash": "f8667303749d61cc365761eb0d3165ed6e1b1928", "best_bid": "0", "best_ask": "0.001"}, {"asset_id": "48392014676251991193123843994238661553149062210811998875684393414386858636995", "price": "0.992", "size": "44.82", "side": "BUY", "hash": "1b5c825c52cb157d14a6a065d0533f098a986afd", "best_bid": "0.999", "best_ask": "1"}], "timestamp": "1769384479302", "event_type": "price_change"}}
{"_local_timestamp": "2026-01-25T23:41:19.372423+00:00", "data": {"market": "0x74fc87e04bd4ae1b85bda587029a59a169707325a2dbd3b972517d4e10fd0269", "price_changes": [{"asset_id": "82242414095510638766532800389388243947033505091781696693524002178349887333504", "price": "0.008", "size": "53.35", "side": "SELL", "hash": "b8b2848dbc8f169b253fc546ff2c6a20c4dae335", "best_bid": "0", "best_ask": "0.001"}, {"asset_id": "48392014676251991193123843994238661553149062210811998875684393414386858636995", "price": "0.992", "size": "53.35", "side": "BUY", "hash": "42a55ad2b639622984059427779f34453cdbdad4", "best_bid": "0.999", "best_ask": "1"}], "timestamp": "1769384479303", "event_type": "price_change"}}
{"_local_timestamp": "2026-01-25T23:41:20.377908+00:00", "data": {"market": "0x74fc87e04bd4ae1b85bda587029a59a169707325a2dbd3b972517d4e10fd0269", "price_changes": [{"asset_id": "82242414095510638766532800389388243947033505091781696693524002178349887333504", "price": "0.004", "size": "0", "side": "SELL", "hash": "157f17693f6bf442afded2f70f356db7c4d132f6", "best_bid": "0", "best_ask": "0.001"}, {"asset_id": "48392014676251991193123843994238661553149062210811998875684393414386858636995", "price": "0.996", "size": "0", "side": "BUY", "hash": "161e1ab3c5ae88e26720dfc0632fa6c7f64ea22d", "best_bid": "0.999", "best_ask": "1"}], "timestamp": "1769384480296", "event_type": "price_change"}}
{"_local_timestamp": "2026-01-25T23:41:20.426656+00:00", "data": {"market": "0x74fc87e04bd4ae1b85bda587029a59a169707325a2dbd3b972517d4e10fd0269", "price_changes": [{"asset_id": "82242414095510638766532800389388243947033505091781696693524002178349887333504", "price": "0.007", "size": "10.47", "side": "SELL", "hash": "bca6d06bca1e76a98c9863f586a269c49d72344c", "best_bid": "0", "best_ask": "0.001"}, {"asset_id": "48392014676251991193123843994238661553149062210811998875684393414386858636995", "price": "0.993", "size": "10.47", "side": "BUY", "hash": "6d1014fc78bddb3dd2be1201ce909276c6c14caa", "best_bid": "0.999", "best_ask": "1"}], "timestamp": "1769384480350", "event_type": "price_change"}}
{"_local_timestamp": "2026-01-25T23:41:20.741378+00:00", "data": {"market": "0x74fc87e04bd4ae1b85bda587029a59a169707325a2dbd3b972517d4e10fd0269", "price_changes": [{"asset_id": "82242414095510638766532800389388243947033505091781696693524002178349887333504", "price": "0.008", "size": "44.82", "side": "SELL", "hash": "fedc27654704248acafb792e364e2f2ef82f3d81", "best_bid": "0", "best_ask": "0.001"}, {"asset_id": "48392014676251991193123843994238661553149062210811998875684393414386858636995", "price": "0.992", "size": "44.82", "side": "BUY", "hash": "df83b6187ecfba5d32712bafa65af92528637120", "best_bid": "0.999", "best_ask": "1"}], "timestamp": "1769384480672", "event_type": "price_change"}}
{"_local_timestamp": "2026-01-25T23:41:21.133408+00:00", "data": {"market": "0x74fc87e04bd4ae1b85bda587029a59a169707325a2dbd3b972517d4e10fd0269", "price_changes": [{"asset_id": "82242414095510638766532800389388243947033505091781696693524002178349887333504", "price": "0.006", "size": "8.54", "side": "SELL", "hash": "71b27be2fc638efceeb51c79210d7b1452da3c8a", "best_bid": "0", "best_ask": "0.001"}, {"asset_id": "48392014676251991193123843994238661553149062210811998875684393414386858636995", "price": "0.994", "size": "8.54", "side": "BUY", "hash": "87935a49de3cbd2cb8e79f5f76632beeafafd11a", "best_bid": "0.999", "best_ask": "1"}], "timestamp": "1769384481014", "event_type": "price_change"}}
{"_local_timestamp": "2026-01-25T23:41:21.466348+00:00", "data": {"market": "0x74fc87e04bd4ae1b85bda587029a59a169707325a2dbd3b972517d4e10fd0269", "price_changes": [{"asset_id": "82242414095510638766532800389388243947033505091781696693524002178349887333504", "price": "0.008", "size": "36.29", "side": "SELL", "hash": "ce250393519a2e24844e807dda777f9f645b8801", "best_bid": "0", "best_ask": "0.001"}, {"asset_id": "48392014676251991193123843994238661553149062210811998875684393414386858636995", "price": "0.992", "size": "36.29", "side": "BUY", "hash": "4d5096abaf8830dfc70325219357c9a6b44ee877", "best_bid": "0.999", "best_ask": "1"}], "timestamp": "1769384481397", "event_type": "price_change"}}
{"_local_timestamp": "2026-01-25T23:41:21.865830+00:00", "data": {"market": "0x74fc87e04bd4ae1b85bda587029a59a169707325a2dbd3b972517d4e10fd0269", "price_changes": [{"asset_id": "82242414095510638766532800389388243947033505091781696693524002178349887333504", "price": "0.006", "size": "17.07", "side": "SELL", "hash": "52145627b2f69d80fbd48a6ec940d17de225fe46", "best_bid": "0", "best_ask": "0.001"}, {"asset_id": "48392014676251991193123843994238661553149062210811998875684393414386858636995", "price": "0.994", "size": "17.07", "side": "BUY", "hash": "1d1a8bca225bfb92282e754354e30298eda2e35c", "best_bid": "0.999", "best_ask": "1"}], "timestamp": "1769384481795", "event_type": "price_change"}}
{"_local_timestamp": "2026-01-25T23:41:22.007418+00:00", "data": {"market": "0x74fc87e04bd4ae1b85bda587029a59a169707325a2dbd3b972517d4e10fd0269", "price_changes": [{"asset_id": "82242414095510638766532800389388243947033505091781696693524002178349887333504", "price": "0.007", "size": "0", "side": "SELL", "hash": "878dcbac6a6097af95ee3060bb66e1b93338b1df", "best_bid": "0", "best_ask": "0.001"}, {"asset_id": "48392014676251991193123843994238661553149062210811998875684393414386858636995", "price": "0.993", "size": "0", "side": "BUY", "hash": "30f3040649a77d2afdd51e805d9ef11739f01a97", "best_bid": "0.999", "best_ask": "1"}], "timestamp": "1769384481933", "event_type": "price_change"}}
{"_local_timestamp": "2026-01-25T23:41:22.070300+00:00", "data": {"market": "0x74fc87e04bd4ae1b85bda587029a59a169707325a2dbd3b972517d4e10fd0269", "price_changes": [{"asset_id": "82242414095510638766532800389388243947033505091781696693524002178349887333504", "price": "0.005", "size": "10.47", "side": "SELL", "hash": "c3c9c75e4eb77abaaf70b809c852dada64d54ffb", "best_bid": "0", "best_ask": "0.001"}, {"asset_id": "48392014676251991193123843994238661553149062210811998875684393414386858636995", "price": "0.995", "size": "10.47", "side": "BUY", "hash": "1abf86746489a11c3c2711d6df35eb79192ae1c6", "best_bid": "0.999", "best_ask": "1"}], "timestamp": "1769384481993", "event_type": "price_change"}}
{"_local_timestamp": "2026-01-25T23:41:22.309696+00:00", "data": {"market": "0x74fc87e04bd4ae1b85bda587029a59a169707325a2dbd3b972517d4e10fd0269", "price_changes": [{"asset_id": "82242414095510638766532800389388243947033505091781696693524002178349887333504", "price": "0.006", "size": "8.53", "side": "SELL", "hash": "7758a3a4cdd316666dcecdacdcb5957d20a419f0", "best_bid": "0", "best_ask": "0.001"}, {"asset_id": "48392014676251991193123843994238661553149062210811998875684393414386858636995", "price": "0.994", "size": "8.53", "side": "BUY", "hash": "05768e5df43db2a8ebae3960ca7479bbc8561481", "best_bid": "0.999", "best_ask": "1"}], "timestamp": "1769384482219", "event_type": "price_change"}}
{"_local_timestamp": "2026-01-25T23:41:22.678195+00:00", "data": {"market": "0x74fc87e04bd4ae1b85bda587029a59a169707325a2dbd3b972517d4e10fd0269", "price_changes": [{"asset_id": "82242414095510638766532800389388243947033505091781696693524002178349887333504", "price": "0.008", "size": "44.83", "side": "SELL", "hash": "f4111dccc606c3fdb3809a5babcc9cfb7c7cf7fd", "best_bid": "0", "best_ask": "0.001"}, {"asset_id": "48392014676251991193123843994238661553149062210811998875684393414386858636995", "price": "0.992", "size": "44.83", "side": "BUY", "hash": "470070a9c41a6aa0924fde9f9f351f474db24376", "best_bid": "0.999", "best_ask": "1"}], "timestamp": "1769384482604", "event_type": "price_change"}}
{"_local_timestamp": "2026-01-25T23:41:23.160578+00:00", "data": {"market": "0x74fc87e04bd4ae1b85bda587029a59a169707325a2dbd3b972517d4e10fd0269", "price_changes": [{"asset_id": "82242414095510638766532800389388243947033505091781696693524002178349887333504", "price": "0.006", "size": "0", "side": "SELL", "hash": "f64e5494545b96a33eecdf88bd4622bff37c9eb9", "best_bid": "0", "best_ask": "0.001"}, {"asset_id": "48392014676251991193123843994238661553149062210811998875684393414386858636995", "price": "0.994", "size": "0", "side": "BUY", "hash": "40ba085b717c4f964a47f3ac8e4ee6dca8c4c354", "best_bid": "0.999", "best_ask": "1"}], "timestamp": "1769384483066", "event_type": "price_change"}}
{"_local_timestamp": "2026-01-25T23:41:23.420193+00:00", "data": {"market": "0x74fc87e04bd4ae1b85bda587029a59a169707325a2dbd3b972517d4e10fd0269", "price_changes": [{"asset_id": "82242414095510638766532800389388243947033505091781696693524002178349887333504", "price": "0.008", "size": "53.36", "side": "SELL", "hash": "a8586dbf1ce87babed39d253c2d69f65b1805138", "best_bid": "0", "best_ask": "0.001"}, {"asset_id": "48392014676251991193123843994238661553149062210811998875684393414386858636995", "price": "0.992", "size": "53.36", "side": "BUY", "hash": "a7d4a07913bcd7ef6e7711377dce6869f5948ef4", "best_bid": "0.999", "best_ask": "1"}], "timestamp": "1769384483351", "event_type": "price_change"}}
{"_local_timestamp": "2026-01-25T23:41:23.563282+00:00", "data": {"market": "0x74fc87e04bd4ae1b85bda587029a59a169707325a2dbd3b972517d4e10fd0269", "price_changes": [{"asset_id": "82242414095510638766532800389388243947033505091781696693524002178349887333504", "price": "0.005", "size": "0", "side": "SELL", "hash": "86a9225db7fee64e97682f50b707cf221425e734", "best_bid": "0", "best_ask": "0.001"}, {"asset_id": "48392014676251991193123843994238661553149062210811998875684393414386858636995", "price": "0.995", "size": "0", "side": "BUY", "hash": "1a1e5b78e4d672ea435e9d2e5daa2364179ada36", "best_bid": "0.999", "best_ask": "1"}], "timestamp": "1769384483491", "event_type": "price_change"}}
{"_local_timestamp": "2026-01-25T23:41:23.631451+00:00", "data": {"market": "0x74fc87e04bd4ae1b85bda587029a59a169707325a2dbd3b972517d4e10fd0269", "price_changes": [{"asset_id": "82242414095510638766532800389388243947033505091781696693524002178349887333504", "price": "0.007", "size": "10.47", "side": "SELL", "hash": "b39f2bf31ca2a60f49433a8e0899be694805bf8b", "best_bid": "0", "best_ask": "0.001"}, {"asset_id": "48392014676251991193123843994238661553149062210811998875684393414386858636995", "price": "0.993", "size": "10.47", "side": "BUY", "hash": "8c44e1349bc619e280fb883fa4755d3997844a07", "best_bid": "0.999", "best_ask": "1"}], "timestamp": "1769384483562", "event_type": "price_change"}}
{"_local_timestamp": "2026-01-25T23:41:23.989109+00:00", "data": {"market": "0x74fc87e04bd4ae1b85bda587029a59a169707325a2dbd3b972517d4e10fd0269", "price_changes": [{"asset_id": "82242414095510638766532800389388243947033505091781696693524002178349887333504", "price": "0.008", "size": "44.82", "side": "SELL", "hash": "e31ae47bf3657351fd7993953fb52b046f50cacb", "best_bid": "0", "best_ask": "0.001"}, {"asset_id": "48392014676251991193123843994238661553149062210811998875684393414386858636995", "price": "0.992", "size": "44.82", "side": "BUY", "hash": "339335118e4830040039a1570c9d51b36ad47cc9", "best_bid": "0.999", "best_ask": "1"}], "timestamp": "1769384483897", "event_type": "price_change"}}
{"_local_timestamp": "2026-01-25T23:41:24.351942+00:00", "data": {"market": "0x74fc87e04bd4ae1b85bda587029a59a169707325a2dbd3b972517d4e10fd0269", "price_changes": [{"asset_id": "82242414095510638766532800389388243947033505091781696693524002178349887333504", "price": "0.006", "size": "8.54", "side": "SELL", "hash": "4eb6cff019bca712d9da97be0203af7ac3acbb97", "best_bid": "0", "best_ask": "0.001"}, {"asset_id": "48392014676251991193123843994238661553149062210811998875684393414386858636995", "price": "0.994", "size": "8.54", "side": "BUY", "hash": "d08a49fcf010d1da748f93c3a9e2eb4a715c4f6d", "best_bid": "0.999", "best_ask": "1"}], "timestamp": "1769384484280", "event_type": "price_change"}}
{"_local_timestamp": "2026-01-25T23:41:24.844698+00:00", "data": {"market": "0x74fc87e04bd4ae1b85bda587029a59a169707325a2dbd3b972517d4e10fd0269", "price_changes": [{"asset_id": "82242414095510638766532800389388243947033505091781696693524002178349887333504", "price": "0.008", "size": "36.29", "side": "SELL", "hash": "d210f9fa6b89e1fb63d54effe8121334a81f6807", "best_bid": "0", "best_ask": "0.001"}, {"asset_id": "48392014676251991193123843994238661553149062210811998875684393414386858636995", "price": "0.992", "size": "36.29", "side": "BUY", "hash": "cd0445469a6fdf46adf3ce89cb39529ca6ca253c", "best_bid": "0.999", "best_ask": "1"}], "timestamp": "1769384484771", "event_type": "price_change"}}
{"_local_timestamp": "2026-01-25T23:41:24.957503+00:00", "data": {"market": "0x74fc87e04bd4ae1b85bda587029a59a169707325a2dbd3b972517d4e10fd0269", "price_changes": [{"asset_id": "82242414095510638766532800389388243947033505091781696693524002178349887333504", "price": "0.007", "size": "0", "side": "SELL", "hash": "9b9a888d5afb80a5a018512acf05c58e51a29718", "best_bid": "0", "best_ask": "0.001"}, {"asset_id": "48392014676251991193123843994238661553149062210811998875684393414386858636995", "price": "0.993", "size": "0", "side": "BUY", "hash": "138fe3494a8f4e7e31228e311d377e2f6a7d12d4", "best_bid": "0.999", "best_ask": "1"}], "timestamp": "1769384484889", "event_type": "price_change"}}
{"_local_timestamp": "2026-01-25T23:41:25.007649+00:00", "data": {"market": "0x74fc87e04bd4ae1b85bda587029a59a169707325a2dbd3b972517d4e10fd0269", "price_changes": [{"asset_id": "82242414095510638766532800389388243947033505091781696693524002178349887333504", "price": "0.005", "size": "10.47", "side": "SELL", "hash": "a25f6d8845af13a8dd1e2dacf0e1340a09eb53da", "best_bid": "0", "best_ask": "0.001"}, {"asset_id": "48392014676251991193123843994238661553149062210811998875684393414386858636995", "price": "0.995", "size": "10.47", "side": "BUY", "hash": "823fd3eb5f32bf9890f4864b6b0e114d40784a82", "best_bid": "0.999", "best_ask": "1"}], "timestamp": "1769384484938", "event_type": "price_change"}}
{"_local_timestamp": "2026-01-25T23:41:25.121198+00:00", "data": {"market": "0x74fc87e04bd4ae1b85bda587029a59a169707325a2dbd3b972517d4e10fd0269", "price_changes": [{"asset_id": "82242414095510638766532800389388243947033505091781696693524002178349887333504", "price": "0.006", "size": "17.07", "side": "SELL", "hash": "55f73cb111da10c94393da1f5c25815b53f4e9a9", "best_bid": "0", "best_ask": "0.001"}, {"asset_id": "48392014676251991193123843994238661553149062210811998875684393414386858636995", "price": "0.994", "size": "17.07", "side": "BUY", "hash": "6a957df449e1489a7f1bd06c6ed83de21f263a65", "best_bid": "0.999", "best_ask": "1"}], "timestamp": "1769384485055", "event_type": "price_change"}}
{"_local_timestamp": "2026-01-25T23:41:25.687456+00:00", "data": {"market": "0x74fc87e04bd4ae1b85bda587029a59a169707325a2dbd3b972517d4e10fd0269", "price_changes": [{"asset_id": "82242414095510638766532800389388243947033505091781696693524002178349887333504", "price": "0.006", "size": "8.53", "side": "SELL", "hash": "f57ba29edbc2f05c7d409d61d0841ca9c5aa6bb6", "best_bid": "0", "best_ask": "0.001"}, {"asset_id": "48392014676251991193123843994238661553149062210811998875684393414386858636995", "price": "0.994", "size": "8.53", "side": "BUY", "hash": "537f95b7d7fe7d610eb5e893e48a65623665310b", "best_bid": "0.999", "best_ask": "1"}], "timestamp": "1769384485617", "event_type": "price_change"}}
{"_local_timestamp": "2026-01-25T23:41:26.021908+00:00", "data": {"market": "0x74fc87e04bd4ae1b85bda587029a59a169707325a2dbd3b972517d4e10fd0269", "price_changes": [{"asset_id": "82242414095510638766532800389388243947033505091781696693524002178349887333504", "price": "0.008", "size": "44.83", "side": "SELL", "hash": "db40c142b3871d6a082cc130b416dba5f327d94f", "best_bid": "0", "best_ask": "0.001"}, {"asset_id": "48392014676251991193123843994238661553149062210811998875684393414386858636995", "price": "0.992", "size": "44.83", "side": "BUY", "hash": "d651c9c20f6bab69c40861925fda668d0f5928df", "best_bid": "0.999", "best_ask": "1"}], "timestamp": "1769384485955", "event_type": "price_change"}}
{"_local_timestamp": "2026-01-25T23:41:26.573789+00:00", "data": {"market": "0x74fc87e04bd4ae1b85bda587029a59a169707325a2dbd3b972517d4e10fd0269", "price_changes": [{"asset_id": "82242414095510638766532800389388243947033505091781696693524002178349887333504", "price": "0.006", "size": "0", "side": "SELL", "hash": "0b6e38911e677b60e618237ae03963c3ea75a37e", "best_bid": "0", "best_ask": "0.001"}, {"asset_id": "48392014676251991193123843994238661553149062210811998875684393414386858636995", "price": "0.994", "size": "0", "side": "BUY", "hash": "245afeefb479fbe441cb2d88e72896bf92b03ffa", "best_bid": "0.999", "best_ask": "1"}], "timestamp": "1769384486466", "event_type": "price_change"}}
{"_local_timestamp": "2026-01-25T23:41:26.809902+00:00", "data": {"market": "0x74fc87e04bd4ae1b85bda587029a59a169707325a2dbd3b972517d4e10fd0269", "price_changes": [{"asset_id": "82242414095510638766532800389388243947033505091781696693524002178349887333504", "price": "0.008", "size": "53.36", "side": "SELL", "hash": "4516dd1951be35b0481b3f01d23449cc0cf090ca", "best_bid": "0", "best_ask": "0.001"}, {"asset_id": "48392014676251991193123843994238661553149062210811998875684393414386858636995", "price": "0.992", "size": "53.36", "side": "BUY", "hash": "710c9b56d872f08b6b875c82e65ed28604a25b9f", "best_bid": "0.999", "best_ask": "1"}], "timestamp": "1769384486692", "event_type": "price_change"}}
{"_local_timestamp": "2026-01-25T23:41:27.838548+00:00", "data": {"market": "0x74fc87e04bd4ae1b85bda587029a59a169707325a2dbd3b972517d4e10fd0269", "price_changes": [{"asset_id": "82242414095510638766532800389388243947033505091781696693524002178349887333504", "price": "0.005", "size": "0", "side": "SELL", "hash": "71dbf4b69d2f166ee5f4f7c9ff7a62e76fc710fe", "best_bid": "0", "best_ask": "0.001"}, {"asset_id": "48392014676251991193123843994238661553149062210811998875684393414386858636995", "price": "0.995", "size": "0", "side": "BUY", "hash": "b4aaf6eb50ad57ee2dec0bafb06586aa646b80f7", "best_bid": "0.999", "best_ask": "1"}], "timestamp": "1769384487760", "event_type": "price_change"}}
{"_local_timestamp": "2026-01-25T23:41:27.890098+00:00", "data": {"market": "0x74fc87e04bd4ae1b85bda587029a59a169707325a2dbd3b972517d4e10fd0269", "price_changes": [{"asset_id": "82242414095510638766532800389388243947033505091781696693524002178349887333504", "price": "0.007", "size": "10.47", "side": "SELL", "hash": "3a8c9014b3c247d7a892ba67de92d00185a29d29", "best_bid": "0", "best_ask": "0.001"}, {"asset_id": "48392014676251991193123843994238661553149062210811998875684393414386858636995", "price": "0.993", "size": "10.47", "side": "BUY", "hash": "25c81484ee4b26d8de3afdc3a1d15f5fe8a0f447", "best_bid": "0.999", "best_ask": "1"}], "timestamp": "1769384487815", "event_type": "price_change"}}
{"_local_timestamp": "2026-01-25T23:41:28.115039+00:00", "data": {"market": "0x74fc87e04bd4ae1b85bda587029a59a169707325a2dbd3b972517d4e10fd0269", "price_changes": [{"asset_id": "82242414095510638766532800389388243947033505091781696693524002178349887333504", "price": "0.008", "size": "44.82", "side": "SELL", "hash": "692f32eb1e9c6cd47df8f4f512b70e22cee8151e", "best_bid": "0", "best_ask": "0.001"}, {"asset_id": "48392014676251991193123843994238661553149062210811998875684393414386858636995", "price": "0.992", "size": "44.82", "side": "BUY", "hash": "630b17f561e21d6af07fbece9d2b562cbc957cc5", "best_bid": "0.999", "best_ask": "1"}], "timestamp": "1769384488028", "event_type": "price_change"}}
{"_local_timestamp": "2026-01-25T23:41:28.385456+00:00", "data": {"market": "0x74fc87e04bd4ae1b85bda587029a59a169707325a2dbd3b972517d4e10fd0269", "price_changes": [{"asset_id": "82242414095510638766532800389388243947033505091781696693524002178349887333504", "price": "0.006", "size": "8.54", "side": "SELL", "hash": "96f29720a527dbb8527c0684e7c53ca535bf2185", "best_bid": "0", "best_ask": "0.001"}, {"asset_id": "48392014676251991193123843994238661553149062210811998875684393414386858636995", "price": "0.994", "size": "8.54", "side": "BUY", "hash": "c7effd616606adf7cb6271a3858e88b94a1e30db", "best_bid": "0.999", "best_ask": "1"}], "timestamp": "1769384488311", "event_type": "price_change"}}
{"_local_timestamp": "2026-01-25T23:41:28.954813+00:00", "data": {"market": "0x74fc87e04bd4ae1b85bda587029a59a169707325a2dbd3b972517d4e10fd0269", "price_changes": [{"asset_id": "82242414095510638766532800389388243947033505091781696693524002178349887333504", "price": "0.008", "size": "36.29", "side": "SELL", "hash": "70074c9dc85ff6058433d5a9de6a4252b7684b97", "best_bid": "0", "best_ask": "0.001"}, {"asset_id": "48392014676251991193123843994238661553149062210811998875684393414386858636995", "price": "0.992", "size": "36.29", "side": "BUY", "hash": "f11174ad4d46ab0284feb9ff88fb72ce9e842869", "best_bid": "0.999", "best_ask": "1"}], "timestamp": "1769384488878", "event_type": "price_change"}}
{"_local_timestamp": "2026-01-25T23:41:29.395359+00:00", "data": {"market": "0x74fc87e04bd4ae1b85bda587029a59a169707325a2dbd3b972517d4e10fd0269", "price_changes": [{"asset_id": "82242414095510638766532800389388243947033505091781696693524002178349887333504", "price": "0.006", "size": "17.07", "side": "SELL", "hash": "0508e03181d35b89ae2a0fbf9016068e5a65acba", "best_bid": "0", "best_ask": "0.001"}, {"asset_id": "48392014676251991193123843994238661553149062210811998875684393414386858636995", "price": "0.994", "size": "17.07", "side": "BUY", "hash": "73044ff2657e6ba8f4bac07d63401823b1c478e0", "best_bid": "0.999", "best_ask": "1"}], "timestamp": "1769384489323", "event_type": "price_change"}}
{"_local_timestamp": "2026-01-25T23:41:29.447174+00:00", "data": {"market": "0x74fc87e04bd4ae1b85bda587029a59a169707325a2dbd3b972517d4e10fd0269", "price_changes": [{"asset_id": "82242414095510638766532800389388243947033505091781696693524002178349887333504", "price": "0.007", "size": "0", "side": "SELL", "hash": "28264677a2987185e0f1a9ad462acf5c4a3bbf91", "best_bid": "0", "best_ask": "0.001"}, {"asset_id": "48392014676251991193123843994238661553149062210811998875684393414386858636995", "price": "0.993", "size": "0", "side": "BUY", "hash": "84412865010352405329edb33b849f94813ff3e1", "best_bid": "0.999", "best_ask": "1"}], "timestamp": "1769384489373", "event_type": "price_change"}}
{"_local_timestamp": "2026-01-25T23:41:29.491874+00:00", "data": {"market": "0x74fc87e04bd4ae1b85bda587029a59a169707325a2dbd3b972517d4e10fd0269", "price_changes": [{"asset_id": "82242414095510638766532800389388243947033505091781696693524002178349887333504", "price": "0.005", "size": "10.47", "side": "SELL", "hash": "a456e94f2e0cf9b0bce3cf701a27adc420da6acf", "best_bid": "0", "best_ask": "0.001"}, {"asset_id": "48392014676251991193123843994238661553149062210811998875684393414386858636995", "price": "0.995", "size": "10.47", "side": "BUY", "hash": "63aaa7867a5c0fcbe088045a349dbad4c1bddf57", "best_bid": "0.999", "best_ask": "1"}], "timestamp": "1769384489422", "event_type": "price_change"}}
{"_local_timestamp": "2026-01-25T23:41:29.954820+00:00", "data": {"market": "0x74fc87e04bd4ae1b85bda587029a59a169707325a2dbd3b972517d4e10fd0269", "price_changes": [{"asset_id": "82242414095510638766532800389388243947033505091781696693524002178349887333504", "price": "0.006", "size": "8.53", "side": "SELL", "hash": "79886ed6d4b6b5881ea14de4523b8be1beeed1c6", "best_bid": "0", "best_ask": "0.001"}, {"asset_id": "48392014676251991193123843994238661553149062210811998875684393414386858636995", "price": "0.994", "size": "8.53", "side": "BUY", "hash": "feae2ff24a9733f8a448a3d2f05f786b6cb2bd86", "best_bid": "0.999", "best_ask": "1"}], "timestamp": "1769384489878", "event_type": "price_change"}}
{"_local_timestamp": "2026-01-25T23:41:30.290979+00:00", "data": {"market": "0x74fc87e04bd4ae1b85bda587029a59a169707325a2dbd3b972517d4e10fd0269", "price_changes": [{"asset_id": "82242414095510638766532800389388243947033505091781696693524002178349887333504", "price": "0.008", "size": "44.83", "side": "SELL", "hash": "bff8e46ecf4216eafb98acf94abfd2320491b904", "best_bid": "0", "best_ask": "0.001"}, {"asset_id": "48392014676251991193123843994238661553149062210811998875684393414386858636995", "price": "0.992", "size": "44.83", "side": "BUY", "hash": "f1029a2aa97dd68a473bfa266d388a3e1dfc1617", "best_bid": "0.999", "best_ask": "1"}], "timestamp": "1769384490218", "event_type": "price_change"}}
{"_local_timestamp": "2026-01-25T23:41:30.786396+00:00", "data": {"market": "0x74fc87e04bd4ae1b85bda587029a59a169707325a2dbd3b972517d4e10fd0269", "price_changes": [{"asset_id": "82242414095510638766532800389388243947033505091781696693524002178349887333504", "price": "0.006", "size": "0", "side": "SELL", "hash": "d72cdd84f80bfaf98e415911037f893decc48ea6", "best_bid": "0", "best_ask": "0.001"}, {"asset_id": "48392014676251991193123843994238661553149062210811998875684393414386858636995", "price": "0.994", "size": "0", "side": "BUY", "hash": "f873d3f14ceef6f6b8c230e87bac060c57a2e2ff", "best_bid": "0.999", "best_ask": "1"}], "timestamp": "1769384490713", "event_type": "price_change"}}
{"_local_timestamp": "2026-01-25T23:41:31.067656+00:00", "data": {"market": "0x74fc87e04bd4ae1b85bda587029a59a169707325a2dbd3b972517d4e10fd0269", "price_changes": [{"asset_id": "82242414095510638766532800389388243947033505091781696693524002178349887333504", "price": "0.008", "size": "53.36", "side": "SELL", "hash": "686dd4a7e1e7f268312db09a304f5b05a8180128", "best_bid": "0", "best_ask": "0.001"}, {"asset_id": "48392014676251991193123843994238661553149062210811998875684393414386858636995", "price": "0.992", "size": "53.36", "side": "BUY", "hash": "f0d5e765643ba15335901fe0e5d3c38d15f9fa13", "best_bid": "0.999", "best_ask": "1"}], "timestamp": "1769384490993", "event_type": "price_change"}}
{"_local_timestamp": "2026-01-25T23:41:32.587838+00:00", "data": {"market": "0x74fc87e04bd4ae1b85bda587029a59a169707325a2dbd3b972517d4e10fd0269", "price_changes": [{"asset_id": "82242414095510638766532800389388243947033505091781696693524002178349887333504", "price": "0.005", "size": "0", "side": "SELL", "hash": "4371fb9fc96cde4727fad9930b34ea2ebfa38f1d", "best_bid": "0", "best_ask": "0.001"}, {"asset_id": "48392014676251991193123843994238661553149062210811998875684393414386858636995", "price": "0.995", "size": "0", "side": "BUY", "hash": "9f7ceb2be27597deec024cd14a3f544fb97f6398", "best_bid": "0.999", "best_ask": "1"}], "timestamp": "1769384492513", "event_type": "price_change"}}
{"_local_timestamp": "2026-01-25T23:41:32.640642+00:00", "data": {"market": "0x74fc87e04bd4ae1b85bda587029a59a169707325a2dbd3b972517d4e10fd0269", "price_changes": [{"asset_id": "82242414095510638766532800389388243947033505091781696693524002178349887333504", "price": "0.007", "size": "10.47", "side": "SELL", "hash": "3aba0be0d78321ea0011d89cf3c1e6b42178f068", "best_bid": "0", "best_ask": "0.001"}, {"asset_id": "48392014676251991193123843994238661553149062210811998875684393414386858636995", "price": "0.993", "size": "10.47", "side": "BUY", "hash": "e588b2cee81f0a113beba517281c4b9888368b2b", "best_bid": "0.999", "best_ask": "1"}], "timestamp": "1769384492573", "event_type": "price_change"}}
{"_local_timestamp": "2026-01-25T23:41:33.139706+00:00", "data": {"market": "0x74fc87e04bd4ae1b85bda587029a59a169707325a2dbd3b972517d4e10fd0269", "price_changes": [{"asset_id": "82242414095510638766532800389388243947033505091781696693524002178349887333504", "price": "0.008", "size": "44.82", "side": "SELL", "hash": "864dd428f96ebd59b6719e206f0ffd96652d48de", "best_bid": "0", "best_ask": "0.001"}, {"asset_id": "48392014676251991193123843994238661553149062210811998875684393414386858636995", "price": "0.992", "size": "44.82", "side": "BUY", "hash": "fd8b6a6f4d5b2f1f7d640158a1b5d8a9e43df636", "best_bid": "0.999", "best_ask": "1"}], "timestamp": "1769384493059", "event_type": "price_change"}}
{"_local_timestamp": "2026-01-25T23:41:33.397157+00:00", "data": {"market": "0x74fc87e04bd4ae1b85bda587029a59a169707325a2dbd3b972517d4e10fd0269", "price_changes": [{"asset_id": "82242414095510638766532800389388243947033505091781696693524002178349887333504", "price": "0.006", "size": "8.54", "side": "SELL", "hash": "23ec7983a7eb0c644034780aa198b0af31771cf7", "best_bid": "0", "best_ask": "0.001"}, {"asset_id": "48392014676251991193123843994238661553149062210811998875684393414386858636995", "price": "0.994", "size": "8.54", "side": "BUY", "hash": "35cd16c257fcba22884dc0c0c82808cc1084c40a", "best_bid": "0.999", "best_ask": "1"}], "timestamp": "1769384493321", "event_type": "price_change"}}
{"_local_timestamp": "2026-01-25T23:41:33.853927+00:00", "data": {"market": "0x74fc87e04bd4ae1b85bda587029a59a169707325a2dbd3b972517d4e10fd0269", "price_changes": [{"asset_id": "82242414095510638766532800389388243947033505091781696693524002178349887333504", "price": "0.008", "size": "36.29", "side": "SELL", "hash": "d08a910d3ab1906e501f691c24d3dbc67ca8ca72", "best_bid": "0", "best_ask": "0.001"}, {"asset_id": "48392014676251991193123843994238661553149062210811998875684393414386858636995", "price": "0.992", "size": "36.29", "side": "BUY", "hash": "68cb2a64b4732b2a4ab7bb63876931744d4bdd49", "best_bid": "0.999", "best_ask": "1"}], "timestamp": "1769384493781", "event_type": "price_change"}}
{"_local_timestamp": "2026-01-25T23:41:34.074194+00:00", "data": {"market": "0x74fc87e04bd4ae1b85bda587029a59a169707325a2dbd3b972517d4e10fd0269", "price_changes": [{"asset_id": "82242414095510638766532800389388243947033505091781696693524002178349887333504", "price": "0.007", "size": "0", "side": "SELL", "hash": "ba570f60ab0bb95c3162d9259cfff2629160500f", "best_bid": "0", "best_ask": "0.001"}, {"asset_id": "48392014676251991193123843994238661553149062210811998875684393414386858636995", "price": "0.993", "size": "0", "side": "BUY", "hash": "6663da0d39ead1135f6fc71eceaa04d82ab04276", "best_bid": "0.999", "best_ask": "1"}], "timestamp": "1769384493991", "event_type": "price_change"}}
{"_local_timestamp": "2026-01-25T23:41:34.083542+00:00", "data": {"market": "0x74fc87e04bd4ae1b85bda587029a59a169707325a2dbd3b972517d4e10fd0269", "price_changes": [{"asset_id": "82242414095510638766532800389388243947033505091781696693524002178349887333504", "price": "0.006", "size": "17.07", "side": "SELL", "hash": "97d0f1de4778815559a36f6eab2d070f0fe438ad", "best_bid": "0", "best_ask": "0.001"}, {"asset_id": "48392014676251991193123843994238661553149062210811998875684393414386858636995", "price": "0.994", "size": "17.07", "side": "BUY", "hash": "252abd697563a02b54a62dc2328bd1ca99217165", "best_bid": "0.999", "best_ask": "1"}], "timestamp": "1769384494014", "event_type": "price_change"}}
{"_local_timestamp": "2026-01-25T23:41:34.123098+00:00", "data": {"market": "0x74fc87e04bd4ae1b85bda587029a59a169707325a2dbd3b972517d4e10fd0269", "price_changes": [{"asset_id": "82242414095510638766532800389388243947033505091781696693524002178349887333504", "price": "0.005", "size": "10.47", "side": "SELL", "hash": "019daa40bc7431b6f6c7bd057f00fd6744523eeb", "best_bid": "0", "best_ask": "0.001"}, {"asset_id": "48392014676251991193123843994238661553149062210811998875684393414386858636995", "price": "0.995", "size": "10.47", "side": "BUY", "hash": "196f3a7ad003dac1fb5f076c43e0dfebd30deed1", "best_bid": "0.999", "best_ask": "1"}], "timestamp": "1769384494042", "event_type": "price_change"}}
{"_local_timestamp": "2026-01-25T23:41:34.714763+00:00", "data": {"market": "0x74fc87e04bd4ae1b85bda587029a59a169707325a2dbd3b972517d4e10fd0269", "price_changes": [{"asset_id": "82242414095510638766532800389388243947033505091781696693524002178349887333504", "price": "0.006", "size": "8.53", "side": "SELL", "hash": "f0cf9561447c189dbd9ff226090f284d6a4edae3", "best_bid": "0", "best_ask": "0.001"}, {"asset_id": "48392014676251991193123843994238661553149062210811998875684393414386858636995", "price": "0.994", "size": "8.53", "side": "BUY", "hash": "a5f79ee62b1eea4ad86181c11d56c2b45edffacc", "best_bid": "0.999", "best_ask": "1"}], "timestamp": "1769384494633", "event_type": "price_change"}}
{"_local_timestamp": "2026-01-25T23:41:35.026456+00:00", "data": {"market": "0x74fc87e04bd4ae1b85bda587029a59a169707325a2dbd3b972517d4e10fd0269", "price_changes": [{"asset_id": "82242414095510638766532800389388243947033505091781696693524002178349887333504", "price": "0.008", "size": "44.83", "side": "SELL", "hash": "9ef1e25660c7b1802a97157f3757c9c75d3ed89d", "best_bid": "0", "best_ask": "0.001"}, {"asset_id": "48392014676251991193123843994238661553149062210811998875684393414386858636995", "price": "0.992", "size": "44.83", "side": "BUY", "hash": "0607dc10057cb3f471cd70c0824c8d9c6e076a59", "best_bid": "0.999", "best_ask": "1"}], "timestamp": "1769384494959", "event_type": "price_change"}}
{"_local_timestamp": "2026-01-25T23:41:35.561763+00:00", "data": {"market": "0x74fc87e04bd4ae1b85bda587029a59a169707325a2dbd3b972517d4e10fd0269", "price_changes": [{"asset_id": "82242414095510638766532800389388243947033505091781696693524002178349887333504", "price": "0.006", "size": "0", "side": "SELL", "hash": "e930662001447fc3771a93b31eb642f9a0298ec1", "best_bid": "0", "best_ask": "0.001"}, {"asset_id": "48392014676251991193123843994238661553149062210811998875684393414386858636995", "price": "0.994", "size": "0", "side": "BUY", "hash": "48a98cfe5a8e53c0bf1dbbbf1b7dd81703f2cfe0", "best_bid": "0.999", "best_ask": "1"}], "timestamp": "1769384495488", "event_type": "price_change"}}
{"_local_timestamp": "2026-01-25T23:41:35.812252+00:00", "data": {"market": "0x74fc87e04bd4ae1b85bda587029a59a169707325a2dbd3b972517d4e10fd0269", "price_changes": [{"asset_id": "82242414095510638766532800389388243947033505091781696693524002178349887333504", "price": "0.008", "size": "53.36", "side": "SELL", "hash": "93883ffb0cc679815b626063b4a8dd96f2029aef", "best_bid": "0", "best_ask": "0.001"}, {"asset_id": "48392014676251991193123843994238661553149062210811998875684393414386858636995", "price": "0.992", "size": "53.36", "side": "BUY", "hash": "f8612508e3a286b9ef6f0d93ee98355e9c2c116a", "best_bid": "0.999", "best_ask": "1"}], "timestamp": "1769384495744", "event_type": "price_change"}}
{"_local_timestamp": "2026-01-25T23:41:37.120637+00:00", "data": {"market": "0x74fc87e04bd4ae1b85bda587029a59a169707325a2dbd3b972517d4e10fd0269", "price_changes": [{"asset_id": "82242414095510638766532800389388243947033505091781696693524002178349887333504", "price": "0.005", "size": "0", "side": "SELL", "hash": "7ff9cbfce5a3f3d629bc3a0a6e188c7a8d67f8f6", "best_bid": "0", "best_ask": "0.001"}, {"asset_id": "48392014676251991193123843994238661553149062210811998875684393414386858636995", "price": "0.995", "size": "0", "side": "BUY", "hash": "353ba8546cede444e0aff0bf19510bd474c49474", "best_bid": "0.999", "best_ask": "1"}], "timestamp": "1769384497004", "event_type": "price_change"}}
{"_local_timestamp": "2026-01-25T23:41:37.142764+00:00", "data": {"market": "0x74fc87e04bd4ae1b85bda587029a59a169707325a2dbd3b972517d4e10fd0269", "price_changes": [{"asset_id": "82242414095510638766532800389388243947033505091781696693524002178349887333504", "price": "0.007", "size": "10.47", "side": "SELL", "hash": "46bd858f18d1496cdd8d189309e1c60bfb1891d5", "best_bid": "0", "best_ask": "0.001"}, {"asset_id": "48392014676251991193123843994238661553149062210811998875684393414386858636995", "price": "0.993", "size": "10.47", "side": "BUY", "hash": "065c5124651eb16e72a599b1648951c44a37e2f7", "best_bid": "0.999", "best_ask": "1"}], "timestamp": "1769384497055", "event_type": "price_change"}}
{"_local_timestamp": "2026-01-25T23:41:37.671492+00:00", "data": {"market": "0x74fc87e04bd4ae1b85bda587029a59a169707325a2dbd3b972517d4e10fd0269", "price_changes": [{"asset_id": "82242414095510638766532800389388243947033505091781696693524002178349887333504", "price": "0.008", "size": "44.82", "side": "SELL", "hash": "981e34d5be8326422437ab44a79b88c79461ff60", "best_bid": "0", "best_ask": "0.001"}, {"asset_id": "48392014676251991193123843994238661553149062210811998875684393414386858636995", "price": "0.992", "size": "44.82", "side": "BUY", "hash": "b935d231075082a55d22215ef38425a4ee3cab42", "best_bid": "0.999", "best_ask": "1"}], "timestamp": "1769384497605", "event_type": "price_change"}}
{"_local_timestamp": "2026-01-25T23:41:37.990612+00:00", "data": {"market": "0x74fc87e04bd4ae1b85bda587029a59a169707325a2dbd3b972517d4e10fd0269", "price_changes": [{"asset_id": "82242414095510638766532800389388243947033505091781696693524002178349887333504", "price": "0.006", "size": "8.54", "side": "SELL", "hash": "093b27c6e8f5c79be157f3bedfaee8564bc738b8", "best_bid": "0", "best_ask": "0.001"}, {"asset_id": "48392014676251991193123843994238661553149062210811998875684393414386858636995", "price": "0.994", "size": "8.54", "side": "BUY", "hash": "deee5ca7f27e82f4c79039365290e8a6102b0c8f", "best_bid": "0.999", "best_ask": "1"}], "timestamp": "1769384497916", "event_type": "price_change"}}
{"_local_timestamp": "2026-01-25T23:41:38.516040+00:00", "data": {"market": "0x74fc87e04bd4ae1b85bda587029a59a169707325a2dbd3b972517d4e10fd0269", "price_changes": [{"asset_id": "82242414095510638766532800389388243947033505091781696693524002178349887333504", "price": "0.008", "size": "36.29", "side": "SELL", "hash": "244f2dadfe9588033a654dac7fd88b7cfa7616db", "best_bid": "0", "best_ask": "0.001"}, {"asset_id": "48392014676251991193123843994238661553149062210811998875684393414386858636995", "price": "0.992", "size": "36.29", "side": "BUY", "hash": "555605ac5d153c9fb982b8a779ac2d43e68c9cd4", "best_bid": "0.999", "best_ask": "1"}], "timestamp": "1769384498444", "event_type": "price_change"}}
{"_local_timestamp": "2026-01-25T23:41:38.802117+00:00", "data": {"market": "0x74fc87e04bd4ae1b85bda587029a59a169707325a2dbd3b972517d4e10fd0269", "price_changes": [{"asset_id": "82242414095510638766532800389388243947033505091781696693524002178349887333504", "price": "0.006", "size": "17.07", "side": "SELL", "hash": "3b4b456005ef75de99654bac548fcdfd670ba1f9", "best_bid": "0", "best_ask": "0.001"}, {"asset_id": "48392014676251991193123843994238661553149062210811998875684393414386858636995", "price": "0.994", "size": "17.07", "side": "BUY", "hash": "2a718aca2679bae31bb2f6cd9a6cea0286ddc94d", "best_bid": "0.999", "best_ask": "1"}], "timestamp": "1769384498680", "event_type": "price_change"}}
{"_local_timestamp": "2026-01-25T23:41:38.802554+00:00", "data": {"market": "0x74fc87e04bd4ae1b85bda587029a59a169707325a2dbd3b972517d4e10fd0269", "price_changes": [{"asset_id": "82242414095510638766532800389388243947033505091781696693524002178349887333504", "price": "0.007", "size": "0", "side": "SELL", "hash": "806ea3fc3422ffb6d5d2fc140befb46ce6650d8e", "best_bid": "0", "best_ask": "0.001"}, {"asset_id": "48392014676251991193123843994238661553149062210811998875684393414386858636995", "price": "0.993", "size": "0", "side": "BUY", "hash": "8876659e1d8e131e90697ade780409283cee0535", "best_bid": "0.999", "best_ask": "1"}], "timestamp": "1769384498685", "event_type": "price_change"}}
{"_local_timestamp": "2026-01-25T23:41:38.818656+00:00", "data": {"market": "0x74fc87e04bd4ae1b85bda587029a59a169707325a2dbd3b972517d4e10fd0269", "price_changes": [{"asset_id": "82242414095510638766532800389388243947033505091781696693524002178349887333504", "price": "0.005", "size": "10.47", "side": "SELL", "hash": "c4e59bd4cb0df67eb53b747f284b3d31a1437bb5", "best_bid": "0", "best_ask": "0.001"}, {"asset_id": "48392014676251991193123843994238661553149062210811998875684393414386858636995", "price": "0.995", "size": "10.47", "side": "BUY", "hash": "c251d11fa343551343c6382717dede4007b5d6b8", "best_bid": "0.999", "best_ask": "1"}], "timestamp": "1769384498748", "event_type": "price_change"}}
{"_local_timestamp": "2026-01-25T23:41:39.241715+00:00", "data": {"market": "0x74fc87e04bd4ae1b85bda587029a59a169707325a2dbd3b972517d4e10fd0269", "price_changes": [{"asset_id": "82242414095510638766532800389388243947033505091781696693524002178349887333504", "price": "0.006", "size": "8.53", "side": "SELL", "hash": "67f8f823b90f6bee9fa4edab9af6906115ad7d67", "best_bid": "0", "best_ask": "0.001"}, {"asset_id": "48392014676251991193123843994238661553149062210811998875684393414386858636995", "price": "0.994", "size": "8.53", "side": "BUY", "hash": "29dd3e5b4619e3697d3ac4dcd3d7d458887e4f61", "best_bid": "0.999", "best_ask": "1"}], "timestamp": "1769384499170", "event_type": "price_change"}}
{"_local_timestamp": "2026-01-25T23:41:39.510436+00:00", "data": {"market": "0x74fc87e04bd4ae1b85bda587029a59a169707325a2dbd3b972517d4e10fd0269", "price_changes": [{"asset_id": "82242414095510638766532800389388243947033505091781696693524002178349887333504", "price": "0.008", "size": "44.83", "side": "SELL", "hash": "9f60603450283182a8b615179b943d6420c04608", "best_bid": "0", "best_ask": "0.001"}, {"asset_id": "48392014676251991193123843994238661553149062210811998875684393414386858636995", "price": "0.992", "size": "44.83", "side": "BUY", "hash": "975c631cc5bf786402dc72ded02da4a0cb529a85", "best_bid": "0.999", "best_ask": "1"}], "timestamp": "1769384499434", "event_type": "price_change"}}
{"_local_timestamp": "2026-01-25T23:41:39.957834+00:00", "data": {"market": "0x74fc87e04bd4ae1b85bda587029a59a169707325a2dbd3b972517d4e10fd0269", "price_changes": [{"asset_id": "82242414095510638766532800389388243947033505091781696693524002178349887333504", "price": "0.006", "size": "0", "side": "SELL", "hash": "9d74001d2ac415b8ca06e4a97eb8e03112e9225e", "best_bid": "0", "best_ask": "0.001"}, {"asset_id": "48392014676251991193123843994238661553149062210811998875684393414386858636995", "price": "0.994", "size": "0", "side": "BUY", "hash": "e8cbff4aba259068eba4cd4f971574a388538be1", "best_bid": "0.999", "best_ask": "1"}], "timestamp": "1769384499887", "event_type": "price_change"}}
{"_local_timestamp": "2026-01-25T23:41:40.197548+00:00", "data": {"market": "0x74fc87e04bd4ae1b85bda587029a59a169707325a2dbd3b972517d4e10fd0269", "price_changes": [{"asset_id": "82242414095510638766532800389388243947033505091781696693524002178349887333504", "price": "0.005", "size": "0", "side": "SELL", "hash": "4ba388114aba900df3760f71828cfa75c36012de", "best_bid": "0", "best_ask": "0.001"}, {"asset_id": "48392014676251991193123843994238661553149062210811998875684393414386858636995", "price": "0.995", "size": "0", "side": "BUY", "hash": "6c1d17c3bd17f1a119d0b7cc8d714776dec1c639", "best_bid": "0.999", "best_ask": "1"}], "timestamp": "1769384500121", "event_type": "price_change"}}
{"_local_timestamp": "2026-01-25T23:41:40.273728+00:00", "data": {"market": "0x74fc87e04bd4ae1b85bda587029a59a169707325a2dbd3b972517d4e10fd0269", "price_changes": [{"asset_id": "82242414095510638766532800389388243947033505091781696693524002178349887333504", "price": "0.008", "size": "53.36", "side": "SELL", "hash": "7d94535f2e96d72c8e98277c44b69f9a3a1ea1c6", "best_bid": "0", "best_ask": "0.001"}, {"asset_id": "48392014676251991193123843994238661553149062210811998875684393414386858636995", "price": "0.992", "size": "53.36", "side": "BUY", "hash": "05cf8f52be837179f0137351ee29ae8b318ac124", "best_bid": "0.999", "best_ask": "1"}], "timestamp": "1769384500183", "event_type": "price_change"}}
{"_local_timestamp": "2026-01-25T23:41:40.282235+00:00", "data": {"market": "0x74fc87e04bd4ae1b85bda587029a59a169707325a2dbd3b972517d4e10fd0269", "price_changes": [{"asset_id": "82242414095510638766532800389388243947033505091781696693524002178349887333504", "price": "0.007", "size": "10.47", "side": "SELL", "hash": "32d94bd5459fcec9d27dbaa5b7058f137b514300", "best_bid": "0", "best_ask": "0.001"}, {"asset_id": "48392014676251991193123843994238661553149062210811998875684393414386858636995", "price": "0.993", "size": "10.47", "side": "BUY", "hash": "de7ead935b62e643c100626d17a32b0608f6fa3a", "best_bid": "0.999", "best_ask": "1"}], "timestamp": "1769384500187", "event_type": "price_change"}}
{"_local_timestamp": "2026-01-25T23:41:40.777626+00:00", "data": {"market": "0x74fc87e04bd4ae1b85bda587029a59a169707325a2dbd3b972517d4e10fd0269", "price_changes": [{"asset_id": "82242414095510638766532800389388243947033505091781696693524002178349887333504", "price": "0.008", "size": "44.82", "side": "SELL", "hash": "421a467713ce241eab6510f8a0bd6b7f1974b9b0", "best_bid": "0", "best_ask": "0.001"}, {"asset_id": "48392014676251991193123843994238661553149062210811998875684393414386858636995", "price": "0.992", "size": "44.82", "side": "BUY", "hash": "49640e9c81fb021c16e3fcee9334a0083ba65e01", "best_bid": "0.999", "best_ask": "1"}], "timestamp": "1769384500709", "event_type": "price_change"}}
{"_local_timestamp": "2026-01-25T23:41:41.034711+00:00", "data": {"market": "0x74fc87e04bd4ae1b85bda587029a59a169707325a2dbd3b972517d4e10fd0269", "price_changes": [{"asset_id": "82242414095510638766532800389388243947033505091781696693524002178349887333504", "price": "0.006", "size": "8.54", "side": "SELL", "hash": "be97aeba1540a8d091f28f3fa020ae0728369de0", "best_bid": "0", "best_ask": "0.001"}, {"asset_id": "48392014676251991193123843994238661553149062210811998875684393414386858636995", "price": "0.994", "size": "8.54", "side": "BUY", "hash": "8c26e565825ecc1dc50015d3c82f8554060989b8", "best_bid": "0.999", "best_ask": "1"}], "timestamp": "1769384500960", "event_type": "price_change"}}
{"_local_timestamp": "2026-01-25T23:41:41.633653+00:00", "data": {"market": "0x74fc87e04bd4ae1b85bda587029a59a169707325a2dbd3b972517d4e10fd0269", "price_changes": [{"asset_id": "82242414095510638766532800389388243947033505091781696693524002178349887333504", "price": "0.008", "size": "36.29", "side": "SELL", "hash": "3bbe150b5c337cbbd0ca3db003458c01d71a3729", "best_bid": "0", "best_ask": "0.001"}, {"asset_id": "48392014676251991193123843994238661553149062210811998875684393414386858636995", "price": "0.992", "size": "36.29", "side": "BUY", "hash": "cfd4b4979ef61841df069aeecbeb69f702cea630", "best_bid": "0.999", "best_ask": "1"}], "timestamp": "1769384501564", "event_type": "price_change"}}
{"_local_timestamp": "2026-01-25T23:41:41.662571+00:00", "data": {"market": "0x74fc87e04bd4ae1b85bda587029a59a169707325a2dbd3b972517d4e10fd0269", "price_changes": [{"asset_id": "82242414095510638766532800389388243947033505091781696693524002178349887333504", "price": "0.007", "size": "0", "side": "SELL", "hash": "793952f370134ff63f8bbac01946d6f72939e024", "best_bid": "0", "best_ask": "0.001"}, {"asset_id": "48392014676251991193123843994238661553149062210811998875684393414386858636995", "price": "0.993", "size": "0", "side": "BUY", "hash": "c7e5dd34c619498a0ff0c1c754e4ed89d12381ab", "best_bid": "0.999", "best_ask": "1"}], "timestamp": "1769384501590", "event_type": "price_change"}}
{"_local_timestamp": "2026-01-25T23:41:41.729894+00:00", "data": {"market": "0x74fc87e04bd4ae1b85bda587029a59a169707325a2dbd3b972517d4e10fd0269", "price_changes": [{"asset_id": "82242414095510638766532800389388243947033505091781696693524002178349887333504", "price": "0.005", "size": "10.47", "side": "SELL", "hash": "9b5bdf283b141c88f539e8347bb6990d182d3afc", "best_bid": "0", "best_ask": "0.001"}, {"asset_id": "48392014676251991193123843994238661553149062210811998875684393414386858636995", "price": "0.995", "size": "10.47", "side": "BUY", "hash": "90c1fb25c9f5a10e483601c2ddb8c49110b97811", "best_bid": "0.999", "best_ask": "1"}], "timestamp": "1769384501649", "event_type": "price_change"}}
{"_local_timestamp": "2026-01-25T23:41:41.913934+00:00", "data": {"market": "0x74fc87e04bd4ae1b85bda587029a59a169707325a2dbd3b972517d4e10fd0269", "price_changes": [{"asset_id": "82242414095510638766532800389388243947033505091781696693524002178349887333504", "price": "0.007", "size": "8.53", "side": "SELL", "hash": "23fcc345130b2aafa3a118d44fbb8b04ca80a3c0", "best_bid": "0", "best_ask": "0.001"}, {"asset_id": "48392014676251991193123843994238661553149062210811998875684393414386858636995", "price": "0.993", "size": "8.53", "side": "BUY", "hash": "4d46134f3604f983020834bc6e9ae2418523ab49", "best_bid": "0.999", "best_ask": "1"}], "timestamp": "1769384501843", "event_type": "price_change"}}
{"_local_timestamp": "2026-01-25T23:41:42.877914+00:00", "data": {"market": "0x74fc87e04bd4ae1b85bda587029a59a169707325a2dbd3b972517d4e10fd0269", "price_changes": [{"asset_id": "82242414095510638766532800389388243947033505091781696693524002178349887333504", "price": "0.006", "size": "0", "side": "SELL", "hash": "3a17a95e4dd6dfb1aea84824b8d9c367b7e079b0", "best_bid": "0", "best_ask": "0.001"}, {"asset_id": "48392014676251991193123843994238661553149062210811998875684393414386858636995", "price": "0.994", "size": "0", "side": "BUY", "hash": "7cfd848c6daca6885e90f074f3c5af3681136c10", "best_bid": "0.999", "best_ask": "1"}], "timestamp": "1769384502811", "event_type": "price_change"}}
{"_local_timestamp": "2026-01-25T23:41:42.878367+00:00", "data": {"market": "0x74fc87e04bd4ae1b85bda587029a59a169707325a2dbd3b972517d4e10fd0269", "price_changes": [{"asset_id": "82242414095510638766532800389388243947033505091781696693524002178349887333504", "price": "0.007", "size": "0", "side": "SELL", "hash": "3a17a95e4dd6dfb1aea84824b8d9c367b7e079b0", "best_bid": "0", "best_ask": "0.001"}, {"asset_id": "48392014676251991193123843994238661553149062210811998875684393414386858636995", "price": "0.993", "size": "0", "side": "BUY", "hash": "7cfd848c6daca6885e90f074f3c5af3681136c10", "best_bid": "0.999", "best_ask": "1"}], "timestamp": "1769384502811", "event_type": "price_change"}}
{"_local_timestamp": "2026-01-25T23:41:43.039637+00:00", "data": {"market": "0x74fc87e04bd4ae1b85bda587029a59a169707325a2dbd3b972517d4e10fd0269", "price_changes": [{"asset_id": "82242414095510638766532800389388243947033505091781696693524002178349887333504", "price": "0.005", "size": "0", "side": "SELL", "hash": "20f470dfeb77399fb747e31991097a6557f07d4a", "best_bid": "0", "best_ask": "0.001"}, {"asset_id": "48392014676251991193123843994238661553149062210811998875684393414386858636995", "price": "0.995", "size": "0", "side": "BUY", "hash": "61fd61c9ef7eac9634c23120071ad0665a71c3ca", "best_bid": "0.999", "best_ask": "1"}], "timestamp": "1769384502969", "event_type": "price_change"}}
{"_local_timestamp": "2026-01-25T23:41:43.118841+00:00", "data": {"market": "0x74fc87e04bd4ae1b85bda587029a59a169707325a2dbd3b972517d4e10fd0269", "price_changes": [{"asset_id": "82242414095510638766532800389388243947033505091781696693524002178349887333504", "price": "0.007", "size": "10.47", "side": "SELL", "hash": "8eb0a140445a069428d44b74b5772f8ddbfb5441", "best_bid": "0", "best_ask": "0.001"}, {"asset_id": "48392014676251991193123843994238661553149062210811998875684393414386858636995", "price": "0.993", "size": "10.47", "side": "BUY", "hash": "371cb76c543108fd87030eb2462fb894ee4edb64", "best_bid": "0.999", "best_ask": "1"}], "timestamp": "1769384503040", "event_type": "price_change"}}
{"_local_timestamp": "2026-01-25T23:41:43.320378+00:00", "data": {"market": "0x74fc87e04bd4ae1b85bda587029a59a169707325a2dbd3b972517d4e10fd0269", "price_changes": [{"asset_id": "82242414095510638766532800389388243947033505091781696693524002178349887333504", "price": "0.008", "size": "44.82", "side": "SELL", "hash": "27222236ee7290a2cbb8144d3df442b3ac680160", "best_bid": "0", "best_ask": "0.001"}, {"asset_id": "48392014676251991193123843994238661553149062210811998875684393414386858636995", "price": "0.992", "size": "44.82", "side": "BUY", "hash": "42c68fee8d1d2fd10a54e6a37ea78c286884e8ec", "best_bid": "0.999", "best_ask": "1"}], "timestamp": "1769384503254", "event_type": "price_change"}}
{"_local_timestamp": "2026-01-25T23:41:43.322026+00:00", "data": {"market": "0x74fc87e04bd4ae1b85bda587029a59a169707325a2dbd3b972517d4e10fd0269", "price_changes": [{"asset_id": "82242414095510638766532800389388243947033505091781696693524002178349887333504", "price": "0.008", "size": "53.35", "side": "SELL", "hash": "f361cb8ca63df4b63c044870b686a4adf56516a0", "best_bid": "0", "best_ask": "0.001"}, {"asset_id": "48392014676251991193123843994238661553149062210811998875684393414386858636995", "price": "0.992", "size": "53.35", "side": "BUY", "hash": "a765d491c1103839e0409d5494c010e6afc841ee", "best_bid": "0.999", "best_ask": "1"}], "timestamp": "1769384503254", "event_type": "price_change"}}
{"_local_timestamp": "2026-01-25T23:41:43.739206+00:00", "data": {"market": "0x74fc87e04bd4ae1b85bda587029a59a169707325a2dbd3b972517d4e10fd0269", "price_changes": [{"asset_id": "82242414095510638766532800389388243947033505091781696693524002178349887333504", "price": "0.008", "size": "44.82", "side": "SELL", "hash": "35792a33fead3d6d4571cfe0d64ee5918e4443f6", "best_bid": "0", "best_ask": "0.001"}, {"asset_id": "48392014676251991193123843994238661553149062210811998875684393414386858636995", "price": "0.992", "size": "44.82", "side": "BUY", "hash": "f5afd780406af815983ab5800d0b48302c3a1986", "best_bid": "0.999", "best_ask": "1"}], "timestamp": "1769384503666", "event_type": "price_change"}}
{"_local_timestamp": "2026-01-25T23:41:44.080012+00:00", "data": {"market": "0x74fc87e04bd4ae1b85bda587029a59a169707325a2dbd3b972517d4e10fd0269", "price_changes": [{"asset_id": "82242414095510638766532800389388243947033505091781696693524002178349887333504", "price": "0.006", "size": "8.54", "side": "SELL", "hash": "c181561b1e87635a79a47b602d01d1761379b49e", "best_bid": "0", "best_ask": "0.001"}, {"asset_id": "48392014676251991193123843994238661553149062210811998875684393414386858636995", "price": "0.994", "size": "8.54", "side": "BUY", "hash": "ba82bbd012cc256d8a9473c974a8921365d3deb7", "best_bid": "0.999", "best_ask": "1"}], "timestamp": "1769384504000", "event_type": "price_change"}}
{"_local_timestamp": "2026-01-25T23:41:44.614937+00:00", "data": {"market": "0x74fc87e04bd4ae1b85bda587029a59a169707325a2dbd3b972517d4e10fd0269", "price_changes": [{"asset_id": "82242414095510638766532800389388243947033505091781696693524002178349887333504", "price": "0.008", "size": "36.29", "side": "SELL", "hash": "9ab979a370577614524cd81774dd228b6c6d9cca", "best_bid": "0", "best_ask": "0.001"}, {"asset_id": "48392014676251991193123843994238661553149062210811998875684393414386858636995", "price": "0.992", "size": "36.29", "side": "BUY", "hash": "33b25bb821d82cb661f7d9c41f8e72d7aba7bb36", "best_bid": "0.999", "best_ask": "1"}], "timestamp": "1769384504534", "event_type": "price_change"}}
{"_local_timestamp": "2026-01-25T23:41:44.716217+00:00", "data": {"market": "0x74fc87e04bd4ae1b85bda587029a59a169707325a2dbd3b972517d4e10fd0269", "price_changes": [{"asset_id": "82242414095510638766532800389388243947033505091781696693524002178349887333504", "price": "0.007", "size": "0", "side": "SELL", "hash": "2f314f48e9a950935c2ccd2fbf6d850eeb73fe3c", "best_bid": "0", "best_ask": "0.001"}, {"asset_id": "48392014676251991193123843994238661553149062210811998875684393414386858636995", "price": "0.993", "size": "0", "side": "BUY", "hash": "55fa91e1fb033798246111c20225a2e0f2d92ffd", "best_bid": "0.999", "best_ask": "1"}], "timestamp": "1769384504640", "event_type": "price_change"}}
{"_local_timestamp": "2026-01-25T23:41:44.775938+00:00", "data": {"market": "0x74fc87e04bd4ae1b85bda587029a59a169707325a2dbd3b972517d4e10fd0269", "price_changes": [{"asset_id": "82242414095510638766532800389388243947033505091781696693524002178349887333504", "price": "0.005", "size": "10.47", "side": "SELL", "hash": "7483812d2952c451718c5d85a171f8395ab9f44c", "best_bid": "0", "best_ask": "0.001"}, {"asset_id": "48392014676251991193123843994238661553149062210811998875684393414386858636995", "price": "0.995", "size": "10.47", "side": "BUY", "hash": "952abbb9737c315426bba09d382e52005b2fe8d2", "best_bid": "0.999", "best_ask": "1"}], "timestamp": "1769384504702", "event_type": "price_change"}}
{"_local_timestamp": "2026-01-25T23:41:44.965267+00:00", "data": {"market": "0x74fc87e04bd4ae1b85bda587029a59a169707325a2dbd3b972517d4e10fd0269", "price_changes": [{"asset_id": "82242414095510638766532800389388243947033505091781696693524002178349887333504", "price": "0.006", "size": "17.07", "side": "SELL", "hash": "26c16fd5e6586640063d455c405079c584075f64", "best_bid": "0", "best_ask": "0.001"}, {"asset_id": "48392014676251991193123843994238661553149062210811998875684393414386858636995", "price": "0.994", "size": "17.07", "side": "BUY", "hash": "42ed36d7ddad0b39f7b628bb538a38874d4cc1df", "best_bid": "0.999", "best_ask": "1"}], "timestamp": "1769384504899", "event_type": "price_change"}}
{"_local_timestamp": "2026-01-25T23:41:45.930642+00:00", "data": {"market": "0x74fc87e04bd4ae1b85bda587029a59a169707325a2dbd3b972517d4e10fd0269", "price_changes": [{"asset_id": "82242414095510638766532800389388243947033505091781696693524002178349887333504", "price": "0.006", "size": "8.53", "side": "SELL", "hash": "cda712568795b3fe235116ed9cea56ebddeb9619", "best_bid": "0", "best_ask": "0.001"}, {"asset_id": "48392014676251991193123843994238661553149062210811998875684393414386858636995", "price": "0.994", "size": "8.53", "side": "BUY", "hash": "4b04759139c7566c24b8908f95609bf3f9910ca3", "best_bid": "0.999", "best_ask": "1"}], "timestamp": "1769384505861", "event_type": "price_change"}}
{"_local_timestamp": "2026-01-25T23:41:46.437195+00:00", "data": {"market": "0x74fc87e04bd4ae1b85bda587029a59a169707325a2dbd3b972517d4e10fd0269", "price_changes": [{"asset_id": "82242414095510638766532800389388243947033505091781696693524002178349887333504", "price": "0.008", "size": "44.83", "side": "SELL", "hash": "3718b922421a1327b2d44027333106e2b9cc5946", "best_bid": "0", "best_ask": "0.001"}, {"asset_id": "48392014676251991193123843994238661553149062210811998875684393414386858636995", "price": "0.992", "size": "44.83", "side": "BUY", "hash": "76b86e58354b5bd30a3476002341724ff2b960bc", "best_bid": "0.999", "best_ask": "1"}], "timestamp": "1769384506363", "event_type": "price_change"}}
{"_local_timestamp": "2026-01-25T23:41:47.035019+00:00", "data": {"market": "0x74fc87e04bd4ae1b85bda587029a59a169707325a2dbd3b972517d4e10fd0269", "price_changes": [{"asset_id": "82242414095510638766532800389388243947033505091781696693524002178349887333504", "price": "0.006", "size": "0", "side": "SELL", "hash": "a83199805b34fa4da30bac083bec3159ace5a61a", "best_bid": "0", "best_ask": "0.001"}, {"asset_id": "48392014676251991193123843994238661553149062210811998875684393414386858636995", "price": "0.994", "size": "0", "side": "BUY", "hash": "5321f60e7f9e56b209b06565dada0b5a9f877667", "best_bid": "0.999", "best_ask": "1"}], "timestamp": "1769384506964", "event_type": "price_change"}}
{"_local_timestamp": "2026-01-25T23:41:47.312481+00:00", "data": {"market": "0x74fc87e04bd4ae1b85bda587029a59a169707325a2dbd3b972517d4e10fd0269", "price_changes": [{"asset_id": "82242414095510638766532800389388243947033505091781696693524002178349887333504", "price": "0.008", "size": "53.36", "side": "SELL", "hash": "796951893c8ba5c7ee9e25a5a048238849578565", "best_bid": "0", "best_ask": "0.001"}, {"asset_id": "48392014676251991193123843994238661553149062210811998875684393414386858636995", "price": "0.992", "size": "53.36", "side": "BUY", "hash": "d51e24171fd32ab62a3a450fc620837a80d9e73d", "best_bid": "0.999", "best_ask": "1"}], "timestamp": "1769384507250", "event_type": "price_change"}}
{"_local_timestamp": "2026-01-25T23:41:47.899483+00:00", "data": {"market": "0x74fc87e04bd4ae1b85bda587029a59a169707325a2dbd3b972517d4e10fd0269", "price_changes": [{"asset_id": "82242414095510638766532800389388243947033505091781696693524002178349887333504", "price": "0.005", "size": "0", "side": "SELL", "hash": "c4ee6d0e09a5ddebda26001a2d3dde0273f4522f", "best_bid": "0", "best_ask": "0.001"}, {"asset_id": "48392014676251991193123843994238661553149062210811998875684393414386858636995", "price": "0.995", "size": "0", "side": "BUY", "hash": "16cd64c6967ff12207969f687487afc3771724f3", "best_bid": "0.999", "best_ask": "1"}], "timestamp": "1769384507821", "event_type": "price_change"}}
{"_local_timestamp": "2026-01-25T23:41:47.946206+00:00", "data": {"market": "0x74fc87e04bd4ae1b85bda587029a59a169707325a2dbd3b972517d4e10fd0269", "price_changes": [{"asset_id": "82242414095510638766532800389388243947033505091781696693524002178349887333504", "price": "0.007", "size": "10.47", "side": "SELL", "hash": "b0af2acc3d7c1f4f89677e0526a699bb64428cda", "best_bid": "0", "best_ask": "0.001"}, {"asset_id": "48392014676251991193123843994238661553149062210811998875684393414386858636995", "price": "0.993", "size": "10.47", "side": "BUY", "hash": "33d3dc90dbcb753cf2cdc921fd6043d6fbb8ff6b", "best_bid": "0.999", "best_ask": "1"}], "timestamp": "1769384507882", "event_type": "price_change"}}
{"_local_timestamp": "2026-01-25T23:41:48.318925+00:00", "data": {"market": "0x74fc87e04bd4ae1b85bda587029a59a169707325a2dbd3b972517d4e10fd0269", "price_changes": [{"asset_id": "82242414095510638766532800389388243947033505091781696693524002178349887333504", "price": "0.008", "size": "44.82", "side": "SELL", "hash": "b07f6222a98deab6a45f1262d5a75a222529959c", "best_bid": "0", "best_ask": "0.001"}, {"asset_id": "48392014676251991193123843994238661553149062210811998875684393414386858636995", "price": "0.992", "size": "44.82", "side": "BUY", "hash": "3f6ee5f5c6acbec507e5c17e8d81eb9e109733da", "best_bid": "0.999", "best_ask": "1"}], "timestamp": "1769384508251", "event_type": "price_change"}}
{"_local_timestamp": "2026-01-25T23:41:48.651652+00:00", "data": {"market": "0x74fc87e04bd4ae1b85bda587029a59a169707325a2dbd3b972517d4e10fd0269", "price_changes": [{"asset_id": "82242414095510638766532800389388243947033505091781696693524002178349887333504", "price": "0.006", "size": "8.54", "side": "SELL", "hash": "92a8ae9ced36a6a211ad3f2ece116e2d77957fd5", "best_bid": "0", "best_ask": "0.001"}, {"asset_id": "48392014676251991193123843994238661553149062210811998875684393414386858636995", "price": "0.994", "size": "8.54", "side": "BUY", "hash": "662263d7731a9f98c19db71c654510a56d5a483b", "best_bid": "0.999", "best_ask": "1"}], "timestamp": "1769384508582", "event_type": "price_change"}}
{"_local_timestamp": "2026-01-25T23:41:49.174070+00:00", "data": {"market": "0x74fc87e04bd4ae1b85bda587029a59a169707325a2dbd3b972517d4e10fd0269", "price_changes": [{"asset_id": "82242414095510638766532800389388243947033505091781696693524002178349887333504", "price": "0.008", "size": "36.29", "side": "SELL", "hash": "ab598543e09f07c27ff35c903410d1c97e6daf44", "best_bid": "0", "best_ask": "0.001"}, {"asset_id": "48392014676251991193123843994238661553149062210811998875684393414386858636995", "price": "0.992", "size": "36.29", "side": "BUY", "hash": "734904bfaf7cd9e127ac3646c248ba7fbc04b516", "best_bid": "0.999", "best_ask": "1"}], "timestamp": "1769384509079", "event_type": "price_change"}}
{"_local_timestamp": "2026-01-25T23:41:49.414228+00:00", "data": {"market": "0x74fc87e04bd4ae1b85bda587029a59a169707325a2dbd3b972517d4e10fd0269", "price_changes": [{"asset_id": "82242414095510638766532800389388243947033505091781696693524002178349887333504", "price": "0.007", "size": "0", "side": "SELL", "hash": "750401207ffdaf64c2a03f7a84280f551783285d", "best_bid": "0", "best_ask": "0.001"}, {"asset_id": "48392014676251991193123843994238661553149062210811998875684393414386858636995", "price": "0.993", "size": "0", "side": "BUY", "hash": "86f341eec229774a400b9748dcbecd6d2495def6", "best_bid": "0.999", "best_ask": "1"}], "timestamp": "1769384509334", "event_type": "price_change"}}
{"_local_timestamp": "2026-01-25T23:41:49.422946+00:00", "data": {"market": "0x74fc87e04bd4ae1b85bda587029a59a169707325a2dbd3b972517d4e10fd0269", "price_changes": [{"asset_id": "82242414095510638766532800389388243947033505091781696693524002178349887333504", "price": "0.006", "size": "17.07", "side": "SELL", "hash": "630a1d6c15ea687c5b2912e8f079a690aaacb0e1", "best_bid": "0", "best_ask": "0.001"}, {"asset_id": "48392014676251991193123843994238661553149062210811998875684393414386858636995", "price": "0.994", "size": "17.07", "side": "BUY", "hash": "697dcff5a243d34726a97b75f28ea03a3fbd2ffa", "best_bid": "0.999", "best_ask": "1"}], "timestamp": "1769384509348", "event_type": "price_change"}}
{"_local_timestamp": "2026-01-25T23:41:49.487623+00:00", "data": {"market": "0x74fc87e04bd4ae1b85bda587029a59a169707325a2dbd3b972517d4e10fd0269", "price_changes": [{"asset_id": "82242414095510638766532800389388243947033505091781696693524002178349887333504", "price": "0.005", "size": "10.47", "side": "SELL", "hash": "b0f78a11058e52a42071f5e8efb82c937a34fa23", "best_bid": "0", "best_ask": "0.001"}, {"asset_id": "48392014676251991193123843994238661553149062210811998875684393414386858636995", "price": "0.995", "size": "10.47", "side": "BUY", "hash": "32c0de071dbe6f900a1cea9d338009d583e495b9", "best_bid": "0.999", "best_ask": "1"}], "timestamp": "1769384509404", "event_type": "price_change"}}
{"_local_timestamp": "2026-01-25T23:41:49.590494+00:00", "data": {"market": "0x74fc87e04bd4ae1b85bda587029a59a169707325a2dbd3b972517d4e10fd0269", "price_changes": [{"asset_id": "82242414095510638766532800389388243947033505091781696693524002178349887333504", "price": "0.006", "size": "8.53", "side": "SELL", "hash": "efd06f66adde60031279ccc1f40b534f1f08da3b", "best_bid": "0", "best_ask": "0.001"}, {"asset_id": "48392014676251991193123843994238661553149062210811998875684393414386858636995", "price": "0.994", "size": "8.53", "side": "BUY", "hash": "d1f014347429447c3c2bdd43a4ac0cd66ebc2496", "best_bid": "0.999", "best_ask": "1"}], "timestamp": "1769384509516", "event_type": "price_change"}}
{"_local_timestamp": "2026-01-25T23:41:49.926706+00:00", "data": {"market": "0x74fc87e04bd4ae1b85bda587029a59a169707325a2dbd3b972517d4e10fd0269", "price_changes": [{"asset_id": "82242414095510638766532800389388243947033505091781696693524002178349887333504", "price": "0.008", "size": "44.83", "side": "SELL", "hash": "3644aac47935166e5fd101071b9b43eed32ac2d8", "best_bid": "0", "best_ask": "0.001"}, {"asset_id": "48392014676251991193123843994238661553149062210811998875684393414386858636995", "price": "0.992", "size": "44.83", "side": "BUY", "hash": "d2727cdd6e56577a201caf6c7d1686e3f7bfc495", "best_bid": "0.999", "best_ask": "1"}], "timestamp": "1769384509846", "event_type": "price_change"}}
{"_local_timestamp": "2026-01-25T23:41:50.434869+00:00", "data": {"market": "0x74fc87e04bd4ae1b85bda587029a59a169707325a2dbd3b972517d4e10fd0269", "price_changes": [{"asset_id": "82242414095510638766532800389388243947033505091781696693524002178349887333504", "price": "0.006", "size": "0", "side": "SELL", "hash": "1a9a71d6dd769f7ff4522d2279f5c1a9e955c432", "best_bid": "0", "best_ask": "0.001"}, {"asset_id": "48392014676251991193123843994238661553149062210811998875684393414386858636995", "price": "0.994", "size": "0", "side": "BUY", "hash": "6cdcedaec8ec3b2bf2fd9b319b04bfab38dac5ad", "best_bid": "0.999", "best_ask": "1"}], "timestamp": "1769384510358", "event_type": "price_change"}}
{"_local_timestamp": "2026-01-25T23:41:50.676214+00:00", "data": {"market": "0x74fc87e04bd4ae1b85bda587029a59a169707325a2dbd3b972517d4e10fd0269", "price_changes": [{"asset_id": "82242414095510638766532800389388243947033505091781696693524002178349887333504", "price": "0.008", "size": "53.36", "side": "SELL", "hash": "86af7dcba71b1ed1ec927d0689f8a5725d2ee0c1", "best_bid": "0", "best_ask": "0.001"}, {"asset_id": "48392014676251991193123843994238661553149062210811998875684393414386858636995", "price": "0.992", "size": "53.36", "side": "BUY", "hash": "d0b29cbc8eee4da7c8b9d8d04b19d91fc979094d", "best_bid": "0.999", "best_ask": "1"}], "timestamp": "1769384510604", "event_type": "price_change"}}
{"_local_timestamp": "2026-01-25T23:41:52.420867+00:00", "data": {"market": "0x74fc87e04bd4ae1b85bda587029a59a169707325a2dbd3b972517d4e10fd0269", "price_changes": [{"asset_id": "82242414095510638766532800389388243947033505091781696693524002178349887333504", "price": "0.005", "size": "0", "side": "SELL", "hash": "d453a1fc4e7c18e6937e8aca5225bf6dc2ba86ef", "best_bid": "0", "best_ask": "0.001"}, {"asset_id": "48392014676251991193123843994238661553149062210811998875684393414386858636995", "price": "0.995", "size": "0", "side": "BUY", "hash": "5c1d35cede3f2c6b8c8562237ca233c7f3047111", "best_bid": "0.999", "best_ask": "1"}], "timestamp": "1769384512342", "event_type": "price_change"}}
{"_local_timestamp": "2026-01-25T23:41:52.461432+00:00", "data": {"market": "0x74fc87e04bd4ae1b85bda587029a59a169707325a2dbd3b972517d4e10fd0269", "price_changes": [{"asset_id": "82242414095510638766532800389388243947033505091781696693524002178349887333504", "price": "0.007", "size": "10.47", "side": "SELL", "hash": "557d3fde2d7c8364e4f8e3a54ba11827bc0b979d", "best_bid": "0", "best_ask": "0.001"}, {"asset_id": "48392014676251991193123843994238661553149062210811998875684393414386858636995", "price": "0.993", "size": "10.47", "side": "BUY", "hash": "5b84249c907d8c0f1442e2b5a474c7dc41be6564", "best_bid": "0.999", "best_ask": "1"}], "timestamp": "1769384512390", "event_type": "price_change"}}
{"_local_timestamp": "2026-01-25T23:41:52.810945+00:00", "data": {"market": "0x74fc87e04bd4ae1b85bda587029a59a169707325a2dbd3b972517d4e10fd0269", "price_changes": [{"asset_id": "82242414095510638766532800389388243947033505091781696693524002178349887333504", "price": "0.008", "size": "44.82", "side": "SELL", "hash": "44abd6ea8dc384628195b1d1fd0ec85f76e25fbe", "best_bid": "0", "best_ask": "0.001"}, {"asset_id": "48392014676251991193123843994238661553149062210811998875684393414386858636995", "price": "0.992", "size": "44.82", "side": "BUY", "hash": "627ea187ef64727193caacb3ae50c2933fd9dbda", "best_bid": "0.999", "best_ask": "1"}], "timestamp": "1769384512658", "event_type": "price_change"}}
{"_local_timestamp": "2026-01-25T23:41:53.187554+00:00", "data": {"market": "0x74fc87e04bd4ae1b85bda587029a59a169707325a2dbd3b972517d4e10fd0269", "price_changes": [{"asset_id": "82242414095510638766532800389388243947033505091781696693524002178349887333504", "price": "0.006", "size": "8.54", "side": "SELL", "hash": "d0bcab258053c453de5c142425054fb39bff3c64", "best_bid": "0", "best_ask": "0.001"}, {"asset_id": "48392014676251991193123843994238661553149062210811998875684393414386858636995", "price": "0.994", "size": "8.54", "side": "BUY", "hash": "2e2faa9c70003b6d8a10b36c1c494b064f2ba4a5", "best_bid": "0.999", "best_ask": "1"}], "timestamp": "1769384512919", "event_type": "price_change"}}
{"_local_timestamp": "2026-01-25T23:41:53.556035+00:00", "data": {"market": "0x74fc87e04bd4ae1b85bda587029a59a169707325a2dbd3b972517d4e10fd0269", "price_changes": [{"asset_id": "82242414095510638766532800389388243947033505091781696693524002178349887333504", "price": "0.008", "size": "36.29", "side": "SELL", "hash": "a4b021088809247691a9cf9f65d9a914da6de3bf", "best_bid": "0", "best_ask": "0.001"}, {"asset_id": "48392014676251991193123843994238661553149062210811998875684393414386858636995", "price": "0.992", "size": "36.29", "side": "BUY", "hash": "8555a7ebf7448f9470cd31d79a7565329693aff7", "best_bid": "0.999", "best_ask": "1"}], "timestamp": "1769384513488", "event_type": "price_change"}}
{"_local_timestamp": "2026-01-25T23:41:53.734724+00:00", "data": {"market": "0x74fc87e04bd4ae1b85bda587029a59a169707325a2dbd3b972517d4e10fd0269", "price_changes": [{"asset_id": "82242414095510638766532800389388243947033505091781696693524002178349887333504", "price": "0.006", "size": "17.07", "side": "SELL", "hash": "37458ea310aa624a8643312f2dbb6e3a4badbe92", "best_bid": "0", "best_ask": "0.001"}, {"asset_id": "48392014676251991193123843994238661553149062210811998875684393414386858636995", "price": "0.994", "size": "17.07", "side": "BUY", "hash": "5a017551e682d834309f09d9a1d6756e55b87602", "best_bid": "0.999", "best_ask": "1"}], "timestamp": "1769384513666", "event_type": "price_change"}}
{"_local_timestamp": "2026-01-25T23:41:53.844848+00:00", "data": {"market": "0x74fc87e04bd4ae1b85bda587029a59a169707325a2dbd3b972517d4e10fd0269", "price_changes": [{"asset_id": "82242414095510638766532800389388243947033505091781696693524002178349887333504", "price": "0.007", "size": "0", "side": "SELL", "hash": "ab638c1fc8caa05d34e514cc9169f91ecf636d9d", "best_bid": "0", "best_ask": "0.001"}, {"asset_id": "48392014676251991193123843994238661553149062210811998875684393414386858636995", "price": "0.993", "size": "0", "side": "BUY", "hash": "fb40f57e5fe91141b41c2a75fce7ea725bc228e9", "best_bid": "0.999", "best_ask": "1"}], "timestamp": "1769384513769", "event_type": "price_change"}}
{"_local_timestamp": "2026-01-25T23:41:53.919186+00:00", "data": {"market": "0x74fc87e04bd4ae1b85bda587029a59a169707325a2dbd3b972517d4e10fd0269", "price_changes": [{"asset_id": "82242414095510638766532800389388243947033505091781696693524002178349887333504", "price": "0.005", "size": "10.47", "side": "SELL", "hash": "c5eb42fd8b98802ff9833c88ae32a7efe9878260", "best_bid": "0", "best_ask": "0.001"}, {"asset_id": "48392014676251991193123843994238661553149062210811998875684393414386858636995", "price": "0.995", "size": "10.47", "side": "BUY", "hash": "2ec75c0367f622e3bf2c8e08b4a3a4043e9b56ec", "best_bid": "0.999", "best_ask": "1"}], "timestamp": "1769384513846", "event_type": "price_change"}}
{"_local_timestamp": "2026-01-25T23:41:54.411349+00:00", "data": {"market": "0x74fc87e04bd4ae1b85bda587029a59a169707325a2dbd3b972517d4e10fd0269", "price_changes": [{"asset_id": "82242414095510638766532800389388243947033505091781696693524002178349887333504", "price": "0.006", "size": "8.53", "side": "SELL", "hash": "2f00056f73d2a5dfc1ac6f07953ae8e77de4978b", "best_bid": "0", "best_ask": "0.001"}, {"asset_id": "48392014676251991193123843994238661553149062210811998875684393414386858636995", "price": "0.994", "size": "8.53", "side": "BUY", "hash": "57542c1b0acb37c5393c73f9d5cf77ee254292a4", "best_bid": "0.999", "best_ask": "1"}], "timestamp": "1769384514339", "event_type": "price_change"}}
{"_local_timestamp": "2026-01-25T23:41:54.842713+00:00", "data": {"market": "0x74fc87e04bd4ae1b85bda587029a59a169707325a2dbd3b972517d4e10fd0269", "price_changes": [{"asset_id": "82242414095510638766532800389388243947033505091781696693524002178349887333504", "price": "0.008", "size": "44.83", "side": "SELL", "hash": "c03b03257cab3bc2dca82429bbdbd03ee022bde5", "best_bid": "0", "best_ask": "0.001"}, {"asset_id": "48392014676251991193123843994238661553149062210811998875684393414386858636995", "price": "0.992", "size": "44.83", "side": "BUY", "hash": "abbc6508cb46c1f6d1183fbf4b480b1c764c5392", "best_bid": "0.999", "best_ask": "1"}], "timestamp": "1769384514776", "event_type": "price_change"}}
{"_local_timestamp": "2026-01-25T23:41:55.272303+00:00", "data": {"market": "0x74fc87e04bd4ae1b85bda587029a59a169707325a2dbd3b972517d4e10fd0269", "price_changes": [{"asset_id": "82242414095510638766532800389388243947033505091781696693524002178349887333504", "price": "0.006", "size": "0", "side": "SELL", "hash": "b693ec9d6b821b6682968f13ea49af8435e15dbc", "best_bid": "0", "best_ask": "0.001"}, {"asset_id": "48392014676251991193123843994238661553149062210811998875684393414386858636995", "price": "0.994", "size": "0", "side": "BUY", "hash": "486a5008dd1298f6a6cab62cab747ffd7df7081f", "best_bid": "0.999", "best_ask": "1"}], "timestamp": "1769384515202", "event_type": "price_change"}}
{"_local_timestamp": "2026-01-25T23:41:55.600965+00:00", "data": {"market": "0x74fc87e04bd4ae1b85bda587029a59a169707325a2dbd3b972517d4e10fd0269", "price_changes": [{"asset_id": "82242414095510638766532800389388243947033505091781696693524002178349887333504", "price": "0.008", "size": "53.36", "side": "SELL", "hash": "52aa60202a1ad0df44f01516a769a4ef7db61219", "best_bid": "0", "best_ask": "0.001"}, {"asset_id": "48392014676251991193123843994238661553149062210811998875684393414386858636995", "price": "0.992", "size": "53.36", "side": "BUY", "hash": "70c88215517abda14cc06d61c77c920a1c1d276d", "best_bid": "0.999", "best_ask": "1"}], "timestamp": "1769384515520", "event_type": "price_change"}}
{"_local_timestamp": "2026-01-25T23:41:56.883894+00:00", "data": {"market": "0x74fc87e04bd4ae1b85bda587029a59a169707325a2dbd3b972517d4e10fd0269", "price_changes": [{"asset_id": "82242414095510638766532800389388243947033505091781696693524002178349887333504", "price": "0.005", "size": "0", "side": "SELL", "hash": "44f10660526007fbd6ff1304fee4995be93d8869", "best_bid": "0", "best_ask": "0.001"}, {"asset_id": "48392014676251991193123843994238661553149062210811998875684393414386858636995", "price": "0.995", "size": "0", "side": "BUY", "hash": "8b84379dbde7540d177b6d5cf6275ac77335d3ec", "best_bid": "0.999", "best_ask": "1"}], "timestamp": "1769384516812", "event_type": "price_change"}}
{"_local_timestamp": "2026-01-25T23:41:56.945732+00:00", "data": {"market": "0x74fc87e04bd4ae1b85bda587029a59a169707325a2dbd3b972517d4e10fd0269", "price_changes": [{"asset_id": "82242414095510638766532800389388243947033505091781696693524002178349887333504", "price": "0.007", "size": "10.47", "side": "SELL", "hash": "0714377e809e3bf680bac1dee5d7efcc5501e183", "best_bid": "0", "best_ask": "0.001"}, {"asset_id": "48392014676251991193123843994238661553149062210811998875684393414386858636995", "price": "0.993", "size": "10.47", "side": "BUY", "hash": "808da954a678da1e66ada9f43041e03f63c27f17", "best_bid": "0.999", "best_ask": "1"}], "timestamp": "1769384516876", "event_type": "price_change"}}
{"_local_timestamp": "2026-01-25T23:41:57.676719+00:00", "data": {"market": "0x74fc87e04bd4ae1b85bda587029a59a169707325a2dbd3b972517d4e10fd0269", "price_changes": [{"asset_id": "82242414095510638766532800389388243947033505091781696693524002178349887333504", "price": "0.008", "size": "44.82", "side": "SELL", "hash": "b920e14cba8f15a22080a78a9a0d113875142e30", "best_bid": "0", "best_ask": "0.001"}, {"asset_id": "48392014676251991193123843994238661553149062210811998875684393414386858636995", "price": "0.992", "size": "44.82", "side": "BUY", "hash": "9d3d630e570929bb525b910f68965e618dbe4911", "best_bid": "0.999", "best_ask": "1"}], "timestamp": "1769384517611", "event_type": "price_change"}}
{"_local_timestamp": "2026-01-25T23:41:58.045122+00:00", "data": {"market": "0x74fc87e04bd4ae1b85bda587029a59a169707325a2dbd3b972517d4e10fd0269", "price_changes": [{"asset_id": "82242414095510638766532800389388243947033505091781696693524002178349887333504", "price": "0.006", "size": "8.54", "side": "SELL", "hash": "24ae7cfea0e1eb8d549177915165047e78736826", "best_bid": "0", "best_ask": "0.001"}, {"asset_id": "48392014676251991193123843994238661553149062210811998875684393414386858636995", "price": "0.994", "size": "8.54", "side": "BUY", "hash": "392e21acbbf8986ee75fb9823911786b4e7efa0f", "best_bid": "0.999", "best_ask": "1"}], "timestamp": "1769384517972", "event_type": "price_change"}}
{"_local_timestamp": "2026-01-25T23:41:58.387187+00:00", "data": {"market": "0x74fc87e04bd4ae1b85bda587029a59a169707325a2dbd3b972517d4e10fd0269", "price_changes": [{"asset_id": "82242414095510638766532800389388243947033505091781696693524002178349887333504", "price": "0.007", "size": "0", "side": "SELL", "hash": "13858ed5279ca82889e79a4aa6b85a681780692b", "best_bid": "0", "best_ask": "0.001"}, {"asset_id": "48392014676251991193123843994238661553149062210811998875684393414386858636995", "price": "0.993", "size": "0", "side": "BUY", "hash": "32ba1b33e1a4c2345a4be0da1e9ed017fef77e39", "best_bid": "0.999", "best_ask": "1"}], "timestamp": "1769384518315", "event_type": "price_change"}}
{"_local_timestamp": "2026-01-25T23:41:58.438294+00:00", "data": {"market": "0x74fc87e04bd4ae1b85bda587029a59a169707325a2dbd3b972517d4e10fd0269", "price_changes": [{"asset_id": "82242414095510638766532800389388243947033505091781696693524002178349887333504", "price": "0.005", "size": "10.47", "side": "SELL", "hash": "ff1e453113256f3db5d29d0febff8db0b923835a", "best_bid": "0", "best_ask": "0.001"}, {"asset_id": "48392014676251991193123843994238661553149062210811998875684393414386858636995", "price": "0.995", "size": "10.47", "side": "BUY", "hash": "27a377dc42920528abf8f80d864226d90151ee81", "best_bid": "0.999", "best_ask": "1"}], "timestamp": "1769384518365", "event_type": "price_change"}}
{"_local_timestamp": "2026-01-25T23:41:58.518276+00:00", "data": {"market": "0x74fc87e04bd4ae1b85bda587029a59a169707325a2dbd3b972517d4e10fd0269", "price_changes": [{"asset_id": "82242414095510638766532800389388243947033505091781696693524002178349887333504", "price": "0.008", "size": "36.29", "side": "SELL", "hash": "7c2635121b6a05b0f22d7fb6b8a870baa769f3d3", "best_bid": "0", "best_ask": "0.001"}, {"asset_id": "48392014676251991193123843994238661553149062210811998875684393414386858636995", "price": "0.992", "size": "36.29", "side": "BUY", "hash": "63594f5043abd717232ae46428184091a94ed206", "best_bid": "0.999", "best_ask": "1"}], "timestamp": "1769384518451", "event_type": "price_change"}}
{"_local_timestamp": "2026-01-25T23:41:58.789002+00:00", "data": {"market": "0x74fc87e04bd4ae1b85bda587029a59a169707325a2dbd3b972517d4e10fd0269", "price_changes": [{"asset_id": "82242414095510638766532800389388243947033505091781696693524002178349887333504", "price": "0.008", "size": "44.82", "side": "SELL", "hash": "2d22b91c0a97ee83e2604c7508b400bc9e3d7159", "best_bid": "0", "best_ask": "0.001"}, {"asset_id": "48392014676251991193123843994238661553149062210811998875684393414386858636995", "price": "0.992", "size": "44.82", "side": "BUY", "hash": "b036598b59b813e2c700744292b34fe6244726da", "best_bid": "0.999", "best_ask": "1"}], "timestamp": "1769384518720", "event_type": "price_change"}}
{"_local_timestamp": "2026-01-25T23:41:58.948978+00:00", "data": {"market": "0x74fc87e04bd4ae1b85bda587029a59a169707325a2dbd3b972517d4e10fd0269", "price_changes": [{"asset_id": "82242414095510638766532800389388243947033505091781696693524002178349887333504", "price": "0.006", "size": "0", "side": "SELL", "hash": "b5a5d52765a3798ed1a07d539755da8231c70bed", "best_bid": "0", "best_ask": "0.001"}, {"asset_id": "48392014676251991193123843994238661553149062210811998875684393414386858636995", "price": "0.994", "size": "0", "side": "BUY", "hash": "deb0ce4660a016d4845dbe21e3f72d79bb9642ba", "best_bid": "0.999", "best_ask": "1"}], "timestamp": "1769384518878", "event_type": "price_change"}}
{"_local_timestamp": "2026-01-25T23:41:59.284216+00:00", "data": {"market": "0x74fc87e04bd4ae1b85bda587029a59a169707325a2dbd3b972517d4e10fd0269", "price_changes": [{"asset_id": "82242414095510638766532800389388243947033505091781696693524002178349887333504", "price": "0.008", "size": "53.36", "side": "SELL", "hash": "94bc5602ffafdcc26b899bb4a49e86c923ce3804", "best_bid": "0", "best_ask": "0.001"}, {"asset_id": "48392014676251991193123843994238661553149062210811998875684393414386858636995", "price": "0.992", "size": "53.36", "side": "BUY", "hash": "90ee13d366ce5ba80ab5038edf44d09a0219e299", "best_bid": "0.999", "best_ask": "1"}], "timestamp": "1769384519216", "event_type": "price_change"}}
{"_local_timestamp": "2026-01-25T23:41:59.765334+00:00", "data": {"market": "0x74fc87e04bd4ae1b85bda587029a59a169707325a2dbd3b972517d4e10fd0269", "price_changes": [{"asset_id": "82242414095510638766532800389388243947033505091781696693524002178349887333504", "price": "0.005", "size": "0", "side": "SELL", "hash": "0b1bc0b79d561d22f88d21390ba98a927deae2ea", "best_bid": "0", "best_ask": "0.001"}, {"asset_id": "48392014676251991193123843994238661553149062210811998875684393414386858636995", "price": "0.995", "size": "0", "side": "BUY", "hash": "59b2a224b35782c1b057e072e754b129f0e4cb26", "best_bid": "0.999", "best_ask": "1"}], "timestamp": "1769384519690", "event_type": "price_change"}}
{"_local_timestamp": "2026-01-25T23:41:59.808414+00:00", "data": {"market": "0x74fc87e04bd4ae1b85bda587029a59a169707325a2dbd3b972517d4e10fd0269", "price_changes": [{"asset_id": "82242414095510638766532800389388243947033505091781696693524002178349887333504", "price": "0.007", "size": "10.47", "side": "SELL", "hash": "c7b5ed5d3a4ca04fdf6f94106bcf370cfe45ea54", "best_bid": "0", "best_ask": "0.001"}, {"asset_id": "48392014676251991193123843994238661553149062210811998875684393414386858636995", "price": "0.993", "size": "10.47", "side": "BUY", "hash": "5ef79c40b5656321300f58481f71940c0526fbcd", "best_bid": "0.999", "best_ask": "1"}], "timestamp": "1769384519738", "event_type": "price_change"}}
{"_local_timestamp": "2026-01-25T23:42:00.134197+00:00", "data": {"market": "0x74fc87e04bd4ae1b85bda587029a59a169707325a2dbd3b972517d4e10fd0269", "price_changes": [{"asset_id": "82242414095510638766532800389388243947033505091781696693524002178349887333504", "price": "0.008", "size": "44.82", "side": "SELL", "hash": "5f05fc31b8fdf83746d9c64461dc7f4b2846a4e7", "best_bid": "0", "best_ask": "0.001"}, {"asset_id": "48392014676251991193123843994238661553149062210811998875684393414386858636995", "price": "0.992", "size": "44.82", "side": "BUY", "hash": "d1bb85aee008636c9d3792193b3fcde727853a53", "best_bid": "0.999", "best_ask": "1"}], "timestamp": "1769384520025", "event_type": "price_change"}}
{"_local_timestamp": "2026-01-25T23:42:00.492336+00:00", "data": {"market": "0x74fc87e04bd4ae1b85bda587029a59a169707325a2dbd3b972517d4e10fd0269", "price_changes": [{"asset_id": "82242414095510638766532800389388243947033505091781696693524002178349887333504", "price": "0.006", "size": "8.54", "side": "SELL", "hash": "20a0c9b595127356bb8b321a619ab6e295b83bad", "best_bid": "0", "best_ask": "0.001"}, {"asset_id": "48392014676251991193123843994238661553149062210811998875684393414386858636995", "price": "0.994", "size": "8.54", "side": "BUY", "hash": "e07fa24591a3fc3d71697cb62fac7ade483fbb1c", "best_bid": "0.999", "best_ask": "1"}], "timestamp": "1769384520424", "event_type": "price_change"}}
{"_local_timestamp": "2026-01-25T23:42:00.941012+00:00", "data": {"market": "0x74fc87e04bd4ae1b85bda587029a59a169707325a2dbd3b972517d4e10fd0269", "price_changes": [{"asset_id": "82242414095510638766532800389388243947033505091781696693524002178349887333504", "price": "0.008", "size": "36.29", "side": "SELL", "hash": "9554a53ee436f883b11c6bde31b7827fc8069386", "best_bid": "0", "best_ask": "0.001"}, {"asset_id": "48392014676251991193123843994238661553149062210811998875684393414386858636995", "price": "0.992", "size": "36.29", "side": "BUY", "hash": "583caec03ccf9e1deacdf39744ecc29ce4157b90", "best_bid": "0.999", "best_ask": "1"}], "timestamp": "1769384520867", "event_type": "price_change"}}
{"_local_timestamp": "2026-01-25T23:42:01.196228+00:00", "data": {"market": "0x74fc87e04bd4ae1b85bda587029a59a169707325a2dbd3b972517d4e10fd0269", "price_changes": [{"asset_id": "82242414095510638766532800389388243947033505091781696693524002178349887333504", "price": "0.007", "size": "0", "side": "SELL", "hash": "2c065577f9eddf780f33752d1563263ff93291c5", "best_bid": "0", "best_ask": "0.001"}, {"asset_id": "48392014676251991193123843994238661553149062210811998875684393414386858636995", "price": "0.993", "size": "0", "side": "BUY", "hash": "361d6873a9fb154bb96cd2f56c553308e67ffb47", "best_bid": "0.999", "best_ask": "1"}], "timestamp": "1769384521123", "event_type": "price_change"}}
{"_local_timestamp": "2026-01-25T23:42:01.227418+00:00", "data": {"market": "0x74fc87e04bd4ae1b85bda587029a59a169707325a2dbd3b972517d4e10fd0269", "price_changes": [{"asset_id": "82242414095510638766532800389388243947033505091781696693524002178349887333504", "price": "0.006", "size": "17.07", "side": "SELL", "hash": "7efcc9e8f9ef7aaff3b0bbb4a56a2d7e77411407", "best_bid": "0", "best_ask": "0.001"}, {"asset_id": "48392014676251991193123843994238661553149062210811998875684393414386858636995", "price": "0.994", "size": "17.07", "side": "BUY", "hash": "136917a0d448b6f81b2cae36a87e8669692ece0a", "best_bid": "0.999", "best_ask": "1"}], "timestamp": "1769384521159", "event_type": "price_change"}}
{"_local_timestamp": "2026-01-25T23:42:01.252992+00:00", "data": {"market": "0x74fc87e04bd4ae1b85bda587029a59a169707325a2dbd3b972517d4e10fd0269", "price_changes": [{"asset_id": "82242414095510638766532800389388243947033505091781696693524002178349887333504", "price": "0.005", "size": "10.47", "side": "SELL", "hash": "e685467283e5597b07914cc4acd929816ec7226e", "best_bid": "0", "best_ask": "0.001"}, {"asset_id": "48392014676251991193123843994238661553149062210811998875684393414386858636995", "price": "0.995", "size": "10.47", "side": "BUY", "hash": "145ce0f2b41bb95f7234655c7d708c84b456cad5", "best_bid": "0.999", "best_ask": "1"}], "timestamp": "1769384521185", "event_type": "price_change"}}
{"_local_timestamp": "2026-01-25T23:42:01.780809+00:00", "data": {"market": "0x74fc87e04bd4ae1b85bda587029a59a169707325a2dbd3b972517d4e10fd0269", "price_changes": [{"asset_id": "82242414095510638766532800389388243947033505091781696693524002178349887333504", "price": "0.006", "size": "8.53", "side": "SELL", "hash": "180b8b7a76b4782bd23466c8825fb8129144ada5", "best_bid": "0", "best_ask": "0.001"}, {"asset_id": "48392014676251991193123843994238661553149062210811998875684393414386858636995", "price": "0.994", "size": "8.53", "side": "BUY", "hash": "b05f83071f8311c45035aeb58d649f9ec18172fb", "best_bid": "0.999", "best_ask": "1"}], "timestamp": "1769384521711", "event_type": "price_change"}}
{"_local_timestamp": "2026-01-25T23:42:02.003302+00:00", "data": {"market": "0x74fc87e04bd4ae1b85bda587029a59a169707325a2dbd3b972517d4e10fd0269", "price_changes": [{"asset_id": "82242414095510638766532800389388243947033505091781696693524002178349887333504", "price": "0.008", "size": "44.83", "side": "SELL", "hash": "bb78d4fd4b7dfdec65fc89f75154748259fcf985", "best_bid": "0", "best_ask": "0.001"}, {"asset_id": "48392014676251991193123843994238661553149062210811998875684393414386858636995", "price": "0.992", "size": "44.83", "side": "BUY", "hash": "cf3babc68d4dd3034ed9602b55d33e18d4ca9ae2", "best_bid": "0.999", "best_ask": "1"}], "timestamp": "1769384521935", "event_type": "price_change"}}
