{"_local_timestamp": "2026-01-25T23:41:25.662237+00:00", "data": [{"market": "0x2739442c42042c672a419495ab65e9848f55e242a7a861bdb7273ae0ef9a28f0", "asset_id": "113020337348480764985560929631101637916268975813754345808964023186640777084797", "timestamp": "1769384457000", "hash": "a1e170262b4a7c5c8cbab10b18142782207d3a19", "bids": [{"price": "0.01", "size": "50"}, {"price": "0.02", "size": "5.47"}], "asks": [{"price": "0.99", "size": "50"}, {"price": "0.94", "size": "1000"}], "event_type": "book", "last_trade_price": ""}, {"market": "0xaeb02ced23cf66b235fb864ed82bdf7f7144c38cb0c7466e5f6c255a5c6015cc", "asset_id": "38866550321267038434460376745002272171027672578638559578882849128491520813825", "timestamp": "1769384485388", "hash": "9a728380c5088844fea13f3971b6119ed531376a", "bids": [{"price": "0.001", "size": "1696"}], "asks": [{"price": "0.999", "size": "896"}, {"price": "0.99", "size": "74.59"}, {"price": "0.989", "size": "146"}, {"price": "0.987", "size": "147"}, {"price": "0.82", "size": "200"}, {"price": "0.022", "size": "25"}, {"price": "0.021", "size": "5.47"}, {"price": "0.013", "size": "39.32"}, {"price": "0.012", "size": "24.69"}], "event_type": "book", "last_trade_price": "0.002"}, {"market": "0xdc6daed612fa869c874ad32851b78d9734521495e3d690e8c461f9bf7d832853", "asset_id": "45483717755025715616218880974042350616014220906545869078686592268159794063677", "timestamp": "1769384408856", "hash": "377849c8be7fbde0157b058693daadbba02563a5", "bids": [{"price": "0.01", "size": "50"}, {"price": "0.04", "size": "100"}, {"price": "0.05", "size": "5.47"}], "asks": [{"price": "0.99", "size": "50"}, {"price": "0.98", "size": "5.47"}, {"price": "0.92", "size": "100"}], "event_type": "book", "last_trade_price": ""}, {"market": "0x27d685bdad61bf2f35948bcff8ddf673c14b72a6f4e9cf1a9d867be231f6a610", "asset_id": "32476227489805089000687418984234668312982619103362138837681249693289694597075", "timestamp": "1769384484000", "hash": "13eb73d1d1f1910c0ff23a5068dfa8873ea7c26a", "bids": [{"price": "0.01", "size": "50"}, {"price": "0.03", "size": "100"}, {"price": "0.08", "size": "100"}, {"price": "0.14", "size": "50"}, {"price": "0.2", "size": "200"}, {"price": "0.49", "size": "1002"}, {"price": "0.5", "size": "1000"}, {"price": "0.62", "size": "318"}], "asks": [{"price": "0.99", "size": "50"}, {"price": "0.69", "size": "1404"}, {"price": "0.68", "size": "2093"}], "event_type": "book", "last_trade_price": ""}, {"market": "0x6ac594337fbd762ec04471e8d65806ff9ff78c33ed9dca4826c7bd2969475251", "asset_id": "79880305123726971124937075515339490140944001374542290672889526459108541617627", "timestamp": "1769384484002", "hash": "badfbac6a06aec03472edc00ed3347e4f9f10d9b", "bids": [{"price": "0.01", "size": "50"}, {"price": "0.03", "size": "100"}, {"price": "0.08", "size": "100"}, {"price": "0.14", "size": "50"}, {"price": "0.2", "size": "200"}, {"price": "0.49", "size": "1002"}, {"price": "0.5", "size": "1000"}, {"price": "0.81", "size": "463"}], "asks": [{"price": "0.99", "size": "50"}, {"price": "0.88", "size": "1625"}, {"price": "0.87", "size": "1991"}, {"price": "0.85", "size": "976"}], "event_type": "book", "last_trade_price": "0.150"}, {"market": "0x27d685bdad61bf2f35948bcff8ddf673c14b72a6f4e9cf1a9d867be231f6a610", "asset_id": "82614941921461618729202933946512372479181705578801351216657431603405116134694", "timestamp": "1769384484000", "hash": "1514df1d8e7d902ca9a0ddfb62a0cca8632e47d5", "bids": [{"price": "0.01", "size": "50"}, {"price": "0.31", "size": "1404"}, {"price": "0.32", "size": "2093"}], "asks": [{"price": "0.99", "size": "50"}, {"price": "0.97", "size": "100"}, {"price": "0.92", "size": "100"}, {"price": "0.86", "size": "50"}, {"price": "0.8", "size": "200"}, {"price": "0.51", "size": "1002"}, {"price": "0.5", "size": "1000"}, {"price": "0.38", "size": "318"}], "event_type": "book", "last_trade_price": ""}, {"market": "0x1c5bd9f56545c13743da28ddec8e45c6bea8a01ac7e166dce4286afd32b65a62", "asset_id": "100472786165319671267181139302646376200338928621290031353672051075785849864574", "timestamp": "1769384457005", "hash": "1213b064e956f4bab3aef87db9a6e4ebd2f8b65e", "bids": [{"price": "0.01", "size": "50"}, {"price": "0.07", "size": "105.47"}], "asks": [{"price": "0.99", "size": "50"}, {"price": "0.97", "size": "100"}, {"price": "0.94", "size": "1000"}], "event_type": "book", "last_trade_price": "0.390"}, {"market": "0x6e5e9c218d780a8ff8b516cae97604958f7323ffd75b525d810fb804e727ad78", "asset_id": "66190026636022120219272454910747143264277679901831317594304438527297253363875", "timestamp": "1769384484001", "hash": "fb9407e4163192db4968ae5bf82ed5ac72d397e4", "bids": [{"price": "0.01", "size": "50"}, {"price": "0.17", "size": "1370"}, {"price": "0.18", "size": "3004"}, {"price": "0.21", "size": "48"}], "asks": [{"price": "0.99", "size": "50"}, {"price": "0.97", "size": "100"}, {"price": "0.92", "size": "100"}, {"price": "0.86", "size": "50"}, {"price": "0.8", "size": "200"}, {"price": "0.73", "size": "200"}, {"price": "0.66", "size": "100"}, {"price": "0.51", "size": "1002"}, {"price": "0.5", "size": "1664.83"}, {"price": "0.49", "size": "392"}, {"price": "0.22", "size": "1346"}], "event_type": "book", "last_trade_price": "0.190"}, {"market": "0xaeb02ced23cf66b235fb864ed82bdf7f7144c38cb0c7466e5f6c255a5c6015cc", "asset_id": "16066315103031518578542990703395510559372655158819085950817958432162905570385", "timestamp": "1769384485388", "hash": "1fc342fb8f79670f5d4ece1b782c99795b384c40", "bids": [{"price": "0.001", "size": "896"}, {"price": "0.01", "size": "74.59"}, {"price": "0.011", "size": "146"}, {"price": "0.013", "size": "147"}, {"price": "0.18", "size": "200"}, {"price": "0.978", "size": "25"}, {"price": "0.979", "size": "5.47"}, {"price": "0.987", "size": "39.32"}, {"price": "0.988", "size": "24.69"}], "asks": [{"price": "0.999", "size": "1696"}], "event_type": "book", "last_trade_price": "0.002"}, {"market": "0x242266c50482ad4f243610f7546b60089eadc1d81d4ef408c787f67aa3ef5e7c", "asset_id": "96533933355712544390418613060156510030240147080751769428940162257378106436404", "timestamp": "1769384485269", "hash": "081f8704879586113e02aca12f4ac1be64b30abf", "bids": [{"price": "0.01", "size": "50"}, {"price": "0.03", "size": "100"}, {"price": "0.08", "size": "100"}, {"price": "0.43", "size": "2022"}, {"price": "0.44", "size": "2211"}, {"price": "0.45", "size": "5.87"}], "asks": [{"price": "0.99", "size": "50"}, {"price": "0.97", "size": "100"}, {"price": "0.92", "size": "100"}, {"price": "0.86", "size": "50"}, {"price": "0.8", "size": "200"}, {"price": "0.51", "size": "1002"}, {"price": "0.5", "size": "1035.99"}, {"price": "0.49", "size": "1471"}], "event_type": "book", "last_trade_price": "0.440"}, {"market": "0xcf18b8f0901452013dcdf957badd6bfb71a9935c6dd9dd2566dc5bb7f795c1a0", "asset_id": "86867607300025136841054177922135303037165603316339117668930743822611084804074", "timestamp": "1769384485269", "hash": "d00505a71ecdd51d2c0c24140aaed6e038acb757", "bids": [{"price": "0.01", "size": "50"}, {"price": "0.35", "size": "1068"}, {"price": "0.36", "size": "2519"}, {"price": "0.37", "size": "49.73"}], "asks": [{"price": "0.99", "size": "50"}, {"price": "0.97", "size": "100"}, {"price": "0.92", "size": "100"}, {"price": "0.86", "size": "50"}, {"price": "0.8", "size": "200"}, {"price": "0.73", "size": "200"}, {"price": "0.51", "size": "1002"}, {"price": "0.5", "size": "1000"}, {"price": "0.41", "size": "1335"}], "event_type": "book", "last_trade_price": "0.580"}, {"market": "0x1c5bd9f56545c13743da28ddec8e45c6bea8a01ac7e166dce4286afd32b65a62", "asset_id": "53348317672088212419127100072810163057811272329172845337073296220682545739487", "timestamp": "1769384457005", "hash": "42cf56b503256e16fbf92b94fb912e2da27d2e13", "bids": [{"price": "0.01", "size": "50"}, {"price": "0.03", "size": "100"}, {"price": "0.06", "size": "1000"}], "asks": [{"price": "0.99", "size": "50"}, {"price": "0.93", "size": "105.47"}], "event_type": "book", "last_trade_price": "0.390"}, {"market": "0xdd3915ab9de231a4f8d1b6989b9d28c81a39d3372fc2f5e5d5e09c5c36bd15e0", "asset_id": "73772444484179123398639028358181122166565249885455240318019005512648163832892", "timestamp": "1769384484002", "hash": "0ea3577c1384027a393c4c13fe4de92489eff112", "bids": [{"price": "0.01", "size": "50"}, {"price": "0.31", "size": "1102"}, {"price": "0.32", "size": "2772"}], "asks": [{"price": "0.99", "size": "50"}, {"price": "0.97", "size": "100"}, {"price": "0.92", "size": "100"}, {"price": "0.86", "size": "50"}, {"price": "0.8", "size": "200"}, {"price": "0.73", "size": "200"}, {"price": "0.51", "size": "1002"}, {"price": "0.5", "size": "2381.98"}, {"price": "0.39", "size": "1600"}, {"price": "0.38", "size": "800"}, {"price": "0.37", "size": "1250"}, {"price": "0.35", "size": "277.36"}], "event_type": "book", "last_trade_price": "0.350"}, {"market": "0xdd3915ab9de231a4f8d1b6989b9d28c81a39d3372fc2f5e5d5e09c5c36bd15e0", "asset_id": "64912974742020396457447321385468313243213302286888804044150787878568707049629", "timestamp": "1769384484002", "hash": "57aed346f1bb8eecf909106ecd601beca2355e28", "bids": [{"price": "0.01", "size": "50"}, {"price": "0.03", "size": "100"}, {"price": "0.08", "size": "100"}, {"price": "0.14", "size": "50"}, {"price": "0.2", "size": "200"}, {"price": "0.27", "size": "200"}, {"price": "0.49", "size": "1002"}, {"price": "0.5", "size": "2381.98"}, {"price": "0.61", "size": "1600"}, {"price": "0.62", "size": "800"}, {"price": "0.63", "size": "1250"}, {"price": "0.65", "size": "277.36"}], "asks": [{"price": "0.99", "size": "50"}, {"price": "0.69", "size": "1102"}, {"price": "0.68", "size": "2772"}], "event_type": "book", "last_trade_price": "0.350"}, {"market": "0x242266c50482ad4f243610f7546b60089eadc1d81d4ef408c787f67aa3ef5e7c", "asset_id": "28263250326920700075422198100613476697802143744104502510886484761449393244656", "timestamp": "1769384485269", "hash": "d861a56f56ee32edd0266081f1f9e737840111a8", "bids": [{"price": "0.01", "size": "50"}, {"price": "0.03", "size": "100"}, {"price": "0.08", "size": "100"}, {"price": "0.14", "size": "50"}, {"price": "0.2", "size": "200"}, {"price": "0.49", "size": "1002"}, {"price": "0.5", "size": "1035.99"}, {"price": "0.51", "size": "1471"}], "asks": [{"price": "0.99", "size": "50"}, {"price": "0.97", "size": "100"}, {"price": "0.92", "size": "100"}, {"price": "0.57", "size": "2022"}, {"price": "0.56", "size": "2211"}, {"price": "0.55", "size": "5.87"}], "event_type": "book", "last_trade_price": "0.440"}, {"market": "0x54b69275ee145425f1a0dce69faef15f729f1ab3ec41bc2996a6c6c70e8aec0b", "asset_id": "44494068166094207162801090520618289188991411103177309101619626920967990930514", "timestamp": "1769384485269", "hash": "c30ddd1705a8dfef2fe2bab44c41b8647e7a91e6", "bids": [{"price": "0.01", "size": "50"}, {"price": "0.03", "size": "100"}, {"price": "0.08", "size": "100"}, {"price": "0.48", "size": "2099"}, {"price": "0.49", "size": "1002"}], "asks": [{"price": "0.99", "size": "50"}, {"price": "0.97", "size": "100"}, {"price": "0.92", "size": "100"}, {"price": "0.55", "size": "2015"}, {"price": "0.54", "size": "2161.19"}], "event_type": "book", "last_trade_price": "0.480"}, {"market": "0xcf18b8f0901452013dcdf957badd6bfb71a9935c6dd9dd2566dc5bb7f795c1a0", "asset_id": "13301686528282766867573623232056946130992514687837926123264639755941579360230", "timestamp": "1769384485269", "hash": "8a6f558e64cd817d3e8d61d3b7be1130bdc2ac83", "bids": [{"price": "0.01", "size": "50"}, {"price": "0.03", "size": "100"}, {"price": "0.08", "size": "100"}, {"price": "0.14", "size": "50"}, {"price": "0.2", "size": "200"}, {"price": "0.27", "size": "200"}, {"price": "0.49", "size": "1002"}, {"price": "0.5", "size": "1000"}, {"price": "0.59", "size": "1335"}], "asks": [{"price": "0.99", "size": "50"}, {"price": "0.65", "size": "1068"}, {"price": "0.64", "size": "2519"}, {"price": "0.63", "size": "49.73"}], "event_type": "book", "last_trade_price": "0.580"}, {"market": "0x7573b38aa3d3d387be05d7e2b3fa5c397c6cbf1fbfbb5ccbe1d82816b901e9d1", "asset_id": "47900911198961041897125947140815317810676260067603694036981412378636602096971", "timestamp": "1769384484001", "hash": "aa277ce1461ce286d15547f89a611c27f02f839c", "bids": [{"price": "0.01", "size": "435.3"}, {"price": "0.02", "size": "120"}, {"price": "0.03", "size": "1100"}, {"price": "0.05", "size": "8.1"}, {"price": "0.08", "size": "600"}, {"price": "0.1", "size": "10"}, {"price": "0.14", "size": "250"}, {"price": "0.28", "size": "4544"}, {"price": "0.3", "size": "10"}, {"price": "0.31", "size": "3591.5"}, {"price": "0.34", "size": "2690"}, {"price": "0.35", "size": "1.66"}, {"price": "0.36", "size": "10"}, {"price": "0.37", "size": "1844.5"}, {"price": "0.38", "size": "900"}, {"price": "0.4", "size": "1137"}, {"price": "0.41", "size": "1751"}, {"price": "0.42", "size": "8966"}, {"price": "0.43", "size": "6021"}, {"price": "0.44", "size": "21458.47"}], "asks": [{"price": "0.99", "size": "450"}, {"price": "0.97", "size": "100"}, {"price": "0.95", "size": "900"}, {"price": "0.92", "size": "100"}, {"price": "0.9", "size": "509.44"}, {"price": "0.86", "size": "50"}, {"price": "0.8", "size": "400"}, {"price": "0.64", "size": "4244"}, {"price": "0.61", "size": "3386.5"}, {"price": "0.58", "size": "2567.5"}, {"price": "0.55", "size": "1781.25"}, {"price": "0.52", "size": "1005"}, {"price": "0.51", "size": "1002"}, {"price": "0.5", "size": "1100"}, {"price": "0.49", "size": "6033"}, {"price": "0.48", "size": "7534"}, {"price": "0.47", "size": "9425"}, {"price": "0.46", "size": "8413.35"}], "event_type": "book", "last_trade_price": "0.440"}, {"market": "0xdc6daed612fa869c874ad32851b78d9734521495e3d690e8c461f9bf7d832853", "asset_id": "52466361244355331872258867551623723655468496127390662381658208879315243737145", "timestamp": "1769384408854", "hash": "26bdde21b201c0b78151a6ee9ad06d1b84ce1506", "bids": [{"price": "0.01", "size": "50"}, {"price": "0.02", "size": "5.47"}, {"price": "0.08", "size": "100"}], "asks": [{"price": "0.99", "size": "50"}, {"price": "0.98", "size": "25.01"}, {"price": "0.96", "size": "100"}, {"price": "0.95", "size": "5.47"}], "event_type": "book", "last_trade_price": ""}, {"market": "0x7573b38aa3d3d387be05d7e2b3fa5c397c6cbf1fbfbb5ccbe1d82816b901e9d1", "asset_id": "45963563720386640986457133827320203891928335132800978095470889439601833791792", "timestamp": "1769384484001", "hash": "0c5cd7bef4957951d856a3ab5091e8c2ce5f9482", "bids": [{"price": "0.01", "size": "450"}, {"price": "0.03", "size": "100"}, {"price": "0.05", "size": "900"}, {"price": "0.08", "size": "100"}, {"price": "0.1", "size": "509.44"}, {"price": "0.14", "size": "50"}, {"price": "0.2", "size": "400"}, {"price": "0.36", "size": "4244"}, {"price": "0.39", "size": "3386.5"}, {"price": "0.42", "size": "2567.5"}, {"price": "0.45", "size": "1781.25"}, {"price": "0.48", "size": "1005"}, {"price": "0.49", "size": "1002"}, {"price": "0.5", "size": "1100"}, {"price": "0.51", "size": "6033"}, {"price": "0.52", "size": "7534"}, {"price": "0.53", "size": "9425"}, {"price": "0.54", "size": "8413.35"}], "asks": [{"price": "0.99", "size": "435.3"}, {"price": "0.98", "size": "120"}, {"price": "0.97", "size": "1100"}, {"price": "0.95", "size": "8.1"}, {"price": "0.92", "size": "600"}, {"price": "0.9", "size": "10"}, {"price": "0.86", "size": "250"}, {"price": "0.72", "size": "4544"}, {"price": "0.7", "size": "10"}, {"price": "0.69", "size": "3591.5"}, {"price": "0.66", "size": "2690"}, {"price": "0.65", "size": "1.66"}, {"price": "0.64", "size": "10"}, {"price": "0.63", "size": "1844.5"}, {"price": "0.62", "size": "900"}, {"price": "0.6", "size": "1137"}, {"price": "0.59", "size": "1751"}, {"price": "0.58", "size": "8966"}, {"price": "0.57", "size": "6021"}, {"price": "0.56", "size": "21458.47"}], "event_type": "book", "last_trade_price": "0.440"}, {"market": "0x2739442c42042c672a419495ab65e9848f55e242a7a861bdb7273ae0ef9a28f0", "asset_id": "65198543161610672911645425360781565981236467927336501037693358120183411770638", "timestamp": "1769384457000", "hash": "4da2b45b7398cf193e93bdc6883daf252272e076", "bids": [{"price": "0.01", "size": "50"}, {"price": "0.06", "size": "1000"}], "asks": [{"price": "0.99", "size": "50"}, {"price": "0.98", "size": "5.47"}], "event_type": "book", "last_trade_price": ""}, {"market": "0x6ac594337fbd762ec04471e8d65806ff9ff78c33ed9dca4826c7bd2969475251", "asset_id": "115162358394175336212249289650926294268751651827332730207583087521345129280038", "timestamp": "1769384484002", "hash": "4e4720bc824c96b96d88e48d4f6d430dfa221fba", "bids": [{"price": "0.01", "size": "50"}, {"price": "0.12", "size": "1625"}, {"price": "0.13", "size": "1991"}, {"price": "0.15", "size": "976"}], "asks": [{"price": "0.99", "size": "50"}, {"price": "0.97", "size": "100"}, {"price": "0.92", "size": "100"}, {"price": "0.86", "size": "50"}, {"price": "0.8", "size": "200"}, {"price": "0.51", "size": "1002"}, {"price": "0.5", "size": "1000"}, {"price": "0.19", "size": "463"}], "event_type": "book", "last_trade_price": "0.150"}, {"market": "0x6e5e9c218d780a8ff8b516cae97604958f7323ffd75b525d810fb804e727ad78", "asset_id": "4929915665740215533077513370523570724508699505795913150073424458746805119832", "timestamp": "1769384484001", "hash": "ecfd87c5650fdf6b311d9d253aba056c8205e5ac", "bids": [{"price": "0.01", "size": "50"}, {"price": "0.03", "size": "100"}, {"price": "0.08", "size": "100"}, {"price": "0.14", "size": "50"}, {"price": "0.2", "size": "200"}, {"price": "0.27", "size": "200"}, {"price": "0.34", "size": "100"}, {"price": "0.49", "size": "1002"}, {"price": "0.5", "size": "1664.83"}, {"price": "0.51", "size": "392"}, {"price": "0.78", "size": "1346"}], "asks": [{"price": "0.99", "size": "50"}, {"price": "0.83", "size": "1370"}, {"price": "0.82", "size": "3004"}, {"price": "0.79", "size": "48"}], "event_type": "book", "last_trade_price": "0.190"}, {"market": "0x54b69275ee145425f1a0dce69faef15f729f1ab3ec41bc2996a6c6c70e8aec0b", "asset_id": "106447080412815954453539138762045278580988736678171840293222199861758175727534", "timestamp": "1769384485269", "hash": "89507068f18b7ebafcc4e7ccee3d70bb60b266a9", "bids": [{"price": "0.01", "size": "50"}, {"price": "0.03", "size": "100"}, {"price": "0.08", "size": "100"}, {"price": "0.45", "size": "2015"}, {"price": "0.46", "size": "2161.19"}], "asks": [{"price": "0.99", "size": "50"}, {"price": "0.97", "size": "100"}, {"price": "0.92", "size": "100"}, {"price": "0.52", "size": "2099"}, {"price": "0.51", "size": "1002"}], "event_type": "book", "last_trade_price": "0.480"}]}
{"_local_timestamp": "2026-01-25T23:41:25.689044+00:00", "data": {"market": "0x54b69275ee145425f1a0dce69faef15f729f1ab3ec41bc2996a6c6c70e8aec0b", "price_changes": [{"asset_id": "44494068166094207162801090520618289188991411103177309101619626920967990930514", "price": "0.14", "size": "50", "side": "BUY", "hash": "392dbb694f477a9c808b865fb9a2a4fc52e3d553", "best_bid": "0.49", "best_ask": "0.54"}, {"asset_id": "106447080412815954453539138762045278580988736678171840293222199861758175727534", "price": "0.86", "size": "50", "side": "SELL", "hash": "be01d92343a8c406765488b883a7640114471aa5", "best_bid": "0.46", "best_ask": "0.51"}], "timestamp": "1769384485546", "event_type": "price_change"}}
{"_local_timestamp": "2026-01-25T23:41:25.697256+00:00", "data": {"market": "0xcf18b8f0901452013dcdf957badd6bfb71a9935c6dd9dd2566dc5bb7f795c1a0", "price_changes": [{"asset_id": "86867607300025136841054177922135303037165603316339117668930743822611084804074", "price": "0.03", "size": "100", "side": "BUY", "hash": "a8985ed6a034521750873487bb78606ba5b8132d", "best_bid": "0.37", "best_ask": "0.41"}, {"asset_id": "13301686528282766867573623232056946130992514687837926123264639755941579360230", "price": "0.97", "size": "100", "side": "SELL", "hash": "6e0b22a5029385d51a0a81122aacb074b585057a", "best_bid": "0.59", "best_ask": "0.63"}], "timestamp": "1769384485547", "event_type": "price_change"}}
{"_local_timestamp": "2026-01-25T23:41:25.706626+00:00", "data": {"market": "0x242266c50482ad4f243610f7546b60089eadc1d81d4ef408c787f67aa3ef5e7c", "price_changes": [{"asset_id": "96533933355712544390418613060156510030240147080751769428940162257378106436404", "price": "0.14", "size": "50", "side": "BUY", "hash": "2ea094da20e7661c11bcbbae0898b3a14407bdde", "best_bid": "0.45", "best_ask": "0.49"}, {"asset_id": "28263250326920700075422198100613476697802143744104502510886484761449393244656", "price": "0.86", "size": "50", "side": "SELL", "hash": "95490bf7ca99f21490331b87b4775ab4931e1065", "best_bid": "0.51", "best_ask": "0.55"}], "timestamp": "1769384485547", "event_type": "price_change"}}
{"_local_timestamp": "2026-01-25T23:41:25.717827+00:00", "data": {"market": "0x54b69275ee145425f1a0dce69faef15f729f1ab3ec41bc2996a6c6c70e8aec0b", "price_changes": [{"asset_id": "106447080412815954453539138762045278580988736678171840293222199861758175727534", "price": "0.14", "size": "50", "side": "BUY", "hash": "5694e44b507c104139d22cb4b5bd56632d1095ee", "best_bid": "0.46", "best_ask": "0.51"}, {"asset_id": "44494068166094207162801090520618289188991411103177309101619626920967990930514", "price": "0.86", "size": "50", "side": "SELL", "hash": "7f9372aef66b77c1baa68d24af1a197d12b46e11", "best_bid": "0.49", "best_ask": "0.54"}], "timestamp": "1769384485547", "event_type": "price_change"}}
{"_local_timestamp": "2026-01-25T23:41:26.101949+00:00", "data": {"market": "0xaeb02ced23cf66b235fb864ed82bdf7f7144c38cb0c7466e5f6c255a5c6015cc", "price_changes": [{"asset_id": "38866550321267038434460376745002272171027672578638559578882849128491520813825", "price": "0.013", "size": "6.14", "side": "SELL", "hash": "6b2cc23c3fcb8a63bae4ae30efc3627a5c2c660c", "best_bid": "0.001", "best_ask": "0.012"}, {"asset_id": "16066315103031518578542990703395510559372655158819085950817958432162905570385", "price": "0.987", "size": "6.14", "side": "BUY", "hash": "015dd7f00b354974e67ca4d3ce37c48c9edad74b", "best_bid": "0.988", "best_ask": "0.999"}], "timestamp": "1769384486037", "event_type": "price_change"}}
{"_local_timestamp": "2026-01-25T23:41:26.384586+00:00", "data": {"market": "0xaeb02ced23cf66b235fb864ed82bdf7f7144c38cb0c7466e5f6c255a5c6015cc", "price_changes": [{"asset_id": "38866550321267038434460376745002272171027672578638559578882849128491520813825", "price": "0.011", "size": "16.59", "side": "SELL", "hash": "89daa84ef9b7d0f6ac74f61af720240c86d7959b", "best_bid": "0.001", "best_ask": "0.011"}, {"asset_id": "16066315103031518578542990703395510559372655158819085950817958432162905570385", "price": "0.989", "size": "16.59", "side": "BUY", "hash": "c3f98ffbc3e9ef7d8f2f18c07e00decd1d02b3be", "best_bid": "0.989", "best_ask": "0.999"}], "timestamp": "1769384486310", "event_type": "price_change"}}
{"_local_timestamp": "2026-01-25T23:41:26.404143+00:00", "data": {"market": "0xaeb02ced23cf66b235fb864ed82bdf7f7144c38cb0c7466e5f6c255a5c6015cc", "price_changes": [{"asset_id": "38866550321267038434460376745002272171027672578638559578882849128491520813825", "price": "0.011", "size": "33.18", "side": "SELL", "hash": "21c0153fbabc89792d4353f65216359832484048", "best_bid": "0.001", "best_ask": "0.011"}, {"asset_id": "16066315103031518578542990703395510559372655158819085950817958432162905570385", "price": "0.989", "size": "33.18", "side": "BUY", "hash": "f7bf302812e69deb6405aad20f4b369cf5a2d7c4", "best_bid": "0.989", "best_ask": "0.999"}], "timestamp": "1769384486311", "event_type": "price_change"}}
{"_local_timestamp": "2026-01-25T23:41:26.683300+00:00", "data": {"market": "0xaeb02ced23cf66b235fb864ed82bdf7f7144c38cb0c7466e5f6c255a5c6015cc", "price_changes": [{"asset_id": "38866550321267038434460376745002272171027672578638559578882849128491520813825", "price": "0.012", "size": "0", "side": "SELL", "hash": "726c70cbadf723c3b6fe75ab3efabff83d3e4d44", "best_bid": "0.001", "best_ask": "0.011"}, {"asset_id": "16066315103031518578542990703395510559372655158819085950817958432162905570385", "price": "0.988", "size": "0", "side": "BUY", "hash": "32a60deb35b99f04f72e84ba4ffd73c64248944f", "best_bid": "0.989", "best_ask": "0.999"}], "timestamp": "1769384486612", "event_type": "price_change"}}
{"_local_timestamp": "2026-01-25T23:41:26.717387+00:00", "data": {"market": "0xaeb02ced23cf66b235fb864ed82bdf7f7144c38cb0c7466e5f6c255a5c6015cc", "price_changes": [{"asset_id": "38866550321267038434460376745002272171027672578638559578882849128491520813825", "price": "0.011", "size": "57.87", "side": "SELL", "hash": "95c5de5ce2f37502f7c9d33b30cb690e7dd4b7e5", "best_bid": "0.001", "best_ask": "0.011"}, {"asset_id": "16066315103031518578542990703395510559372655158819085950817958432162905570385", "price": "0.989", "size": "57.87", "side": "BUY", "hash": "1529fef85310d80cf07fc0928d8091726c31c386", "best_bid": "0.989", "best_ask": "0.999"}], "timestamp": "1769384486651", "event_type": "price_change"}}
{"_local_timestamp": "2026-01-25T23:41:26.953204+00:00", "data": {"market": "0xaeb02ced23cf66b235fb864ed82bdf7f7144c38cb0c7466e5f6c255a5c6015cc", "price_changes": [{"asset_id": "38866550321267038434460376745002272171027672578638559578882849128491520813825", "price": "0.013", "size": "0", "side": "SELL", "hash": "c4de7722951a95b084a6c9e00ad9e163c3807ab7", "best_bid": "0.001", "best_ask": "0.011"}, {"asset_id": "16066315103031518578542990703395510559372655158819085950817958432162905570385", "price": "0.987", "size": "0", "side": "BUY", "hash": "37e9c3f958600976561c23963a7bc0291dd56122", "best_bid": "0.989", "best_ask": "0.999"}], "timestamp": "1769384486885", "event_type": "price_change"}}
{"_local_timestamp": "2026-01-25T23:41:27.266578+00:00", "data": {"market": "0xaeb02ced23cf66b235fb864ed82bdf7f7144c38cb0c7466e5f6c255a5c6015cc", "price_changes": [{"asset_id": "38866550321267038434460376745002272171027672578638559578882849128491520813825", "price": "0.01", "size": "6.14", "side": "SELL", "hash": "89cae5018cdfe2bb034395153efec6a18192ecee", "best_bid": "0.001", "best_ask": "0.01"}, {"asset_id": "16066315103031518578542990703395510559372655158819085950817958432162905570385", "price": "0.99", "size": "6.14", "side": "BUY", "hash": "4224d2f3026bdcc59d477b5fe4cc923f3cf05672", "best_bid": "0.99", "best_ask": "0.999"}], "timestamp": "1769384487198", "event_type": "price_change"}}
{"_local_timestamp": "2026-01-25T23:41:27.671319+00:00", "data": {"market": "0xaeb02ced23cf66b235fb864ed82bdf7f7144c38cb0c7466e5f6c255a5c6015cc", "price_changes": [{"asset_id": "38866550321267038434460376745002272171027672578638559578882849128491520813825", "price": "0.011", "size": "41.28", "side": "SELL", "hash": "f0d718b64e5ce10d818b08f7427e2ec1a28ddf4e", "best_bid": "0.001", "best_ask": "0.01"}, {"asset_id": "16066315103031518578542990703395510559372655158819085950817958432162905570385", "price": "0.989", "size": "41.28", "side": "BUY", "hash": "6b5691a821dd04f93a385e3f7201122cf8fdf1f0", "best_bid": "0.99", "best_ask": "0.999"}], "timestamp": "1769384487606", "event_type": "price_change"}}
{"_local_timestamp": "2026-01-25T23:41:27.921216+00:00", "data": {"market": "0xaeb02ced23cf66b235fb864ed82bdf7f7144c38cb0c7466e5f6c255a5c6015cc", "price_changes": [{"asset_id": "38866550321267038434460376745002272171027672578638559578882849128491520813825", "price": "0.01", "size": "14.43", "side": "SELL", "hash": "855d020ab3de0693e207831b78be5ccc51c77f46", "best_bid": "0.001", "best_ask": "0.01"}, {"asset_id": "16066315103031518578542990703395510559372655158819085950817958432162905570385", "price": "0.99", "size": "14.43", "side": "BUY", "hash": "37d080ebd0e0c5c2390d51cb3b652b21bcaba888", "best_bid": "0.99", "best_ask": "0.999"}], "timestamp": "1769384487852", "event_type": "price_change"}}
{"_local_timestamp": "2026-01-25T23:41:27.932463+00:00", "data": {"market": "0xaeb02ced23cf66b235fb864ed82bdf7f7144c38cb0c7466e5f6c255a5c6015cc", "price_changes": [{"asset_id": "38866550321267038434460376745002272171027672578638559578882849128491520813825", "price": "0.01", "size": "22.72", "side": "SELL", "hash": "a7e2c2960203fbf4d7fbfcc27586f325c0e5adf7", "best_bid": "0.001", "best_ask": "0.01"}, {"asset_id": "16066315103031518578542990703395510559372655158819085950817958432162905570385", "price": "0.99", "size": "22.72", "side": "BUY", "hash": "bfa95b455fc15ad47d11aabd3be6e1e36ed5097e", "best_bid": "0.99", "best_ask": "0.999"}], "timestamp": "1769384487853", "event_type": "price_change"}}
{"_local_timestamp": "2026-01-25T23:41:28.945795+00:00", "data": {"market": "0xaeb02ced23cf66b235fb864ed82bdf7f7144c38cb0c7466e5f6c255a5c6015cc", "price_changes": [{"asset_id": "38866550321267038434460376745002272171027672578638559578882849128491520813825", "price": "0.011", "size": "24.69", "side": "SELL", "hash": "408eed517a9166e6cea16305e8e8c8b3f8bbacea", "best_bid": "0.001", "best_ask": "0.01"}, {"asset_id": "16066315103031518578542990703395510559372655158819085950817958432162905570385", "price": "0.989", "size": "24.69", "side": "BUY", "hash": "f7d24607df21150fdad4bf6e76fdd13732aa03a7", "best_bid": "0.99", "best_ask": "0.999"}], "timestamp": "1769384488878", "event_type": "price_change"}}
{"_local_timestamp": "2026-01-25T23:41:29.108016+00:00", "data": {"market": "0xaeb02ced23cf66b235fb864ed82bdf7f7144c38cb0c7466e5f6c255a5c6015cc", "price_changes": [{"asset_id": "38866550321267038434460376745002272171027672578638559578882849128491520813825", "price": "0.011", "size": "0", "side": "SELL", "hash": "639a6cc4fe38692daf9aab035ca4408d874a8c81", "best_bid": "0.001", "best_ask": "0.01"}, {"asset_id": "16066315103031518578542990703395510559372655158819085950817958432162905570385", "price": "0.989", "size": "0", "side": "BUY", "hash": "cc39dffde70e0051f9c30539eecd9c2409ecafc2", "best_bid": "0.99", "best_ask": "0.999"}], "timestamp": "1769384489033", "event_type": "price_change"}}
{"_local_timestamp": "2026-01-25T23:41:29.136586+00:00", "data": {"market": "0xaeb02ced23cf66b235fb864ed82bdf7f7144c38cb0c7466e5f6c255a5c6015cc", "price_changes": [{"asset_id": "38866550321267038434460376745002272171027672578638559578882849128491520813825", "price": "0.021", "size": "30.16", "side": "SELL", "hash": "2c73656787620b510bd683cbc58fc3185588e9bb", "best_bid": "0.001", "best_ask": "0.01"}, {"asset_id": "16066315103031518578542990703395510559372655158819085950817958432162905570385", "price": "0.979", "size": "30.16", "side": "BUY", "hash": "2ab5461d44597c474a70580dd322561c7a107184", "best_bid": "0.99", "best_ask": "0.999"}], "timestamp": "1769384489066", "event_type": "price_change"}}
{"_local_timestamp": "2026-01-25T23:41:29.174242+00:00", "data": {"market": "0xaeb02ced23cf66b235fb864ed82bdf7f7144c38cb0c7466e5f6c255a5c6015cc", "price_changes": [{"asset_id": "38866550321267038434460376745002272171027672578638559578882849128491520813825", "price": "0.01", "size": "31.02", "side": "SELL", "hash": "de3ada2d644402f61f53bd0c5b826120be7ea5d9", "best_bid": "0.001", "best_ask": "0.01"}, {"asset_id": "16066315103031518578542990703395510559372655158819085950817958432162905570385", "price": "0.99", "size": "31.02", "side": "BUY", "hash": "00f4cdb1cbef392f54d0d59bc22e7345636b281f", "best_bid": "0.99", "best_ask": "0.999"}], "timestamp": "1769384489105", "event_type": "price_change"}}
{"_local_timestamp": "2026-01-25T23:41:29.191546+00:00", "data": {"market": "0xaeb02ced23cf66b235fb864ed82bdf7f7144c38cb0c7466e5f6c255a5c6015cc", "price_changes": [{"asset_id": "38866550321267038434460376745002272171027672578638559578882849128491520813825", "price": "0.01", "size": "39.32", "side": "SELL", "hash": "79e5869f5e4a873d7afb0de700429787621c95b2", "best_bid": "0.001", "best_ask": "0.01"}, {"asset_id": "16066315103031518578542990703395510559372655158819085950817958432162905570385", "price": "0.99", "size": "39.32", "side": "BUY", "hash": "55655da7e2c03d86436fde3df1f254e143abf463", "best_bid": "0.99", "best_ask": "0.999"}], "timestamp": "1769384489106", "event_type": "price_change"}}
{"_local_timestamp": "2026-01-25T23:41:29.502578+00:00", "data": {"market": "0xaeb02ced23cf66b235fb864ed82bdf7f7144c38cb0c7466e5f6c255a5c6015cc", "price_changes": [{"asset_id": "38866550321267038434460376745002272171027672578638559578882849128491520813825", "price": "0.01", "size": "6.14", "side": "SELL", "hash": "3a5f93af38b488538e2cc5e9450cf6f0bd34fb86", "best_bid": "0.001", "best_ask": "0.01"}, {"asset_id": "16066315103031518578542990703395510559372655158819085950817958432162905570385", "price": "0.99", "size": "6.14", "side": "BUY", "hash": "168b3723f217d87c8897b0096fd1dbd219d56753", "best_bid": "0.99", "best_ask": "0.999"}], "timestamp": "1769384489435", "event_type": "price_change"}}
{"_local_timestamp": "2026-01-25T23:41:29.939138+00:00", "data": {"market": "0xaeb02ced23cf66b235fb864ed82bdf7f7144c38cb0c7466e5f6c255a5c6015cc", "price_changes": [{"asset_id": "38866550321267038434460376745002272171027672578638559578882849128491520813825", "price": "0.02", "size": "16.59", "side": "SELL", "hash": "b43e4ae4a287703c00c9960e0453752fc485f002", "best_bid": "0.001", "best_ask": "0.01"}, {"asset_id": "16066315103031518578542990703395510559372655158819085950817958432162905570385", "price": "0.98", "size": "16.59", "side": "BUY", "hash": "deae745c013d859c7d7d7f5c65ff9bbfc14d6c24", "best_bid": "0.99", "best_ask": "0.999"}], "timestamp": "1769384489860", "event_type": "price_change"}}
{"_local_timestamp": "2026-01-25T23:41:29.946808+00:00", "data": {"market": "0xaeb02ced23cf66b235fb864ed82bdf7f7144c38cb0c7466e5f6c255a5c6015cc", "price_changes": [{"asset_id": "38866550321267038434460376745002272171027672578638559578882849128491520813825", "price": "0.02", "size": "33.18", "side": "SELL", "hash": "d65aed7a0e4719fd3003ac30e41677aaa8531a64", "best_bid": "0.001", "best_ask": "0.01"}, {"asset_id": "16066315103031518578542990703395510559372655158819085950817958432162905570385", "price": "0.98", "size": "33.18", "side": "BUY", "hash": "dc5697e6f3a3cc291223afeb0917608e449b5252", "best_bid": "0.99", "best_ask": "0.999"}], "timestamp": "1769384489861", "event_type": "price_change"}}
{"_local_timestamp": "2026-01-25T23:41:30.305930+00:00", "data": {"market": "0x6ac594337fbd762ec04471e8d65806ff9ff78c33ed9dca4826c7bd2969475251", "price_changes": [{"asset_id": "79880305123726971124937075515339490140944001374542290672889526459108541617627", "price": "0.51", "size": "392", "side": "BUY", "hash": "c6846d54a71efe7313c6c47bcad699fef45eb0dc", "best_bid": "0.81", "best_ask": "0.85"}, {"asset_id": "115162358394175336212249289650926294268751651827332730207583087521345129280038", "price": "0.49", "size": "392", "side": "SELL", "hash": "5bd4d4130ee29f9abd19ab414b0ceeeceecdd548", "best_bid": "0.15", "best_ask": "0.19"}], "timestamp": "1769384490222", "event_type": "price_change"}}
{"_local_timestamp": "2026-01-25T23:41:30.314059+00:00", "data": {"market": "0xdd3915ab9de231a4f8d1b6989b9d28c81a39d3372fc2f5e5d5e09c5c36bd15e0", "price_changes": [{"asset_id": "64912974742020396457447321385468313243213302286888804044150787878568707049629", "price": "0.28", "size": "714", "side": "BUY", "hash": "7fc06af2564ee346bada559c782fd084d9b4fcf6", "best_bid": "0.65", "best_ask": "0.68"}, {"asset_id": "73772444484179123398639028358181122166565249885455240318019005512648163832892", "price": "0.72", "size": "714", "side": "SELL", "hash": "3b07db8e00aad5fda271cae4af3c0e3fe7ff0c19", "best_bid": "0.32", "best_ask": "0.35"}], "timestamp": "1769384490222", "event_type": "price_change"}}
{"_local_timestamp": "2026-01-25T23:41:30.322226+00:00", "data": {"market": "0x54b69275ee145425f1a0dce69faef15f729f1ab3ec41bc2996a6c6c70e8aec0b", "price_changes": [{"asset_id": "106447080412815954453539138762045278580988736678171840293222199861758175727534", "price": "0.16", "size": "1250", "side": "BUY", "hash": "cda24cd9925046c4fc2ac8e406f83dfd17565a64", "best_bid": "0.46", "best_ask": "0.51"}, {"asset_id": "44494068166094207162801090520618289188991411103177309101619626920967990930514", "price": "0.84", "size": "1250", "side": "SELL", "hash": "07acc830520569f51d091a0f8a36bb4bc2e7a605", "best_bid": "0.49", "best_ask": "0.54"}], "timestamp": "1769384490222", "event_type": "price_change"}}
{"_local_timestamp": "2026-01-25T23:41:30.333148+00:00", "data": {"market": "0xcf18b8f0901452013dcdf957badd6bfb71a9935c6dd9dd2566dc5bb7f795c1a0", "price_changes": [{"asset_id": "13301686528282766867573623232056946130992514687837926123264639755941579360230", "price": "0.28", "size": "714", "side": "BUY", "hash": "60a1470b66257a32660065f5104a5c2b61b2225a", "best_bid": "0.59", "best_ask": "0.63"}, {"asset_id": "86867607300025136841054177922135303037165603316339117668930743822611084804074", "price": "0.72", "size": "714", "side": "SELL", "hash": "e33445005779b645bc480999c5dd86ff78b994be", "best_bid": "0.37", "best_ask": "0.41"}], "timestamp": "1769384490222", "event_type": "price_change"}}
{"_local_timestamp": "2026-01-25T23:41:30.362144+00:00", "data": {"market": "0x6ac594337fbd762ec04471e8d65806ff9ff78c33ed9dca4826c7bd2969475251", "price_changes": [{"asset_id": "115162358394175336212249289650926294268751651827332730207583087521345129280038", "price": "0.02", "size": "10000", "side": "BUY", "hash": "29c926a16f18eaf4932d200b1cd5bc8816fcf1c1", "best_bid": "0.15", "best_ask": "0.19"}, {"asset_id": "79880305123726971124937075515339490140944001374542290672889526459108541617627", "price": "0.98", "size": "10000", "side": "SELL", "hash": "68592394d6206906d769033ce448f0ca782629e1", "best_bid": "0.81", "best_ask": "0.85"}], "timestamp": "1769384490223", "event_type": "price_change"}}
{"_local_timestamp": "2026-01-25T23:41:30.377382+00:00", "data": {"market": "0xdd3915ab9de231a4f8d1b6989b9d28c81a39d3372fc2f5e5d5e09c5c36bd15e0", "price_changes": [{"asset_id": "73772444484179123398639028358181122166565249885455240318019005512648163832892", "price": "0.02", "size": "10000", "side": "BUY", "hash": "421e99dc75f3dca437346a6e56b7ddaaa582fd2d", "best_bid": "0.32", "best_ask": "0.35"}, {"asset_id": "64912974742020396457447321385468313243213302286888804044150787878568707049629", "price": "0.98", "size": "10000", "side": "SELL", "hash": "b986afe7e745f2faf8c8d1d68ce2642de72df14e", "best_bid": "0.65", "best_ask": "0.68"}], "timestamp": "1769384490223", "event_type": "price_change"}}
{"_local_timestamp": "2026-01-25T23:41:30.385606+00:00", "data": {"market": "0x54b69275ee145425f1a0dce69faef15f729f1ab3ec41bc2996a6c6c70e8aec0b", "price_changes": [{"asset_id": "44494068166094207162801090520618289188991411103177309101619626920967990930514", "price": "0.16", "size": "1250", "side": "BUY", "hash": "1a04ca5737a38be097b8f3258bc62240490a66b4", "best_bid": "0.49", "best_ask": "0.54"}, {"asset_id": "106447080412815954453539138762045278580988736678171840293222199861758175727534", "price": "0.84", "size": "1250", "side": "SELL", "hash": "c5752b29bc690e887b25de8f19bb20c052c92673", "best_bid": "0.46", "best_ask": "0.51"}], "timestamp": "1769384490223", "event_type": "price_change"}}
{"_local_timestamp": "2026-01-25T23:41:30.394925+00:00", "data": {"market": "0xaeb02ced23cf66b235fb864ed82bdf7f7144c38cb0c7466e5f6c255a5c6015cc", "price_changes": [{"asset_id": "38866550321267038434460376745002272171027672578638559578882849128491520813825", "price": "0.021", "size": "5.47", "side": "SELL", "hash": "b9dffdeaa4ce4505c4700d6e59655de3d72205f4", "best_bid": "0.001", "best_ask": "0.01"}, {"asset_id": "16066315103031518578542990703395510559372655158819085950817958432162905570385", "price": "0.979", "size": "5.47", "side": "BUY", "hash": "e9c27d652fc36b78a77962f1c663011fbe331e3c", "best_bid": "0.99", "best_ask": "0.999"}], "timestamp": "1769384490226", "event_type": "price_change"}}
{"_local_timestamp": "2026-01-25T23:41:30.402759+00:00", "data": {"market": "0xaeb02ced23cf66b235fb864ed82bdf7f7144c38cb0c7466e5f6c255a5c6015cc", "price_changes": [{"asset_id": "38866550321267038434460376745002272171027672578638559578882849128491520813825", "price": "0.019", "size": "24.69", "side": "SELL", "hash": "6e8f06c7b6a5e1cb185fbab5b9b0d88da5d00f4f", "best_bid": "0.001", "best_ask": "0.01"}, {"asset_id": "16066315103031518578542990703395510559372655158819085950817958432162905570385", "price": "0.981", "size": "24.69", "side": "BUY", "hash": "6bbf71d76920cc98118cc31674e6411d671e1ada", "best_bid": "0.99", "best_ask": "0.999"}], "timestamp": "1769384490267", "event_type": "price_change"}}
{"_local_timestamp": "2026-01-25T23:41:30.495530+00:00", "data": {"market": "0x6e5e9c218d780a8ff8b516cae97604958f7323ffd75b525d810fb804e727ad78", "price_changes": [{"asset_id": "4929915665740215533077513370523570724508699505795913150073424458746805119832", "price": "0.52", "size": "384", "side": "BUY", "hash": "3bdc3d66d0a6ae7d4828f25c9884acbc78c67658", "best_bid": "0.78", "best_ask": "0.79"}, {"asset_id": "66190026636022120219272454910747143264277679901831317594304438527297253363875", "price": "0.48", "size": "384", "side": "SELL", "hash": "247cd1954637ed624b663132f9ad2157cba0e18c", "best_bid": "0.21", "best_ask": "0.22"}], "timestamp": "1769384490430", "event_type": "price_change"}}
{"_local_timestamp": "2026-01-25T23:41:30.503695+00:00", "data": {"market": "0x242266c50482ad4f243610f7546b60089eadc1d81d4ef408c787f67aa3ef5e7c", "price_changes": [{"asset_id": "96533933355712544390418613060156510030240147080751769428940162257378106436404", "price": "0.17", "size": "1176", "side": "BUY", "hash": "ea20ce6eec16b128db059e8b34b12bcc86832c76", "best_bid": "0.45", "best_ask": "0.49"}, {"asset_id": "28263250326920700075422198100613476697802143744104502510886484761449393244656", "price": "0.83", "size": "1176", "side": "SELL", "hash": "f540de5a31e6a092df945fc708284e8fef75a6c4", "best_bid": "0.51", "best_ask": "0.55"}], "timestamp": "1769384490430", "event_type": "price_change"}}
{"_local_timestamp": "2026-01-25T23:41:30.511593+00:00", "data": {"market": "0xaeb02ced23cf66b235fb864ed82bdf7f7144c38cb0c7466e5f6c255a5c6015cc", "price_changes": [{"asset_id": "16066315103031518578542990703395510559372655158819085950817958432162905570385", "price": "0.013", "size": "15531", "side": "BUY", "hash": "9b68c51a71702675eb852981a85b98b4bd2e1483", "best_bid": "0.99", "best_ask": "0.999"}, {"asset_id": "38866550321267038434460376745002272171027672578638559578882849128491520813825", "price": "0.987", "size": "15531", "side": "SELL", "hash": "0f321359108cf0c22addcde5cdd356889eced66e", "best_bid": "0.001", "best_ask": "0.01"}], "timestamp": "1769384490430", "event_type": "price_change"}}
{"_local_timestamp": "2026-01-25T23:41:30.519609+00:00", "data": {"market": "0x27d685bdad61bf2f35948bcff8ddf673c14b72a6f4e9cf1a9d867be231f6a610", "price_changes": [{"asset_id": "82614941921461618729202933946512372479181705578801351216657431603405116134694", "price": "0.02", "size": "10000", "side": "BUY", "hash": "b632e07080b2ff4ca511155df659f50dac345f00", "best_bid": "0.32", "best_ask": "0.38"}, {"asset_id": "32476227489805089000687418984234668312982619103362138837681249693289694597075", "price": "0.98", "size": "10000", "side": "SELL", "hash": "214aa4b1f92a5e76b5543db9856cdba40b6a6f78", "best_bid": "0.62", "best_ask": "0.68"}], "timestamp": "1769384490430", "event_type": "price_change"}}
{"_local_timestamp": "2026-01-25T23:41:30.527867+00:00", "data": {"market": "0xcf18b8f0901452013dcdf957badd6bfb71a9935c6dd9dd2566dc5bb7f795c1a0", "price_changes": [{"asset_id": "86867607300025136841054177922135303037165603316339117668930743822611084804074", "price": "0.05", "size": "4000", "side": "BUY", "hash": "983f53f5394f4d9c3474158643ee206438dc9c90", "best_bid": "0.37", "best_ask": "0.41"}, {"asset_id": "13301686528282766867573623232056946130992514687837926123264639755941579360230", "price": "0.95", "size": "4000", "side": "SELL", "hash": "2c6eea52af01eb07f176e024a8f8ebbef6f587ce", "best_bid": "0.59", "best_ask": "0.63"}], "timestamp": "1769384490430", "event_type": "price_change"}}
{"_local_timestamp": "2026-01-25T23:41:30.536100+00:00", "data": {"market": "0x7573b38aa3d3d387be05d7e2b3fa5c397c6cbf1fbfbb5ccbe1d82816b901e9d1", "price_changes": [{"asset_id": "47900911198961041897125947140815317810676260067603694036981412378636602096971", "price": "0.32", "size": "625", "side": "BUY", "hash": "7a5c5b3642dcf0ea49f53e5513d0b3855b967b65", "best_bid": "0.44", "best_ask": "0.46"}, {"asset_id": "45963563720386640986457133827320203891928335132800978095470889439601833791792", "price": "0.68", "size": "625", "side": "SELL", "hash": "0528e93c50a6e45b631950da0c7a876cb2f4c5aa", "best_bid": "0.54", "best_ask": "0.56"}], "timestamp": "1769384490430", "event_type": "price_change"}}
{"_local_timestamp": "2026-01-25T23:41:30.543993+00:00", "data": {"market": "0x242266c50482ad4f243610f7546b60089eadc1d81d4ef408c787f67aa3ef5e7c", "price_changes": [{"asset_id": "28263250326920700075422198100613476697802143744104502510886484761449393244656", "price": "0.21", "size": "952", "side": "BUY", "hash": "92760dc1cfe464ecb9c3f46982548d706cdad578", "best_bid": "0.51", "best_ask": "0.55"}, {"asset_id": "96533933355712544390418613060156510030240147080751769428940162257378106436404", "price": "0.79", "size": "952", "side": "SELL", "hash": "f8c49ac8a7929549b81aa1380058a35ed72cbf73", "best_bid": "0.45", "best_ask": "0.49"}], "timestamp": "1769384490430", "event_type": "price_change"}}
{"_local_timestamp": "2026-01-25T23:41:30.551783+00:00", "data": {"market": "0x6e5e9c218d780a8ff8b516cae97604958f7323ffd75b525d810fb804e727ad78", "price_changes": [{"asset_id": "66190026636022120219272454910747143264277679901831317594304438527297253363875", "price": "0.02", "size": "10000", "side": "BUY", "hash": "edbb75b812676fd63906508dccbe68ca62b4c86e", "best_bid": "0.21", "best_ask": "0.22"}, {"asset_id": "4929915665740215533077513370523570724508699505795913150073424458746805119832", "price": "0.98", "size": "10000", "side": "SELL", "hash": "d37cd34a97c5a5fc4292195c6a6cbac5ba51ba3f", "best_bid": "0.78", "best_ask": "0.79"}], "timestamp": "1769384490430", "event_type": "price_change"}}
{"_local_timestamp": "2026-01-25T23:41:30.559583+00:00", "data": {"market": "0x27d685bdad61bf2f35948bcff8ddf673c14b72a6f4e9cf1a9d867be231f6a610", "price_changes": [{"asset_id": "32476227489805089000687418984234668312982619103362138837681249693289694597075", "price": "0.21", "size": "952", "side": "BUY", "hash": "dad1c5b62d33819820da1fd599cf80d214d2f46d", "best_bid": "0.62", "best_ask": "0.68"}, {"asset_id": "82614941921461618729202933946512372479181705578801351216657431603405116134694", "price": "0.79", "size": "952", "side": "SELL", "hash": "aa58b7e80963657c0085d3262a9a2b18fe71fc67", "best_bid": "0.32", "best_ask": "0.38"}], "timestamp": "1769384490430", "event_type": "price_change"}}
{"_local_timestamp": "2026-01-25T23:41:30.567385+00:00", "data": {"market": "0x7573b38aa3d3d387be05d7e2b3fa5c397c6cbf1fbfbb5ccbe1d82816b901e9d1", "price_changes": [{"asset_id": "45963563720386640986457133827320203891928335132800978095470889439601833791792", "price": "0.4", "size": "500", "side": "BUY", "hash": "45299e0180599a110f3302c3c869e15b2877a0a6", "best_bid": "0.54", "best_ask": "0.56"}, {"asset_id": "47900911198961041897125947140815317810676260067603694036981412378636602096971", "price": "0.6", "size": "500", "side": "SELL", "hash": "b5cc86b304d8fe655c16997a460f4149f16adb2f", "best_bid": "0.44", "best_ask": "0.46"}], "timestamp": "1769384490431", "event_type": "price_change"}}
{"_local_timestamp": "2026-01-25T23:41:30.780975+00:00", "data": {"market": "0xaeb02ced23cf66b235fb864ed82bdf7f7144c38cb0c7466e5f6c255a5c6015cc", "price_changes": [{"asset_id": "38866550321267038434460376745002272171027672578638559578882849128491520813825", "price": "0.01", "size": "0", "side": "SELL", "hash": "c7326e33f61d0b36ef4b39aa155627636365a13d", "best_bid": "0.001", "best_ask": "0.019"}, {"asset_id": "16066315103031518578542990703395510559372655158819085950817958432162905570385", "price": "0.99", "size": "0", "side": "BUY", "hash": "3a9c3d2bf9d984fe6871d5f68355f8c1a74987da", "best_bid": "0.981", "best_ask": "0.999"}], "timestamp": "1769384490712", "event_type": "price_change"}}
{"_local_timestamp": "2026-01-25T23:41:30.798833+00:00", "data": {"market": "0xaeb02ced23cf66b235fb864ed82bdf7f7144c38cb0c7466e5f6c255a5c6015cc", "price_changes": [{"asset_id": "38866550321267038434460376745002272171027672578638559578882849128491520813825", "price": "0.02", "size": "16.59", "side": "SELL", "hash": "c7326e33f61d0b36ef4b39aa155627636365a13d", "best_bid": "0.001", "best_ask": "0.019"}, {"asset_id": "16066315103031518578542990703395510559372655158819085950817958432162905570385", "price": "0.98", "size": "16.59", "side": "BUY", "hash": "3a9c3d2bf9d984fe6871d5f68355f8c1a74987da", "best_bid": "0.981", "best_ask": "0.999"}], "timestamp": "1769384490712", "event_type": "price_change"}}
{"_local_timestamp": "2026-01-25T23:41:31.059544+00:00", "data": {"market": "0xaeb02ced23cf66b235fb864ed82bdf7f7144c38cb0c7466e5f6c255a5c6015cc", "price_changes": [{"asset_id": "38866550321267038434460376745002272171027672578638559578882849128491520813825", "price": "0.018", "size": "11.36", "side": "SELL", "hash": "fe67c245faa1e1db5f703a71a343b2fe256e4c0e", "best_bid": "0.001", "best_ask": "0.018"}, {"asset_id": "16066315103031518578542990703395510559372655158819085950817958432162905570385", "price": "0.982", "size": "11.36", "side": "BUY", "hash": "9eb896767edc267e1824524c31e49db4a28d84b4", "best_bid": "0.982", "best_ask": "0.999"}], "timestamp": "1769384490993", "event_type": "price_change"}}
{"_local_timestamp": "2026-01-25T23:41:31.080102+00:00", "data": {"market": "0xaeb02ced23cf66b235fb864ed82bdf7f7144c38cb0c7466e5f6c255a5c6015cc", "price_changes": [{"asset_id": "38866550321267038434460376745002272171027672578638559578882849128491520813825", "price": "0.018", "size": "22.72", "side": "SELL", "hash": "5b7d3f720b192158f4a9773f3e6c7b4e736f9821", "best_bid": "0.001", "best_ask": "0.018"}, {"asset_id": "16066315103031518578542990703395510559372655158819085950817958432162905570385", "price": "0.982", "size": "22.72", "side": "BUY", "hash": "f83c0721f0812731492d2fe887fb7ae34331774f", "best_bid": "0.982", "best_ask": "0.999"}], "timestamp": "1769384490993", "event_type": "price_change"}}
{"_local_timestamp": "2026-01-25T23:41:31.466682+00:00", "data": {"market": "0xaeb02ced23cf66b235fb864ed82bdf7f7144c38cb0c7466e5f6c255a5c6015cc", "price_changes": [{"asset_id": "38866550321267038434460376745002272171027672578638559578882849128491520813825", "price": "0.019", "size": "0", "side": "SELL", "hash": "de5f74e2f4c3fb5be0457f3c800a5de91bcf7d32", "best_bid": "0.001", "best_ask": "0.018"}, {"asset_id": "16066315103031518578542990703395510559372655158819085950817958432162905570385", "price": "0.981", "size": "0", "side": "BUY", "hash": "fb61177ddfc2a0b3de595de6a56e056cd6c7f5a0", "best_bid": "0.982", "best_ask": "0.999"}], "timestamp": "1769384491395", "event_type": "price_change"}}
{"_local_timestamp": "2026-01-25T23:41:31.516066+00:00", "data": {"market": "0xaeb02ced23cf66b235fb864ed82bdf7f7144c38cb0c7466e5f6c255a5c6015cc", "price_changes": [{"asset_id": "38866550321267038434460376745002272171027672578638559578882849128491520813825", "price": "0.017", "size": "24.69", "side": "SELL", "hash": "238eecc2ab329be38f4eccd701555df98f2681c0", "best_bid": "0.001", "best_ask": "0.017"}, {"asset_id": "16066315103031518578542990703395510559372655158819085950817958432162905570385", "price": "0.983", "size": "24.69", "side": "BUY", "hash": "368d157f07330825152e7293533f852566c7456e", "best_bid": "0.983", "best_ask": "0.999"}], "timestamp": "1769384491444", "event_type": "price_change"}}
{"_local_timestamp": "2026-01-25T23:41:31.678286+00:00", "data": {"market": "0xaeb02ced23cf66b235fb864ed82bdf7f7144c38cb0c7466e5f6c255a5c6015cc", "price_changes": [{"asset_id": "38866550321267038434460376745002272171027672578638559578882849128491520813825", "price": "0.02", "size": "0", "side": "SELL", "hash": "edb849413bfaad356733eb19f0435e36568cbbe1", "best_bid": "0.001", "best_ask": "0.017"}, {"asset_id": "16066315103031518578542990703395510559372655158819085950817958432162905570385", "price": "0.98", "size": "0", "side": "BUY", "hash": "806113e91344a3b265e9a319aa892255f81c6a33", "best_bid": "0.983", "best_ask": "0.999"}], "timestamp": "1769384491607", "event_type": "price_change"}}
{"_local_timestamp": "2026-01-25T23:41:32.018959+00:00", "data": {"market": "0xaeb02ced23cf66b235fb864ed82bdf7f7144c38cb0c7466e5f6c255a5c6015cc", "price_changes": [{"asset_id": "38866550321267038434460376745002272171027672578638559578882849128491520813825", "price": "0.016", "size": "8.3", "side": "SELL", "hash": "1719482d8fd1efb8da5508e1e81dc18bf4125845", "best_bid": "0.001", "best_ask": "0.016"}, {"asset_id": "16066315103031518578542990703395510559372655158819085950817958432162905570385", "price": "0.984", "size": "8.3", "side": "BUY", "hash": "fcc6ae7c9fd805165ed866c9582d07ab5d379c59", "best_bid": "0.984", "best_ask": "0.999"}], "timestamp": "1769384491952", "event_type": "price_change"}}
{"_local_timestamp": "2026-01-25T23:41:32.031605+00:00", "data": {"market": "0xaeb02ced23cf66b235fb864ed82bdf7f7144c38cb0c7466e5f6c255a5c6015cc", "price_changes": [{"asset_id": "38866550321267038434460376745002272171027672578638559578882849128491520813825", "price": "0.016", "size": "16.6", "side": "SELL", "hash": "8dc54fd5f437e1ef4f5d4c958e242a2e80d351e8", "best_bid": "0.001", "best_ask": "0.016"}, {"asset_id": "16066315103031518578542990703395510559372655158819085950817958432162905570385", "price": "0.984", "size": "16.6", "side": "BUY", "hash": "68c67460e2795a31ac59a8e6d58b629dbe985bc7", "best_bid": "0.984", "best_ask": "0.999"}], "timestamp": "1769384491952", "event_type": "price_change"}}
{"_local_timestamp": "2026-01-25T23:41:32.410225+00:00", "data": {"market": "0xaeb02ced23cf66b235fb864ed82bdf7f7144c38cb0c7466e5f6c255a5c6015cc", "price_changes": [{"asset_id": "38866550321267038434460376745002272171027672578638559578882849128491520813825", "price": "0.018", "size": "11.36", "side": "SELL", "hash": "cfdb2285ffe0d53804a5b5613afc703f4db5e945", "best_bid": "0.001", "best_ask": "0.016"}, {"asset_id": "16066315103031518578542990703395510559372655158819085950817958432162905570385", "price": "0.982", "size": "11.36", "side": "BUY", "hash": "ef6f92494b5797d91bb9fdb4fa27409e93813ce4", "best_bid": "0.984", "best_ask": "0.999"}], "timestamp": "1769384492336", "event_type": "price_change"}}
{"_local_timestamp": "2026-01-25T23:41:32.716225+00:00", "data": {"market": "0xaeb02ced23cf66b235fb864ed82bdf7f7144c38cb0c7466e5f6c255a5c6015cc", "price_changes": [{"asset_id": "38866550321267038434460376745002272171027672578638559578882849128491520813825", "price": "0.016", "size": "22.28", "side": "SELL", "hash": "0672616a38431baa4271f6b2fe6369012a59c15c", "best_bid": "0.001", "best_ask": "0.016"}, {"asset_id": "16066315103031518578542990703395510559372655158819085950817958432162905570385", "price": "0.984", "size": "22.28", "side": "BUY", "hash": "ca0ee091ce651dd615d15f76a9f84ce953559ac0", "best_bid": "0.984", "best_ask": "0.999"}], "timestamp": "1769384492634", "event_type": "price_change"}}
{"_local_timestamp": "2026-01-25T23:41:32.735387+00:00", "data": {"market": "0xaeb02ced23cf66b235fb864ed82bdf7f7144c38cb0c7466e5f6c255a5c6015cc", "price_changes": [{"asset_id": "38866550321267038434460376745002272171027672578638559578882849128491520813825", "price": "0.016", "size": "27.96", "side": "SELL", "hash": "4511fb2bdf93bf17a821eeca7bcdf3ed6af08fc5", "best_bid": "0.001", "best_ask": "0.016"}, {"asset_id": "16066315103031518578542990703395510559372655158819085950817958432162905570385", "price": "0.984", "size": "27.96", "side": "BUY", "hash": "2c1741832ad2fe9a4a7a472c8a9a64a76e84712b", "best_bid": "0.984", "best_ask": "0.999"}], "timestamp": "1769384492634", "event_type": "price_change"}}
{"_local_timestamp": "2026-01-25T23:41:32.762483+00:00", "data": {"market": "0xaeb02ced23cf66b235fb864ed82bdf7f7144c38cb0c7466e5f6c255a5c6015cc", "price_changes": [{"asset_id": "38866550321267038434460376745002272171027672578638559578882849128491520813825", "price": "0.017", "size": "0", "side": "SELL", "hash": "03f911f90147085b03232b3abc79981288f269a7", "best_bid": "0.001", "best_ask": "0.016"}, {"asset_id": "16066315103031518578542990703395510559372655158819085950817958432162905570385", "price": "0.983", "size": "0", "side": "BUY", "hash": "6c2e67d19a2d1dc8c9f9deb23c010fef9b023e0e", "best_bid": "0.984", "best_ask": "0.999"}], "timestamp": "1769384492696", "event_type": "price_change"}}
{"_local_timestamp": "2026-01-25T23:41:32.789773+00:00", "data": {"market": "0xaeb02ced23cf66b235fb864ed82bdf7f7144c38cb0c7466e5f6c255a5c6015cc", "price_changes": [{"asset_id": "38866550321267038434460376745002272171027672578638559578882849128491520813825", "price": "0.015", "size": "24.69", "side": "SELL", "hash": "3c3a7c2295f9c0198cab15eea071dc0b4bea232b", "best_bid": "0.001", "best_ask": "0.015"}, {"asset_id": "16066315103031518578542990703395510559372655158819085950817958432162905570385", "price": "0.985", "size": "24.69", "side": "BUY", "hash": "9778f20fa34eaf7fd5b3c405b4365487ce9bb1b5", "best_bid": "0.985", "best_ask": "0.999"}], "timestamp": "1769384492723", "event_type": "price_change"}}
{"_local_timestamp": "2026-01-25T23:41:33.140478+00:00", "data": {"market": "0xaeb02ced23cf66b235fb864ed82bdf7f7144c38cb0c7466e5f6c255a5c6015cc", "price_changes": [{"asset_id": "38866550321267038434460376745002272171027672578638559578882849128491520813825", "price": "0.018", "size": "0", "side": "SELL", "hash": "18780e3b13547678e023c078941cf36cda2fb79a", "best_bid": "0.001", "best_ask": "0.015"}, {"asset_id": "16066315103031518578542990703395510559372655158819085950817958432162905570385", "price": "0.982", "size": "0", "side": "BUY", "hash": "d7fcf653dccc181fd9a7442887aaff2da3a526cd", "best_bid": "0.985", "best_ask": "0.999"}], "timestamp": "1769384493059", "event_type": "price_change"}}
{"_local_timestamp": "2026-01-25T23:41:33.397418+00:00", "data": {"market": "0xaeb02ced23cf66b235fb864ed82bdf7f7144c38cb0c7466e5f6c255a5c6015cc", "price_changes": [{"asset_id": "38866550321267038434460376745002272171027672578638559578882849128491520813825", "price": "0.014", "size": "5.68", "side": "SELL", "hash": "e20926ee2018b097dc0efe1ed42e4581faea7ba9", "best_bid": "0.001", "best_ask": "0.014"}, {"asset_id": "16066315103031518578542990703395510559372655158819085950817958432162905570385", "price": "0.986", "size": "5.68", "side": "BUY", "hash": "21605db73b0d9bb43b43275499502cd4a8713dd8", "best_bid": "0.986", "best_ask": "0.999"}], "timestamp": "1769384493321", "event_type": "price_change"}}
{"_local_timestamp": "2026-01-25T23:41:33.407214+00:00", "data": {"market": "0xaeb02ced23cf66b235fb864ed82bdf7f7144c38cb0c7466e5f6c255a5c6015cc", "price_changes": [{"asset_id": "38866550321267038434460376745002272171027672578638559578882849128491520813825", "price": "0.014", "size": "11.36", "side": "SELL", "hash": "5e35177b34089121a4b999f3f079b9f4d53566d4", "best_bid": "0.001", "best_ask": "0.014"}, {"asset_id": "16066315103031518578542990703395510559372655158819085950817958432162905570385", "price": "0.986", "size": "11.36", "side": "BUY", "hash": "92aad770d42b862cf991cbf4205adc00c7a0f766", "best_bid": "0.986", "best_ask": "0.999"}], "timestamp": "1769384493322", "event_type": "price_change"}}
{"_local_timestamp": "2026-01-25T23:41:33.854284+00:00", "data": {"market": "0xaeb02ced23cf66b235fb864ed82bdf7f7144c38cb0c7466e5f6c255a5c6015cc", "price_changes": [{"asset_id": "38866550321267038434460376745002272171027672578638559578882849128491520813825", "price": "0.016", "size": "5.68", "side": "SELL", "hash": "15f54b54d8fe97ba609a888adc47ae6dd605653e", "best_bid": "0.001", "best_ask": "0.014"}, {"asset_id": "16066315103031518578542990703395510559372655158819085950817958432162905570385", "price": "0.984", "size": "5.68", "side": "BUY", "hash": "620895513e6d7786725a9b1c783d2a3b54931c19", "best_bid": "0.986", "best_ask": "0.999"}], "timestamp": "1769384493781", "event_type": "price_change"}}
{"_local_timestamp": "2026-01-25T23:41:33.907005+00:00", "data": {"market": "0xaeb02ced23cf66b235fb864ed82bdf7f7144c38cb0c7466e5f6c255a5c6015cc", "price_changes": [{"asset_id": "38866550321267038434460376745002272171027672578638559578882849128491520813825", "price": "0.015", "size": "0", "side": "SELL", "hash": "deebbe0df1305b9ae0d94c6da93ded1a76bdaeed", "best_bid": "0.001", "best_ask": "0.014"}, {"asset_id": "16066315103031518578542990703395510559372655158819085950817958432162905570385", "price": "0.985", "size": "0", "side": "BUY", "hash": "954aaa633ebc76793ede9b03420db2bc4ed01491", "best_bid": "0.986", "best_ask": "0.999"}], "timestamp": "1769384493836", "event_type": "price_change"}}
{"_local_timestamp": "2026-01-25T23:41:33.934458+00:00", "data": {"market": "0xaeb02ced23cf66b235fb864ed82bdf7f7144c38cb0c7466e5f6c255a5c6015cc", "price_changes": [{"asset_id": "38866550321267038434460376745002272171027672578638559578882849128491520813825", "price": "0.021", "size": "30.16", "side": "SELL", "hash": "60fb8a270cad457f5e81bc5b624622a4341a4d3a", "best_bid": "0.001", "best_ask": "0.014"}, {"asset_id": "16066315103031518578542990703395510559372655158819085950817958432162905570385", "price": "0.979", "size": "30.16", "side": "BUY", "hash": "da019173c38314cef7212efd7214f82e54cb9d9f", "best_bid": "0.986", "best_ask": "0.999"}], "timestamp": "1769384493865", "event_type": "price_change"}}
{"_local_timestamp": "2026-01-25T23:41:34.092549+00:00", "data": {"market": "0xaeb02ced23cf66b235fb864ed82bdf7f7144c38cb0c7466e5f6c255a5c6015cc", "price_changes": [{"asset_id": "38866550321267038434460376745002272171027672578638559578882849128491520813825", "price": "0.014", "size": "22.5", "side": "SELL", "hash": "44b4cbcc1e6d79194abdcf8e3379895848e200bb", "best_bid": "0.001", "best_ask": "0.014"}, {"asset_id": "16066315103031518578542990703395510559372655158819085950817958432162905570385", "price": "0.986", "size": "22.5", "side": "BUY", "hash": "1c885f071269e07e25d248b483d5a6ad695219c9", "best_bid": "0.986", "best_ask": "0.999"}], "timestamp": "1769384494014", "event_type": "price_change"}}
{"_local_timestamp": "2026-01-25T23:41:34.111058+00:00", "data": {"market": "0xaeb02ced23cf66b235fb864ed82bdf7f7144c38cb0c7466e5f6c255a5c6015cc", "price_changes": [{"asset_id": "38866550321267038434460376745002272171027672578638559578882849128491520813825", "price": "0.014", "size": "33.64", "side": "SELL", "hash": "e950bc9ebc415cecc4b0faba846ca1b244b9e28c", "best_bid": "0.001", "best_ask": "0.014"}, {"asset_id": "16066315103031518578542990703395510559372655158819085950817958432162905570385", "price": "0.986", "size": "33.64", "side": "BUY", "hash": "65f0f2d6252de4864df5adb7143fa68426281e5f", "best_bid": "0.986", "best_ask": "0.999"}], "timestamp": "1769384494015", "event_type": "price_change"}}
{"_local_timestamp": "2026-01-25T23:41:35.140430+00:00", "data": {"market": "0xaeb02ced23cf66b235fb864ed82bdf7f7144c38cb0c7466e5f6c255a5c6015cc", "price_changes": [{"asset_id": "38866550321267038434460376745002272171027672578638559578882849128491520813825", "price": "0.014", "size": "5.68", "side": "SELL", "hash": "a9254a5c58ba3be9cb1303daa4de1e6049b8ab54", "best_bid": "0.001", "best_ask": "0.014"}, {"asset_id": "16066315103031518578542990703395510559372655158819085950817958432162905570385", "price": "0.986", "size": "5.68", "side": "BUY", "hash": "b290dd9a7d9961274f3df1a0541600db052e1367", "best_bid": "0.986", "best_ask": "0.999"}], "timestamp": "1769384495062", "event_type": "price_change"}}
{"_local_timestamp": "2026-01-25T23:41:35.148411+00:00", "data": {"market": "0xaeb02ced23cf66b235fb864ed82bdf7f7144c38cb0c7466e5f6c255a5c6015cc", "price_changes": [{"asset_id": "38866550321267038434460376745002272171027672578638559578882849128491520813825", "price": "0.016", "size": "0", "side": "SELL", "hash": "a9254a5c58ba3be9cb1303daa4de1e6049b8ab54", "best_bid": "0.001", "best_ask": "0.014"}, {"asset_id": "16066315103031518578542990703395510559372655158819085950817958432162905570385", "price": "0.984", "size": "0", "side": "BUY", "hash": "b290dd9a7d9961274f3df1a0541600db052e1367", "best_bid": "0.986", "best_ask": "0.999"}], "timestamp": "1769384495062", "event_type": "price_change"}}
{"_local_timestamp": "2026-01-25T23:41:35.239193+00:00", "data": {"market": "0xaeb02ced23cf66b235fb864ed82bdf7f7144c38cb0c7466e5f6c255a5c6015cc", "price_changes": [{"asset_id": "38866550321267038434460376745002272171027672578638559578882849128491520813825", "price": "0.021", "size": "5.47", "side": "SELL", "hash": "ef6b36c7564e0eed1cb3d11a77885d8aae898da3", "best_bid": "0.001", "best_ask": "0.014"}, {"asset_id": "16066315103031518578542990703395510559372655158819085950817958432162905570385", "price": "0.979", "size": "5.47", "side": "BUY", "hash": "ae74f649b316201af4051d4f1fe78acf653135cc", "best_bid": "0.986", "best_ask": "0.999"}], "timestamp": "1769384495165", "event_type": "price_change"}}
{"_local_timestamp": "2026-01-25T23:41:35.279054+00:00", "data": {"market": "0xaeb02ced23cf66b235fb864ed82bdf7f7144c38cb0c7466e5f6c255a5c6015cc", "price_changes": [{"asset_id": "38866550321267038434460376745002272171027672578638559578882849128491520813825", "price": "0.014", "size": "30.37", "side": "SELL", "hash": "bd8e8cf67581ef3b58a470be7a99fa10e722300c", "best_bid": "0.001", "best_ask": "0.014"}, {"asset_id": "16066315103031518578542990703395510559372655158819085950817958432162905570385", "price": "0.986", "size": "30.37", "side": "BUY", "hash": "5fc76efeea7f9ea9a5b0e5fd6bfba9abcf2b135e", "best_bid": "0.986", "best_ask": "0.999"}], "timestamp": "1769384495204", "event_type": "price_change"}}
{"_local_timestamp": "2026-01-25T23:41:35.372898+00:00", "data": {"market": "0xaeb02ced23cf66b235fb864ed82bdf7f7144c38cb0c7466e5f6c255a5c6015cc", "price_changes": [{"asset_id": "38866550321267038434460376745002272171027672578638559578882849128491520813825", "price": "0.013", "size": "16.82", "side": "SELL", "hash": "6a705767845abec9ab6813c2732b3d54798b71a3", "best_bid": "0.001", "best_ask": "0.013"}, {"asset_id": "16066315103031518578542990703395510559372655158819085950817958432162905570385", "price": "0.987", "size": "16.82", "side": "BUY", "hash": "07bd08a5cedf6f441ba3cbef49147ead011a9e79", "best_bid": "0.987", "best_ask": "0.999"}], "timestamp": "1769384495279", "event_type": "price_change"}}
{"_local_timestamp": "2026-01-25T23:41:35.382129+00:00", "data": {"market": "0xaeb02ced23cf66b235fb864ed82bdf7f7144c38cb0c7466e5f6c255a5c6015cc", "price_changes": [{"asset_id": "38866550321267038434460376745002272171027672578638559578882849128491520813825", "price": "0.013", "size": "33.64", "side": "SELL", "hash": "a89f004cb8674f9cfe48e809c34a2668805ec010", "best_bid": "0.001", "best_ask": "0.013"}, {"asset_id": "16066315103031518578542990703395510559372655158819085950817958432162905570385", "price": "0.987", "size": "33.64", "side": "BUY", "hash": "484d60624d61992f31ac98530014ba225df42e2c", "best_bid": "0.987", "best_ask": "0.999"}], "timestamp": "1769384495280", "event_type": "price_change"}}
{"_local_timestamp": "2026-01-25T23:41:35.990961+00:00", "data": {"market": "0xaeb02ced23cf66b235fb864ed82bdf7f7144c38cb0c7466e5f6c255a5c6015cc", "price_changes": [{"asset_id": "38866550321267038434460376745002272171027672578638559578882849128491520813825", "price": "0.014", "size": "24.69", "side": "SELL", "hash": "1a08c5f3092f0917f598a630c706d6d1c312331c", "best_bid": "0.001", "best_ask": "0.013"}, {"asset_id": "16066315103031518578542990703395510559372655158819085950817958432162905570385", "price": "0.986", "size": "24.69", "side": "BUY", "hash": "20b23a0ede51b25b2da0d51879ed1a2564a4dca3", "best_bid": "0.987", "best_ask": "0.999"}], "timestamp": "1769384495907", "event_type": "price_change"}}
{"_local_timestamp": "2026-01-25T23:41:36.312136+00:00", "data": {"market": "0xaeb02ced23cf66b235fb864ed82bdf7f7144c38cb0c7466e5f6c255a5c6015cc", "price_changes": [{"asset_id": "38866550321267038434460376745002272171027672578638559578882849128491520813825", "price": "0.013", "size": "39.32", "side": "SELL", "hash": "be588d8b9fe7f2c6b3b832bb3383b4101144b127", "best_bid": "0.001", "best_ask": "0.013"}, {"asset_id": "16066315103031518578542990703395510559372655158819085950817958432162905570385", "price": "0.987", "size": "39.32", "side": "BUY", "hash": "d8f79e49894221f22f043bdb2305383d9ab34701", "best_bid": "0.987", "best_ask": "0.999"}], "timestamp": "1769384496238", "event_type": "price_change"}}
{"_local_timestamp": "2026-01-25T23:41:36.402724+00:00", "data": {"market": "0xaeb02ced23cf66b235fb864ed82bdf7f7144c38cb0c7466e5f6c255a5c6015cc", "price_changes": [{"asset_id": "38866550321267038434460376745002272171027672578638559578882849128491520813825", "price": "0.014", "size": "0", "side": "SELL", "hash": "70d089241ba774a614eafe19f11a89f5746d3605", "best_bid": "0.001", "best_ask": "0.013"}, {"asset_id": "16066315103031518578542990703395510559372655158819085950817958432162905570385", "price": "0.986", "size": "0", "side": "BUY", "hash": "6c8aebcbce00e797857663b27d278430898917d4", "best_bid": "0.987", "best_ask": "0.999"}], "timestamp": "1769384496322", "event_type": "price_change"}}
{"_local_timestamp": "2026-01-25T23:41:36.439869+00:00", "data": {"market": "0xaeb02ced23cf66b235fb864ed82bdf7f7144c38cb0c7466e5f6c255a5c6015cc", "price_changes": [{"asset_id": "38866550321267038434460376745002272171027672578638559578882849128491520813825", "price": "0.012", "size": "24.69", "side": "SELL", "hash": "6becd0601c85c1bedb68ea379835bfc41e9abe11", "best_bid": "0.001", "best_ask": "0.012"}, {"asset_id": "16066315103031518578542990703395510559372655158819085950817958432162905570385", "price": "0.988", "size": "24.69", "side": "BUY", "hash": "0c6682e9687931d4755fec1f14658d8b2e541cde", "best_bid": "0.988", "best_ask": "0.999"}], "timestamp": "1769384496360", "event_type": "price_change"}}
{"_local_timestamp": "2026-01-25T23:41:36.818349+00:00", "data": {"market": "0xaeb02ced23cf66b235fb864ed82bdf7f7144c38cb0c7466e5f6c255a5c6015cc", "price_changes": [{"asset_id": "38866550321267038434460376745002272171027672578638559578882849128491520813825", "price": "0.013", "size": "5.68", "side": "SELL", "hash": "6627d28b69425f5d8501d6987ac0e5b4b4cbe45a", "best_bid": "0.001", "best_ask": "0.012"}, {"asset_id": "16066315103031518578542990703395510559372655158819085950817958432162905570385", "price": "0.987", "size": "5.68", "side": "BUY", "hash": "32867020fe9b68652e92f630db888aa0c8765f9c", "best_bid": "0.988", "best_ask": "0.999"}], "timestamp": "1769384496752", "event_type": "price_change"}}
{"_local_timestamp": "2026-01-25T23:41:37.052548+00:00", "data": {"market": "0xaeb02ced23cf66b235fb864ed82bdf7f7144c38cb0c7466e5f6c255a5c6015cc", "price_changes": [{"asset_id": "38866550321267038434460376745002272171027672578638559578882849128491520813825", "price": "0.011", "size": "16.82", "side": "SELL", "hash": "cecc49bd9ba0cc78c585f9ed815e708ea7535d6c", "best_bid": "0.001", "best_ask": "0.011"}, {"asset_id": "16066315103031518578542990703395510559372655158819085950817958432162905570385", "price": "0.989", "size": "16.82", "side": "BUY", "hash": "23f3aed52917610cf438a92f43ee210343621da2", "best_bid": "0.989", "best_ask": "0.999"}], "timestamp": "1769384496984", "event_type": "price_change"}}
{"_local_timestamp": "2026-01-25T23:41:37.060725+00:00", "data": {"market": "0xaeb02ced23cf66b235fb864ed82bdf7f7144c38cb0c7466e5f6c255a5c6015cc", "price_changes": [{"asset_id": "38866550321267038434460376745002272171027672578638559578882849128491520813825", "price": "0.011", "size": "33.64", "side": "SELL", "hash": "bf06c4b3e2ca9b702fcb553af56a0bd4153ea672", "best_bid": "0.001", "best_ask": "0.011"}, {"asset_id": "16066315103031518578542990703395510559372655158819085950817958432162905570385", "price": "0.989", "size": "33.64", "side": "BUY", "hash": "41ca3c62559d46a74504332b3da6c8f8c2fb6967", "best_bid": "0.989", "best_ask": "0.999"}], "timestamp": "1769384496985", "event_type": "price_change"}}
{"_local_timestamp": "2026-01-25T23:41:37.074351+00:00", "data": {"market": "0x242266c50482ad4f243610f7546b60089eadc1d81d4ef408c787f67aa3ef5e7c", "price_changes": [{"asset_id": "28263250326920700075422198100613476697802143744104502510886484761449393244656", "price": "0.21", "size": "0", "side": "BUY", "hash": "c540e4a6d893a310f9934eee4fb6f427f98e2a87", "best_bid": "0.51", "best_ask": "0.55"}, {"asset_id": "96533933355712544390418613060156510030240147080751769428940162257378106436404", "price": "0.79", "size": "0", "side": "SELL", "hash": "ad1db5fa65dd9b7b56208d88ba5f55f15cd02faa", "best_bid": "0.45", "best_ask": "0.49"}], "timestamp": "1769384497000", "event_type": "price_change"}}
{"_local_timestamp": "2026-01-25T23:41:37.082643+00:00", "data": {"market": "0xcf18b8f0901452013dcdf957badd6bfb71a9935c6dd9dd2566dc5bb7f795c1a0", "price_changes": [{"asset_id": "86867607300025136841054177922135303037165603316339117668930743822611084804074", "price": "0.05", "size": "0", "side": "BUY", "hash": "b060de2e9d00273bf26bbc3a49ce1c59af0d2ad7", "best_bid": "0.37", "best_ask": "0.41"}, {"asset_id": "13301686528282766867573623232056946130992514687837926123264639755941579360230", "price": "0.95", "size": "0", "side": "SELL", "hash": "8fce742d0ead3d55da41015cb7b0bb7f12fd84b1", "best_bid": "0.59", "best_ask": "0.63"}], "timestamp": "1769384497000", "event_type": "price_change"}}
{"_local_timestamp": "2026-01-25T23:41:37.090575+00:00", "data": {"market": "0xcf18b8f0901452013dcdf957badd6bfb71a9935c6dd9dd2566dc5bb7f795c1a0", "price_changes": [{"asset_id": "13301686528282766867573623232056946130992514687837926123264639755941579360230", "price": "0.28", "size": "0", "side": "BUY", "hash": "9b6c88efd07fee125ff89c4f0cdb00429efbd29f", "best_bid": "0.59", "best_ask": "0.63"}, {"asset_id": "86867607300025136841054177922135303037165603316339117668930743822611084804074", "price": "0.72", "size": "0", "side": "SELL", "hash": "15efcd2a45490962007a1a0d9c643815609a1d5d", "best_bid": "0.37", "best_ask": "0.41"}], "timestamp": "1769384497001", "event_type": "price_change"}}
{"_local_timestamp": "2026-01-25T23:41:37.098380+00:00", "data": {"market": "0x54b69275ee145425f1a0dce69faef15f729f1ab3ec41bc2996a6c6c70e8aec0b", "price_changes": [{"asset_id": "106447080412815954453539138762045278580988736678171840293222199861758175727534", "price": "0.16", "size": "0", "side": "BUY", "hash": "83c994b7fa842d5bace7adcc599b9b12202e2653", "best_bid": "0.46", "best_ask": "0.51"}, {"asset_id": "44494068166094207162801090520618289188991411103177309101619626920967990930514", "price": "0.84", "size": "0", "side": "SELL", "hash": "5c61895b845fa5844d316f1e19fdded4bfef5bd2", "best_bid": "0.49", "best_ask": "0.54"}], "timestamp": "1769384497000", "event_type": "price_change"}}
{"_local_timestamp": "2026-01-25T23:41:37.106664+00:00", "data": {"market": "0xdd3915ab9de231a4f8d1b6989b9d28c81a39d3372fc2f5e5d5e09c5c36bd15e0", "price_changes": [{"asset_id": "64912974742020396457447321385468313243213302286888804044150787878568707049629", "price": "0.28", "size": "0", "side": "BUY", "hash": "ccd8234e4e526fd1f25b482611ed21fcf28946d7", "best_bid": "0.65", "best_ask": "0.68"}, {"asset_id": "73772444484179123398639028358181122166565249885455240318019005512648163832892", "price": "0.72", "size": "0", "side": "SELL", "hash": "090e3c00094db6cb7710c2e97441340d931a7559", "best_bid": "0.32", "best_ask": "0.35"}], "timestamp": "1769384497001", "event_type": "price_change"}}
{"_local_timestamp": "2026-01-25T23:41:37.114563+00:00", "data": {"market": "0x27d685bdad61bf2f35948bcff8ddf673c14b72a6f4e9cf1a9d867be231f6a610", "price_changes": [{"asset_id": "32476227489805089000687418984234668312982619103362138837681249693289694597075", "price": "0.21", "size": "0", "side": "BUY", "hash": "d4d04897c252e7defc6a8562f553226e53a65f49", "best_bid": "0.62", "best_ask": "0.68"}, {"asset_id": "82614941921461618729202933946512372479181705578801351216657431603405116134694", "price": "0.79", "size": "0", "side": "SELL", "hash": "ec51cab9f87194b786a85353fb5519029f863203", "best_bid": "0.32", "best_ask": "0.38"}], "timestamp": "1769384497000", "event_type": "price_change"}}
{"_local_timestamp": "2026-01-25T23:41:37.122585+00:00", "data": {"market": "0xaeb02ced23cf66b235fb864ed82bdf7f7144c38cb0c7466e5f6c255a5c6015cc", "price_changes": [{"asset_id": "16066315103031518578542990703395510559372655158819085950817958432162905570385", "price": "0.013", "size": "147", "side": "BUY", "hash": "7c9a431ea82abfe84fe7df2d7e450cfd9541007f", "best_bid": "0.989", "best_ask": "0.999"}, {"asset_id": "38866550321267038434460376745002272171027672578638559578882849128491520813825", "price": "0.987", "size": "147", "side": "SELL", "hash": "4484555fb6c5ca073f94d2e8bd532d059ccab68a", "best_bid": "0.001", "best_ask": "0.011"}], "timestamp": "1769384497001", "event_type": "price_change"}}
{"_local_timestamp": "2026-01-25T23:41:37.130545+00:00", "data": {"market": "0x6e5e9c218d780a8ff8b516cae97604958f7323ffd75b525d810fb804e727ad78", "price_changes": [{"asset_id": "66190026636022120219272454910747143264277679901831317594304438527297253363875", "price": "0.02", "size": "0", "side": "BUY", "hash": "3850ba7ad1551b2737c3ea959c656cdfffc4975d", "best_bid": "0.21", "best_ask": "0.22"}, {"asset_id": "4929915665740215533077513370523570724508699505795913150073424458746805119832", "price": "0.98", "size": "0", "side": "SELL", "hash": "eff658497863cb38c58b2ee6ce27bf1caa8ef0b8", "best_bid": "0.78", "best_ask": "0.79"}], "timestamp": "1769384497001", "event_type": "price_change"}}
{"_local_timestamp": "2026-01-25T23:41:37.179260+00:00", "data": {"market": "0x7573b38aa3d3d387be05d7e2b3fa5c397c6cbf1fbfbb5ccbe1d82816b901e9d1", "price_changes": [{"asset_id": "45963563720386640986457133827320203891928335132800978095470889439601833791792", "price": "0.4", "size": "0", "side": "BUY", "hash": "65275324aaffff4f2849e85f33ec544bdb914eb0", "best_bid": "0.54", "best_ask": "0.56"}, {"asset_id": "47900911198961041897125947140815317810676260067603694036981412378636602096971", "price": "0.6", "size": "0", "side": "SELL", "hash": "c868a2a4fcc5ab28882d6576fb092362062eb254", "best_bid": "0.44", "best_ask": "0.46"}], "timestamp": "1769384497000", "event_type": "price_change"}}
{"_local_timestamp": "2026-01-25T23:41:37.188162+00:00", "data": {"market": "0x54b69275ee145425f1a0dce69faef15f729f1ab3ec41bc2996a6c6c70e8aec0b", "price_changes": [{"asset_id": "44494068166094207162801090520618289188991411103177309101619626920967990930514", "price": "0.16", "size": "0", "side": "BUY", "hash": "9bbdf0c13eabdfecd38eb28658fa37022c78833c", "best_bid": "0.49", "best_ask": "0.54"}, {"asset_id": "106447080412815954453539138762045278580988736678171840293222199861758175727534", "price": "0.84", "size": "0", "side": "SELL", "hash": "7fffcaecbe3f3142537f8ac46b71839757485948", "best_bid": "0.46", "best_ask": "0.51"}], "timestamp": "1769384497002", "event_type": "price_change"}}
{"_local_timestamp": "2026-01-25T23:41:37.198960+00:00", "data": {"market": "0x27d685bdad61bf2f35948bcff8ddf673c14b72a6f4e9cf1a9d867be231f6a610", "price_changes": [{"asset_id": "82614941921461618729202933946512372479181705578801351216657431603405116134694", "price": "0.02", "size": "0", "side": "BUY", "hash": "c0036175bf02a147a1e8d391b896e044f170adb8", "best_bid": "0.32", "best_ask": "0.38"}, {"asset_id": "32476227489805089000687418984234668312982619103362138837681249693289694597075", "price": "0.98", "size": "0", "side": "SELL", "hash": "cee6279e4d0d2137d252d880eefc2ff75ad19404", "best_bid": "0.62", "best_ask": "0.68"}], "timestamp": "1769384497002", "event_type": "price_change"}}
{"_local_timestamp": "2026-01-25T23:41:37.206837+00:00", "data": {"market": "0x242266c50482ad4f243610f7546b60089eadc1d81d4ef408c787f67aa3ef5e7c", "price_changes": [{"asset_id": "96533933355712544390418613060156510030240147080751769428940162257378106436404", "price": "0.17", "size": "0", "side": "BUY", "hash": "4e03a15aa186abb4cdd62009eba4bc13aa625753", "best_bid": "0.45", "best_ask": "0.49"}, {"asset_id": "28263250326920700075422198100613476697802143744104502510886484761449393244656", "price": "0.83", "size": "0", "side": "SELL", "hash": "9e9d43c6e1c7ada4d4adcf21f0e3e305dd273b88", "best_bid": "0.51", "best_ask": "0.55"}], "timestamp": "1769384497001", "event_type": "price_change"}}
{"_local_timestamp": "2026-01-25T23:41:37.214710+00:00", "data": {"market": "0x6e5e9c218d780a8ff8b516cae97604958f7323ffd75b525d810fb804e727ad78", "price_changes": [{"asset_id": "4929915665740215533077513370523570724508699505795913150073424458746805119832", "price": "0.52", "size": "0", "side": "BUY", "hash": "fb0ddc3d860472ee9c1c682c3ea68dfe5c956555", "best_bid": "0.78", "best_ask": "0.79"}, {"asset_id": "66190026636022120219272454910747143264277679901831317594304438527297253363875", "price": "0.48", "size": "0", "side": "SELL", "hash": "ee3d13ff75dd2ca67f92552e6ed71e0c1441e3e4", "best_bid": "0.21", "best_ask": "0.22"}], "timestamp": "1769384497002", "event_type": "price_change"}}
{"_local_timestamp": "2026-01-25T23:41:37.226328+00:00", "data": {"market": "0x6ac594337fbd762ec04471e8d65806ff9ff78c33ed9dca4826c7bd2969475251", "price_changes": [{"asset_id": "79880305123726971124937075515339490140944001374542290672889526459108541617627", "price": "0.51", "size": "0", "side": "BUY", "hash": "4853047e5248b975bf3de9bffefd4e8fd9b59c99", "best_bid": "0.81", "best_ask": "0.85"}, {"asset_id": "115162358394175336212249289650926294268751651827332730207583087521345129280038", "price": "0.49", "size": "0", "side": "SELL", "hash": "dcb30303abe6ae912afa5a5cc05ca688e4d3374d", "best_bid": "0.15", "best_ask": "0.19"}], "timestamp": "1769384497002", "event_type": "price_change"}}
{"_local_timestamp": "2026-01-25T23:41:37.234943+00:00", "data": {"market": "0x6ac594337fbd762ec04471e8d65806ff9ff78c33ed9dca4826c7bd2969475251", "price_changes": [{"asset_id": "115162358394175336212249289650926294268751651827332730207583087521345129280038", "price": "0.02", "size": "0", "side": "BUY", "hash": "e484b94270ce1a72be5d344d781f2ef6fa75501d", "best_bid": "0.15", "best_ask": "0.19"}, {"asset_id": "79880305123726971124937075515339490140944001374542290672889526459108541617627", "price": "0.98", "size": "0", "side": "SELL", "hash": "cc3278f1d00859d9483a11d4a3554738b8fade76", "best_bid": "0.81", "best_ask": "0.85"}], "timestamp": "1769384497003", "event_type": "price_change"}}
{"_local_timestamp": "2026-01-25T23:41:37.245985+00:00", "data": {"market": "0xdd3915ab9de231a4f8d1b6989b9d28c81a39d3372fc2f5e5d5e09c5c36bd15e0", "price_changes": [{"asset_id": "73772444484179123398639028358181122166565249885455240318019005512648163832892", "price": "0.02", "size": "0", "side": "BUY", "hash": "e98b63dc5adb3ab1e2c434160d79ee7bc275d688", "best_bid": "0.32", "best_ask": "0.35"}, {"asset_id": "64912974742020396457447321385468313243213302286888804044150787878568707049629", "price": "0.98", "size": "0", "side": "SELL", "hash": "ae3eadc87286c5f55c24cd03047d9564238717a3", "best_bid": "0.65", "best_ask": "0.68"}], "timestamp": "1769384497002", "event_type": "price_change"}}
{"_local_timestamp": "2026-01-25T23:41:37.268142+00:00", "data": {"market": "0x7573b38aa3d3d387be05d7e2b3fa5c397c6cbf1fbfbb5ccbe1d82816b901e9d1", "price_changes": [{"asset_id": "47900911198961041897125947140815317810676260067603694036981412378636602096971", "price": "0.32", "size": "0", "side": "BUY", "hash": "2964151af6b4b49a06c854c8140c7211430d5954", "best_bid": "0.44", "best_ask": "0.46"}, {"asset_id": "45963563720386640986457133827320203891928335132800978095470889439601833791792", "price": "0.68", "size": "0", "side": "SELL", "hash": "6e1e66bea77be12db731be602e9841ead7931484", "best_bid": "0.54", "best_ask": "0.56"}], "timestamp": "1769384497003", "event_type": "price_change"}}
{"_local_timestamp": "2026-01-25T23:41:37.648426+00:00", "data": {"market": "0xaeb02ced23cf66b235fb864ed82bdf7f7144c38cb0c7466e5f6c255a5c6015cc", "price_changes": [{"asset_id": "38866550321267038434460376745002272171027672578638559578882849128491520813825", "price": "0.012", "size": "0", "side": "SELL", "hash": "02cae075c5f88e3a4cd052d7a5b5e1af34c72110", "best_bid": "0.001", "best_ask": "0.011"}, {"asset_id": "16066315103031518578542990703395510559372655158819085950817958432162905570385", "price": "0.988", "size": "0", "side": "BUY", "hash": "36812d1aa2b52b10805df2b41dba94d8e4475f80", "best_bid": "0.989", "best_ask": "0.999"}], "timestamp": "1769384497587", "event_type": "price_change"}}
{"_local_timestamp": "2026-01-25T23:41:37.680012+00:00", "data": {"market": "0xaeb02ced23cf66b235fb864ed82bdf7f7144c38cb0c7466e5f6c255a5c6015cc", "price_changes": [{"asset_id": "38866550321267038434460376745002272171027672578638559578882849128491520813825", "price": "0.013", "size": "0", "side": "SELL", "hash": "f3315675f1657d6d2685b28038ea6445eaa8cf4d", "best_bid": "0.001", "best_ask": "0.011"}, {"asset_id": "16066315103031518578542990703395510559372655158819085950817958432162905570385", "price": "0.987", "size": "0", "side": "BUY", "hash": "b76d1235e2ba728bef3c4da65e03493eff910816", "best_bid": "0.989", "best_ask": "0.999"}], "timestamp": "1769384497605", "event_type": "price_change"}}
{"_local_timestamp": "2026-01-25T23:41:37.695619+00:00", "data": {"market": "0xaeb02ced23cf66b235fb864ed82bdf7f7144c38cb0c7466e5f6c255a5c6015cc", "price_changes": [{"asset_id": "38866550321267038434460376745002272171027672578638559578882849128491520813825", "price": "0.011", "size": "58.33", "side": "SELL", "hash": "3d9d634d8b3e399c3ded30bab4038a0eec7c31e5", "best_bid": "0.001", "best_ask": "0.011"}, {"asset_id": "16066315103031518578542990703395510559372655158819085950817958432162905570385", "price": "0.989", "size": "58.33", "side": "BUY", "hash": "5b8b1a9863a7861857040d19fd508d6ad3ced6e9", "best_bid": "0.989", "best_ask": "0.999"}], "timestamp": "1769384497625", "event_type": "price_change"}}
{"_local_timestamp": "2026-01-25T23:41:37.984688+00:00", "data": {"market": "0xaeb02ced23cf66b235fb864ed82bdf7f7144c38cb0c7466e5f6c255a5c6015cc", "price_changes": [{"asset_id": "38866550321267038434460376745002272171027672578638559578882849128491520813825", "price": "0.02", "size": "5.68", "side": "SELL", "hash": "c469d2d6a3a539442fbd93053e1c55671e372917", "best_bid": "0.001", "best_ask": "0.011"}, {"asset_id": "16066315103031518578542990703395510559372655158819085950817958432162905570385", "price": "0.98", "size": "5.68", "side": "BUY", "hash": "2e588af73c122a6caec201412d96ca22bf1987ed", "best_bid": "0.989", "best_ask": "0.999"}], "timestamp": "1769384497916", "event_type": "price_change"}}
{"_local_timestamp": "2026-01-25T23:41:38.515229+00:00", "data": {"market": "0xaeb02ced23cf66b235fb864ed82bdf7f7144c38cb0c7466e5f6c255a5c6015cc", "price_changes": [{"asset_id": "38866550321267038434460376745002272171027672578638559578882849128491520813825", "price": "0.011", "size": "41.51", "side": "SELL", "hash": "6d9e772b5317ee71f8ce79a89688a48748d4347c", "best_bid": "0.001", "best_ask": "0.011"}, {"asset_id": "16066315103031518578542990703395510559372655158819085950817958432162905570385", "price": "0.989", "size": "41.51", "side": "BUY", "hash": "b137ef28f49e6940fbb5b1add23347801c57aeb4", "best_bid": "0.989", "best_ask": "0.999"}], "timestamp": "1769384498444", "event_type": "price_change"}}
{"_local_timestamp": "2026-01-25T23:41:38.528109+00:00", "data": {"market": "0xaeb02ced23cf66b235fb864ed82bdf7f7144c38cb0c7466e5f6c255a5c6015cc", "price_changes": [{"asset_id": "38866550321267038434460376745002272171027672578638559578882849128491520813825", "price": "0.02", "size": "0", "side": "SELL", "hash": "6d9e772b5317ee71f8ce79a89688a48748d4347c", "best_bid": "0.001", "best_ask": "0.011"}, {"asset_id": "16066315103031518578542990703395510559372655158819085950817958432162905570385", "price": "0.98", "size": "0", "side": "BUY", "hash": "b137ef28f49e6940fbb5b1add23347801c57aeb4", "best_bid": "0.989", "best_ask": "0.999"}], "timestamp": "1769384498444", "event_type": "price_change"}}
{"_local_timestamp": "2026-01-25T23:41:38.751419+00:00", "data": {"market": "0xaeb02ced23cf66b235fb864ed82bdf7f7144c38cb0c7466e5f6c255a5c6015cc", "price_changes": [{"asset_id": "38866550321267038434460376745002272171027672578638559578882849128491520813825", "price": "0.01", "size": "11.25", "side": "SELL", "hash": "a3192cf2c12d53624b4d7af96cfe4617ca7b0852", "best_bid": "0.001", "best_ask": "0.01"}, {"asset_id": "16066315103031518578542990703395510559372655158819085950817958432162905570385", "price": "0.99", "size": "11.25", "side": "BUY", "hash": "8b27c94ad2d1d02c58a38f239446afce75fe205a", "best_bid": "0.99", "best_ask": "0.999"}], "timestamp": "1769384498680", "event_type": "price_change"}}
{"_local_timestamp": "2026-01-25T23:41:38.761067+00:00", "data": {"market": "0xaeb02ced23cf66b235fb864ed82bdf7f7144c38cb0c7466e5f6c255a5c6015cc", "price_changes": [{"asset_id": "38866550321267038434460376745002272171027672578638559578882849128491520813825", "price": "0.01", "size": "22.5", "side": "SELL", "hash": "74b011e893c3e2250acc922a27d336cab81fe2d2", "best_bid": "0.001", "best_ask": "0.01"}, {"asset_id": "16066315103031518578542990703395510559372655158819085950817958432162905570385", "price": "0.99", "size": "22.5", "side": "BUY", "hash": "8757ea564ef7fbc895fc5a7a5dbc8186f5304bdd", "best_bid": "0.99", "best_ask": "0.999"}], "timestamp": "1769384498680", "event_type": "price_change"}}
{"_local_timestamp": "2026-01-25T23:41:39.237938+00:00", "data": {"market": "0xaeb02ced23cf66b235fb864ed82bdf7f7144c38cb0c7466e5f6c255a5c6015cc", "price_changes": [{"asset_id": "38866550321267038434460376745002272171027672578638559578882849128491520813825", "price": "0.011", "size": "24.69", "side": "SELL", "hash": "73a5542f3ffa481869d44c59168193f280410600", "best_bid": "0.001", "best_ask": "0.01"}, {"asset_id": "16066315103031518578542990703395510559372655158819085950817958432162905570385", "price": "0.989", "size": "24.69", "side": "BUY", "hash": "640d66703592ccb73846a9976ffb421dc9a7881e", "best_bid": "0.99", "best_ask": "0.999"}], "timestamp": "1769384499170", "event_type": "price_change"}}
{"_local_timestamp": "2026-01-25T23:41:39.501983+00:00", "data": {"market": "0xaeb02ced23cf66b235fb864ed82bdf7f7144c38cb0c7466e5f6c255a5c6015cc", "price_changes": [{"asset_id": "38866550321267038434460376745002272171027672578638559578882849128491520813825", "price": "0.01", "size": "30.91", "side": "SELL", "hash": "fa332b630f4d17512684a492a17301a95b642417", "best_bid": "0.001", "best_ask": "0.01"}, {"asset_id": "16066315103031518578542990703395510559372655158819085950817958432162905570385", "price": "0.99", "size": "30.91", "side": "BUY", "hash": "c04626bb1890882b4a5b4cbd9e19eaedad43bd06", "best_bid": "0.99", "best_ask": "0.999"}], "timestamp": "1769384499434", "event_type": "price_change"}}
{"_local_timestamp": "2026-01-25T23:41:39.518530+00:00", "data": {"market": "0xaeb02ced23cf66b235fb864ed82bdf7f7144c38cb0c7466e5f6c255a5c6015cc", "price_changes": [{"asset_id": "38866550321267038434460376745002272171027672578638559578882849128491520813825", "price": "0.01", "size": "39.32", "side": "SELL", "hash": "562f8e0dd575c104259f0970606fa6b182506c80", "best_bid": "0.001", "best_ask": "0.01"}, {"asset_id": "16066315103031518578542990703395510559372655158819085950817958432162905570385", "price": "0.99", "size": "39.32", "side": "BUY", "hash": "ef50a785ee629f3b717464d70e18222c5a1197e8", "best_bid": "0.99", "best_ask": "0.999"}], "timestamp": "1769384499435", "event_type": "price_change"}}
{"_local_timestamp": "2026-01-25T23:41:40.076256+00:00", "data": {"market": "0xaeb02ced23cf66b235fb864ed82bdf7f7144c38cb0c7466e5f6c255a5c6015cc", "price_changes": [{"asset_id": "38866550321267038434460376745002272171027672578638559578882849128491520813825", "price": "0.011", "size": "0", "side": "SELL", "hash": "ef2a4b86cfa480093113163878dd2ceecbafdc2e", "best_bid": "0.001", "best_ask": "0.01"}, {"asset_id": "16066315103031518578542990703395510559372655158819085950817958432162905570385", "price": "0.989", "size": "0", "side": "BUY", "hash": "76b5346e726d4ec09d6c4f3472dca474a7e738d4", "best_bid": "0.99", "best_ask": "0.999"}], "timestamp": "1769384500003", "event_type": "price_change"}}
{"_local_timestamp": "2026-01-25T23:41:40.129118+00:00", "data": {"market": "0xaeb02ced23cf66b235fb864ed82bdf7f7144c38cb0c7466e5f6c255a5c6015cc", "price_changes": [{"asset_id": "38866550321267038434460376745002272171027672578638559578882849128491520813825", "price": "0.021", "size": "30.16", "side": "SELL", "hash": "8d5660f757fc7e48b26e79143bb960579cfdcb17", "best_bid": "0.001", "best_ask": "0.01"}, {"asset_id": "16066315103031518578542990703395510559372655158819085950817958432162905570385", "price": "0.979", "size": "30.16", "side": "BUY", "hash": "cbbe6f0968c8c200bcc39ddc42addf8a833c04fd", "best_bid": "0.99", "best_ask": "0.999"}], "timestamp": "1769384500043", "event_type": "price_change"}}
{"_local_timestamp": "2026-01-25T23:41:40.418688+00:00", "data": {"market": "0xaeb02ced23cf66b235fb864ed82bdf7f7144c38cb0c7466e5f6c255a5c6015cc", "price_changes": [{"asset_id": "38866550321267038434460376745002272171027672578638559578882849128491520813825", "price": "0.01", "size": "8.41", "side": "SELL", "hash": "4bd6dd67a874a066d19266a9d546506381f892ec", "best_bid": "0.001", "best_ask": "0.01"}, {"asset_id": "16066315103031518578542990703395510559372655158819085950817958432162905570385", "price": "0.99", "size": "8.41", "side": "BUY", "hash": "7cfc5737ba9e8799b21ca7ef7cc4a307169587a7", "best_bid": "0.99", "best_ask": "0.999"}], "timestamp": "1769384500299", "event_type": "price_change"}}
{"_local_timestamp": "2026-01-25T23:41:40.728275+00:00", "data": {"market": "0xaeb02ced23cf66b235fb864ed82bdf7f7144c38cb0c7466e5f6c255a5c6015cc", "price_changes": [{"asset_id": "38866550321267038434460376745002272171027672578638559578882849128491520813825", "price": "0.009", "size": "15.45", "side": "SELL", "hash": "c98922b32c2f06b7092ac1c82fb4b7dccab9e7e4", "best_bid": "0.001", "best_ask": "0.009"}, {"asset_id": "16066315103031518578542990703395510559372655158819085950817958432162905570385", "price": "0.991", "size": "15.45", "side": "BUY", "hash": "539527019e2d7ab8cad0f9eaceded55ebd55f240", "best_bid": "0.991", "best_ask": "0.999"}], "timestamp": "1769384500651", "event_type": "price_change"}}
{"_local_timestamp": "2026-01-25T23:41:40.736215+00:00", "data": {"market": "0xaeb02ced23cf66b235fb864ed82bdf7f7144c38cb0c7466e5f6c255a5c6015cc", "price_changes": [{"asset_id": "38866550321267038434460376745002272171027672578638559578882849128491520813825", "price": "0.009", "size": "30.9", "side": "SELL", "hash": "92f89861376fdfee50b8148b6e0cfca23e4697ca", "best_bid": "0.001", "best_ask": "0.009"}, {"asset_id": "16066315103031518578542990703395510559372655158819085950817958432162905570385", "price": "0.991", "size": "30.9", "side": "BUY", "hash": "22884688803714e4f47a601527757c7bf33616d6", "best_bid": "0.991", "best_ask": "0.999"}], "timestamp": "1769384500652", "event_type": "price_change"}}
{"_local_timestamp": "2026-01-25T23:41:41.218331+00:00", "data": {"market": "0xaeb02ced23cf66b235fb864ed82bdf7f7144c38cb0c7466e5f6c255a5c6015cc", "price_changes": [{"asset_id": "38866550321267038434460376745002272171027672578638559578882849128491520813825", "price": "0.009", "size": "15.45", "side": "SELL", "hash": "7956572914e0cb32c4ccd702a5153700839b8467", "best_bid": "0.001", "best_ask": "0.009"}, {"asset_id": "16066315103031518578542990703395510559372655158819085950817958432162905570385", "price": "0.991", "size": "15.45", "side": "BUY", "hash": "805158b7cea93a41c5cb648790d3720789520f19", "best_bid": "0.991", "best_ask": "0.999"}], "timestamp": "1769384501136", "event_type": "price_change"}}
{"_local_timestamp": "2026-01-25T23:41:41.226509+00:00", "data": {"market": "0xaeb02ced23cf66b235fb864ed82bdf7f7144c38cb0c7466e5f6c255a5c6015cc", "price_changes": [{"asset_id": "38866550321267038434460376745002272171027672578638559578882849128491520813825", "price": "0.01", "size": "0", "side": "SELL", "hash": "7956572914e0cb32c4ccd702a5153700839b8467", "best_bid": "0.001", "best_ask": "0.009"}, {"asset_id": "16066315103031518578542990703395510559372655158819085950817958432162905570385", "price": "0.99", "size": "0", "side": "BUY", "hash": "805158b7cea93a41c5cb648790d3720789520f19", "best_bid": "0.991", "best_ask": "0.999"}], "timestamp": "1769384501136", "event_type": "price_change"}}
{"_local_timestamp": "2026-01-25T23:41:41.486526+00:00", "data": {"market": "0xaeb02ced23cf66b235fb864ed82bdf7f7144c38cb0c7466e5f6c255a5c6015cc", "price_changes": [{"asset_id": "38866550321267038434460376745002272171027672578638559578882849128491520813825", "price": "0.02", "size": "11.93", "side": "SELL", "hash": "6e17e57bc6a81983ece3149f73596450be2e5f88", "best_bid": "0.001", "best_ask": "0.009"}, {"asset_id": "16066315103031518578542990703395510559372655158819085950817958432162905570385", "price": "0.98", "size": "11.93", "side": "BUY", "hash": "c275d67d7ae6c5dddcb8509f0c8407f95955923d", "best_bid": "0.991", "best_ask": "0.999"}], "timestamp": "1769384501398", "event_type": "price_change"}}
{"_local_timestamp": "2026-01-25T23:41:41.494123+00:00", "data": {"market": "0xaeb02ced23cf66b235fb864ed82bdf7f7144c38cb0c7466e5f6c255a5c6015cc", "price_changes": [{"asset_id": "38866550321267038434460376745002272171027672578638559578882849128491520813825", "price": "0.02", "size": "23.86", "side": "SELL", "hash": "e14d61f917a74dd050bcbe0b3492a83d92f449d2", "best_bid": "0.001", "best_ask": "0.009"}, {"asset_id": "16066315103031518578542990703395510559372655158819085950817958432162905570385", "price": "0.98", "size": "23.86", "side": "BUY", "hash": "5e3e1bf6c4b5880cfd2304d7016403f163f753d3", "best_bid": "0.991", "best_ask": "0.999"}], "timestamp": "1769384501399", "event_type": "price_change"}}
{"_local_timestamp": "2026-01-25T23:41:42.045137+00:00", "data": {"market": "0xaeb02ced23cf66b235fb864ed82bdf7f7144c38cb0c7466e5f6c255a5c6015cc", "price_changes": [{"asset_id": "38866550321267038434460376745002272171027672578638559578882849128491520813825", "price": "0.009", "size": "0", "side": "SELL", "hash": "263290b78958ff9c167edcfd4c9ba7845d90a4c6", "best_bid": "0.001", "best_ask": "0.02"}, {"asset_id": "16066315103031518578542990703395510559372655158819085950817958432162905570385", "price": "0.991", "size": "0", "side": "BUY", "hash": "6bb55e8eaee814b711bd2954b57c946c61a23e3e", "best_bid": "0.98", "best_ask": "0.999"}], "timestamp": "1769384501975", "event_type": "price_change"}}
{"_local_timestamp": "2026-01-25T23:41:42.407885+00:00", "data": {"market": "0xaeb02ced23cf66b235fb864ed82bdf7f7144c38cb0c7466e5f6c255a5c6015cc", "price_changes": [{"asset_id": "38866550321267038434460376745002272171027672578638559578882849128491520813825", "price": "0.02", "size": "31.59", "side": "SELL", "hash": "d3d741365927d823ba7f916ba01ef4334697e8de", "best_bid": "0.001", "best_ask": "0.02"}, {"asset_id": "16066315103031518578542990703395510559372655158819085950817958432162905570385", "price": "0.98", "size": "31.59", "side": "BUY", "hash": "085611824687d1098fa1649130538e951eaceb04", "best_bid": "0.98", "best_ask": "0.999"}], "timestamp": "1769384502335", "event_type": "price_change"}}
{"_local_timestamp": "2026-01-25T23:41:42.415954+00:00", "data": {"market": "0xaeb02ced23cf66b235fb864ed82bdf7f7144c38cb0c7466e5f6c255a5c6015cc", "price_changes": [{"asset_id": "38866550321267038434460376745002272171027672578638559578882849128491520813825", "price": "0.02", "size": "39.32", "side": "SELL", "hash": "78578f3bca61a25186bb4dbeae974eb585cf4a30", "best_bid": "0.001", "best_ask": "0.02"}, {"asset_id": "16066315103031518578542990703395510559372655158819085950817958432162905570385", "price": "0.98", "size": "39.32", "side": "BUY", "hash": "335784a8cdce8c99e0bfacc0bd719ecd506ca381", "best_bid": "0.98", "best_ask": "0.999"}], "timestamp": "1769384502336", "event_type": "price_change"}}
