{"_local_timestamp": "2026-01-25T23:41:25.553870+00:00", "data": [{"market": "0xcef113000b708179b6e325f02269aed527414261be4ca02473b50e5affc467d9", "asset_id": "7127991606677003520573794485292091159501690430362440288272113390600905449611", "timestamp": "1769384409405", "hash": "07ab32482117d7ef88a475b5b7247c0535e5ca36", "bids": [{"price": "0.01", "size": "50"}, {"price": "0.1", "size": "10"}], "asks": [{"price": "0.99", "size": "100"}, {"price": "0.98", "size": "5.47"}, {"price": "0.9", "size": "10"}], "event_type": "book", "last_trade_price": ""}, {"market": "0x4ad1fd7d16ed4c297414d1e1e7f9ade50fad8487b9a2f1f8867f24d8ce50ecfd", "asset_id": "42279538328252344011250228363103310240462941606445822941224184702517548609326", "timestamp": "1769384409405", "hash": "ac13e3482a36434aa80093a58ac8cc6b7b1ca203", "bids": [{"price": "0.01", "size": "50"}, {"price": "0.02", "size": "5.47"}], "asks": [{"price": "0.99", "size": "50"}], "event_type": "book", "last_trade_price": ""}, {"market": "0xa7fb21aa5ce46801617d4339c4322cb4878a30557e1e6fa2288317de7700194d", "asset_id": "20346657425442224248483391870979504305730726322857747527741133020778438756410", "timestamp": "1769384409405", "hash": "712c56028a4e1d0e082552ab3de13e4454069da3", "bids": [{"price": "0.01", "size": "50"}, {"price": "0.02", "size": "5.47"}], "asks": [{"price": "0.99", "size": "50"}], "event_type": "book", "last_trade_price": ""}, {"market": "0xf022de53d6abbdc51a2f51e258744ad359b49e5444380589b7cfd46455ca3f56", "asset_id": "98780906320594169258334732881756275527161186028821910918868577849464564431831", "timestamp": "1769384409405", "hash": "93600a4ed2c57883412242ff6fe4e36b47ad8c28", "bids": [{"price": "0.01", "size": "50"}, {"price": "0.02", "size": "5.47"}], "asks": [{"price": "0.99", "size": "50"}], "event_type": "book", "last_trade_price": ""}, {"market": "0x32d0e4479daa771822e9272e3fe820b087bd6e4067a460603ff419c25085abe8", "asset_id": "110605400937386966279812295933493882092076170056523058109929123918945774212365", "timestamp": "1769384409405", "hash": "008d8cd30649eed539d32e5b6c7111f412febb80", "bids": [{"price": "0.01", "size": "50"}, {"price": "0.02", "size": "5.47"}], "asks": [{"price": "0.99", "size": "50"}], "event_type": "book", "last_trade_price": ""}, {"market": "0x49b8b0866e6af2012b2856f501b73196995fa238d69f751595e079d6974895b4", "asset_id": "55760396527915181877671884628809876533066974365252117707424676648629349874757", "timestamp": "1769384409405", "hash": "0cafc3bc6e38eb6c10bccd356913ff05f1303973", "bids": [{"price": "0.01", "size": "50"}], "asks": [{"price": "0.99", "size": "50"}, {"price": "0.98", "size": "5.47"}], "event_type": "book", "last_trade_price": ""}, {"market": "0xb14c76f3e3070e820afd3102b9c9a817f6d6a6adcfecaca1fc2231785fb456cb", "asset_id": "82695818168726923983268590464279584095190970240338143375733591866427415355661", "timestamp": "1769384408854", "hash": "425a9241fbea756cce20b848229b99389d710a55", "bids": [{"price": "0.01", "size": "50"}, {"price": "0.02", "size": "5.47"}], "asks": [{"price": "0.99", "size": "50"}], "event_type": "book", "last_trade_price": ""}, {"market": "0xa7fb21aa5ce46801617d4339c4322cb4878a30557e1e6fa2288317de7700194d", "asset_id": "43904004907859418256971848546866698288851982248404134104938387323872941231027", "timestamp": "1769384409405", "hash": "bf0c62badd1219aba501e3d31ec5ecab821fd823", "bids": [{"price": "0.01", "size": "50"}], "asks": [{"price": "0.99", "size": "50"}, {"price": "0.98", "size": "5.47"}], "event_type": "book", "last_trade_price": ""}, {"market": "0x32d0e4479daa771822e9272e3fe820b087bd6e4067a460603ff419c25085abe8", "asset_id": "58530596991375356213700374663421451021979348501559003358279687692619046194917", "timestamp": "1769384409405", "hash": "3f5d3d5bbcb349474915758d8f34d38f8c077a81", "bids": [{"price": "0.01", "size": "50"}], "asks": [{"price": "0.99", "size": "50"}, {"price": "0.98", "size": "5.47"}], "event_type": "book", "last_trade_price": ""}, {"market": "0x0315480257e2fed39532e644e9c00674c273eef1aec8eb284dd9f3e8e793b2cb", "asset_id": "18963144555129169899154356261836248577999110071221054036566581854166648504888", "timestamp": "1769384409407", "hash": "b3614d2b43d518ecb99945a0f497a3847afc280d", "bids": [{"price": "0.01", "size": "50"}], "asks": [{"price": "0.99", "size": "50"}, {"price": "0.98", "size": "5.47"}], "event_type": "book", "last_trade_price": ""}, {"market": "0x2bbb5300c21dd1f7fbf16980193b56aced4944685561b3f413d37fa10353c70c", "asset_id": "108499141120617561477671432948839830239567769510192120812878043273655546537969", "timestamp": "1769384409405", "hash": "42e8a001528f84724fb862cdd41aa80feca05810", "bids": [{"price": "0.01", "size": "50"}, {"price": "0.02", "size": "5.47"}], "asks": [{"price": "0.99", "size": "50"}], "event_type": "book", "last_trade_price": ""}, {"market": "0x49b8b0866e6af2012b2856f501b73196995fa238d69f751595e079d6974895b4", "asset_id": "21907264543506940383659394549202851588977034489132377533195240234005379780887", "timestamp": "1769384409405", "hash": "c15d5015daa1f6594e2bc7f8c91873c1f27f093e", "bids": [{"price": "0.01", "size": "50"}, {"price": "0.02", "size": "5.47"}], "asks": [{"price": "0.99", "size": "50"}], "event_type": "book", "last_trade_price": ""}, {"market": "0xf022de53d6abbdc51a2f51e258744ad359b49e5444380589b7cfd46455ca3f56", "asset_id": "96624373972916813702491091972199331174823881244904036611998022208485613051742", "timestamp": "1769384409405", "hash": "e68c7bab16495724dbc7896e80c5ebfcde749d9a", "bids": [{"price": "0.01", "size": "50"}], "asks": [{"price": "0.99", "size": "50"}, {"price": "0.98", "size": "5.47"}], "event_type": "book", "last_trade_price": ""}, {"market": "0x0315480257e2fed39532e644e9c00674c273eef1aec8eb284dd9f3e8e793b2cb", "asset_id": "109990512138686198139320434170285768689271066106752241563193413678074878032524", "timestamp": "1769384409407", "hash": "bfb41aff3fffe020857d9ef3fdfd68f76c72c227", "bids": [{"price": "0.01", "size": "50"}, {"price": "0.02", "size": "5.47"}], "asks": [{"price": "0.99", "size": "50"}], "event_type": "book", "last_trade_price": ""}, {"market": "0x4ad1fd7d16ed4c297414d1e1e7f9ade50fad8487b9a2f1f8867f24d8ce50ecfd", "asset_id": "88583574660574086503389883884157104823118695944306510620119896447696994718127", "timestamp": "1769384409405", "hash": "79a02116896431fbf94d4a3d5b2b3cc2c19e0034", "bids": [{"price": "0.01", "size": "50"}], "asks": [{"price": "0.99", "size": "50"}, {"price": "0.98", "size": "5.47"}], "event_type": "book", "last_trade_price": ""}, {"market": "0xb14c76f3e3070e820afd3102b9c9a817f6d6a6adcfecaca1fc2231785fb456cb", "asset_id": "68096473391982702114287696573407828346156776873351915249422725532666864061719", "timestamp": "1769384408854", "hash": "b266670b822118f9d630232930477962252f1fa8", "bids": [{"price": "0.01", "size": "50"}], "asks": [{"price": "0.99", "size": "50"}, {"price": "0.98", "size": "5.47"}], "event_type": "book", "last_trade_price": ""}, {"market": "0xcef113000b708179b6e325f02269aed527414261be4ca02473b50e5affc467d9", "asset_id": "1070768930652100847620286657474462198019651956181813787504620017427718840912", "timestamp": "1769384409405", "hash": "3959584c09afd662e09e8533ba995fb6d75f064f", "bids": [{"price": "0.01", "size": "100"}, {"price": "0.02", "size": "5.47"}, {"price": "0.1", "size": "10"}], "asks": [{"price": "0.99", "size": "50"}, {"price": "0.9", "size": "10"}], "event_type": "book", "last_trade_price": ""}, {"market": "0x2bbb5300c21dd1f7fbf16980193b56aced4944685561b3f413d37fa10353c70c", "asset_id": "1628558046601214854117922010646835147913276375119374625958594008161007386618", "timestamp": "1769384409405", "hash": "943af08964c2b9a8a0e3d3d0dbf0cb93eb347bb2", "bids": [{"price": "0.01", "size": "50"}], "asks": [{"price": "0.99", "size": "50"}, {"price": "0.98", "size": "5.47"}], "event_type": "book", "last_trade_price": ""}]}
