{"_local_timestamp": "2026-01-25T23:41:25.662237+00:00", "data": [{"market": "0x2739442c42042c672a419495ab65e9848f55e242a7a861bdb7273ae0ef9a28f0", "asset_id": "113020337348480764985560929631101637916268975813754345808964023186640777084797", "timestamp": "1769384457000", "hash": "a1e170262b4a7c5c8cbab10b18142782207d3a19", "bids": [{"price": "0.01", "size": "50"}, {"price": "0.02", "size": "5.47"}], "asks": [{"price": "0.99", "size": "50"}, {"price": "0.94", "size": "1000"}], "event_type": "book", "last_trade_price": ""}, {"market": "0xaeb02ced23cf66b235fb864ed82bdf7f7144c38cb0c7466e5f6c255a5c6015cc", "asset_id": "38866550321267038434460376745002272171027672578638559578882849128491520813825", "timestamp": "1769384485388", "hash": "9a728380c5088844fea13f3971b6119ed531376a", "bids": [{"price": "0.001", "size": "1696"}], "asks": [{"price": "0.999", "size": "896"}, {"price": "0.99", "size": "74.59"}, {"price": "0.989", "size": "146"}, {"price": "0.987", "size": "147"}, {"price": "0.82", "size": "200"}, {"price": "0.022", "size": "25"}, {"price": "0.021", "size": "5.47"}, {"price": "0.013", "size": "39.32"}, {"price": "0.012", "size": "24.69"}], "event_type": "book", "last_trade_price": "0.002"}, {"market": "0xdc6daed612fa869c874ad32851b78d9734521495e3d690e8c461f9bf7d832853", "asset_id": "45483717755025715616218880974042350616014220906545869078686592268159794063677", "timestamp": "1769384408856", "hash": "377849c8be7fbde0157b058693daadbba02563a5", "bids": [{"price": "0.01", "size": "50"}, {"price": "0.04", "size": "100"}, {"price": "0.05", "size": "5.47"}], "asks": [{"price": "0.99", "size": "50"}, {"price": "0.98", "size": "5.47"}, {"price": "0.92", "size": "100"}], "event_type": "book", "last_trade_price": ""}, {"market": "0x27d685bdad61bf2f35948bcff8ddf673c14b72a6f4e9cf1a9d867be231f6a610", "asset_id": "32476227489805089000687418984234668312982619103362138837681249693289694597075", "timestamp": "1769384484000", "hash": "13eb73d1d1f1910c0ff23a5068dfa8873ea7c26a", "bids": [{"price": "0.01", "size": "50"}, {"price": "0.03", "size": "100"}, {"price": "0.08", "size": "100"}, {"price": "0.14", "size": "50"}, {"price": "0.2", "size": "200"}, {"price": "0.49", "size": "1002"}, {"price": "0.5", "size": "1000"}, {"price": "0.62", "size": "318"}], "asks": [{"price": "0.99", "size": "50"}, {"price": "0.69", "size": "1404"}, {"price": "0.68", "size": "2093"}], "event_type": "book", "last_trade_price": ""}, {"market": "0x6ac594337fbd762ec04471e8d65806ff9ff78c33ed9dca4826c7bd2969475251", "asset_id": "79880305123726971124937075515339490140944001374542290672889526459108541617627", "timestamp": "1769384484002", "hash": "badfbac6a06aec03472edc00ed3347e4f9f10d9b", "bids": [{"price": "0.01", "size": "50"}, {"price": "0.03", "size": "100"}, {"price": "0.08", "size": "100"}, {"price": "0.14", "size": "50"}, {"price": "0.2", "size": "200"}, {"price": "0.49", "size": "1002"}, {"price": "0.5", "size": "1000"}, {"price": "0.81", "size": "463"}], "asks": [{"price": "0.99", "size": "50"}, {"price": "0.88", "size": "1625"}, {"price": "0.87", "size": "1991"}, {"price": "0.85", "size": "976"}], "event_type": "book", "last_trade_price": "0.150"}, {"market": "0x27d685bdad61bf2f35948bcff8ddf673c14b72a6f4e9cf1a9d867be231f6a610", "asset_id": "82614941921461618729202933946512372479181705578801351216657431603405116134694", "timestamp": "1769384484000", "hash": "1514df1d8e7d902ca9a0ddfb62a0cca8632e47d5", "bids": [{"price": "0.01", "size": "50"}, {"price": "0.31", "size": "1404"}, {"price": "0.32", "size": "2093"}], "asks": [{"price": "0.99", "size": "50"}, {"price": "0.97", "size": "100"}, {"price": "0.92", "size": "100"}, {"price": "0.86", "size": "50"}, {"price": "0.8", "size": "200"}, {"price": "0.51", "size": "1002"}, {"price": "0.5", "size": "1000"}, {"price": "0.38", "size": "318"}], "event_type": "book", "last_trade_price": ""}, {"market": "0x1c5bd9f56545c13743da28ddec8e45c6bea8a01ac7e166dce4286afd32b65a62", "asset_id": "100472786165319671267181139302646376200338928621290031353672051075785849864574", "timestamp": "1769384457005", "hash": "1213b064e956f4bab3aef87db9a6e4ebd2f8b65e", "bids": [{"price": "0.01", "size": "50"}, {"price": "0.07", "size": "105.47"}], "asks": [{"price": "0.99", "size": "50"}, {"price": "0.97", "size": "100"}, {"price": "0.94", "size": "1000"}], "event_type": "book", "last_trade_price": "0.390"}, {"market": "0x6e5e9c218d780a8ff8b516cae97604958f7323ffd75b525d810fb804e727ad78", "asset_id": "66190026636022120219272454910747143264277679901831317594304438527297253363875", "timestamp": "1769384484001", "hash": "fb9407e4163192db4968ae5bf82ed5ac72d397e4", "bids": [{"price": "0.01", "size": "50"}, {"price": "0.17", "size": "1370"}, {"price": "0.18", "size": "3004"}, {"price": "0.21", "size": "48"}], "asks": [{"price": "0.99", "size": "50"}, {"price": "0.97", "size": "100"}, {"price": "0.92", "size": "100"}, {"price": "0.86", "size": "50"}, {"price": "0.8", "size": "200"}, {"price": "0.73", "size": "200"}, {"price": "0.66", "size": "100"}, {"price": "0.51", "size": "1002"}, {"price": "0.5", "size": "1664.83"}, {"price": "0.49", "size": "392"}, {"price": "0.22", "size": "1346"}], "event_type": "book", "last_trade_price": "0.190"}, {"market": "0xaeb02ced23cf66b235fb864ed82bdf7f7144c38cb0c7466e5f6c255a5c6015cc", "asset_id": "16066315103031518578542990703395510559372655158819085950817958432162905570385", "timestamp": "1769384485388", "hash": "1fc342fb8f79670f5d4ece1b782c99795b384c40", "bids": [{"price": "0.001", "size": "896"}, {"price": "0.01", "size": "74.59"}, {"price": "0.011", "size": "146"}, {"price": "0.013", "size": "147"}, {"price": "0.18", "size": "200"}, {"price": "0.978", "size": "25"}, {"price": "0.979", "size": "5.47"}, {"price": "0.987", "size": "39.32"}, {"price": "0.988", "size": "24.69"}], "asks": [{"price": "0.999", "size": "1696"}], "event_type": "book", "last_trade_price": "0.002"}, {"market": "0x242266c50482ad4f243610f7546b60089eadc1d81d4ef408c787f67aa3ef5e7c", "asset_id": "96533933355712544390418613060156510030240147080751769428940162257378106436404", "timestamp": "1769384485269", "hash": "081f8704879586113e02aca12f4ac1be64b30abf", "bids": [{"price": "0.01", "size": "50"}, {"price": "0.03", "size": "100"}, {"price": "0.08", "size": "100"}, {"price": "0.43", "size": "2022"}, {"price": "0.44", "size": "2211"}, {"price": "0.45", "size": "5.87"}], "asks": [{"price": "0.99", "size": "50"}, {"price": "0.97", "size": "100"}, {"price": "0.92", "size": "100"}, {"price": "0.86", "size": "50"}, {"price": "0.8", "size": "200"}, {"price": "0.51", "size": "1002"}, {"price": "0.5", "size": "1035.99"}, {"price": "0.49", "size": "1471"}], "event_type": "book", "last_trade_price": "0.440"}, {"market": "0xcf18b8f0901452013dcdf957badd6bfb71a9935c6dd9dd2566dc5bb7f795c1a0", "asset_id": "86867607300025136841054177922135303037165603316339117668930743822611084804074", "timestamp": "1769384485269", "hash": "d00505a71ecdd51d2c0c24140aaed6e038acb757", "bids": [{"price": "0.01", "size": "50"}, {"price": "0.35", "size": "1068"}, {"price": "0.36", "size": "2519"}, {"price": "0.37", "size": "49.73"}], "asks": [{"price": "0.99", "size": "50"}, {"price": "0.97", "size": "100"}, {"price": "0.92", "size": "100"}, {"price": "0.86", "size": "50"}, {"price": "0.8", "size": "200"}, {"price": "0.73", "size": "200"}, {"price": "0.51", "size": "1002"}, {"price": "0.5", "size": "1000"}, {"price": "0.41", "size": "1335"}], "event_type": "book", "last_trade_price": "0.580"}, {"market": "0x1c5bd9f56545c13743da28ddec8e45c6bea8a01ac7e166dce4286afd32b65a62", "asset_id": "53348317672088212419127100072810163057811272329172845337073296220682545739487", "timestamp": "1769384457005", "hash": "42cf56b503256e16fbf92b94fb912e2da27d2e13", "bids": [{"price": "0.01", "size": "50"}, {"price": "0.03", "size": "100"}, {"price": "0.06", "size": "1000"}], "asks": [{"price": "0.99", "size": "50"}, {"price": "0.93", "size": "105.47"}], "event_type": "book", "last_trade_price": "0.390"}, {"market": "0xdd3915ab9de231a4f8d1b6989b9d28c81a39d3372fc2f5e5d5e09c5c36bd15e0", "asset_id": "73772444484179123398639028358181122166565249885455240318019005512648163832892", "timestamp": "1769384484002", "hash": "0ea3577c1384027a393c4c13fe4de92489eff112", "bids": [{"price": "0.01", "size": "50"}, {"price": "0.31", "size": "1102"}, {"price": "0.32", "size": "2772"}], "asks": [{"price": "0.99", "size": "50"}, {"price": "0.97", "size": "100"}, {"price": "0.92", "size": "100"}, {"price": "0.86", "size": "50"}, {"price": "0.8", "size": "200"}, {"price": "0.73", "size": "200"}, {"price": "0.51", "size": "1002"}, {"price": "0.5", "size": "2381.98"}, {"price": "0.39", "size": "1600"}, {"price": "0.38", "size": "800"}, {"price": "0.37", "size": "1250"}, {"price": "0.35", "size": "277.36"}], "event_type": "book", "last_trade_price": "0.350"}, {"market": "0xdd3915ab9de231a4f8d1b6989b9d28c81a39d3372fc2f5e5d5e09c5c36bd15e0", "asset_id": "64912974742020396457447321385468313243213302286888804044150787878568707049629", "timestamp": "1769384484002", "hash": "57aed346f1bb8eecf909106ecd601beca2355e28", "bids": [{"price": "0.01", "size": "50"}, {"price": "0.03", "size": "100"}, {"price": "0.08", "size": "100"}, {"price": "0.14", "size": "50"}, {"price": "0.2", "size": "200"}, {"price": "0.27", "size": "200"}, {"price": "0.49", "size": "1002"}, {"price": "0.5", "size": "2381.98"}, {"price": "0.61", "size": "1600"}, {"price": "0.62", "size": "800"}, {"price": "0.63", "size": "1250"}, {"price": "0.65", "size": "277.36"}], "asks": [{"price": "0.99", "size": "50"}, {"price": "0.69", "size": "1102"}, {"price": "0.68", "size": "2772"}], "event_type": "book", "last_trade_price": "0.350"}, {"market": "0x242266c50482ad4f243610f7546b60089eadc1d81d4ef408c787f67aa3ef5e7c", "asset_id": "28263250326920700075422198100613476697802143744104502510886484761449393244656", "timestamp": "1769384485269", "hash": "d861a56f56ee32edd0266081f1f9e737840111a8", "bids": [{"price": "0.01", "size": "50"}, {"price": "0.03", "size": "100"}, {"price": "0.08", "size": "100"}, {"price": "0.14", "size": "50"}, {"price": "0.2", "size": "200"}, {"price": "0.49", "size": "1002"}, {"price": "0.5", "size": "1035.99"}, {"price": "0.51", "size": "1471"}], "asks": [{"price": "0.99", "size": "50"}, {"price": "0.97", "size": "100"}, {"price": "0.92", "size": "100"}, {"price": "0.57", "size": "2022"}, {"price": "0.56", "size": "2211"}, {"price": "0.55", "size": "5.87"}], "event_type": "book", "last_trade_price": "0.440"}, {"market": "0x54b69275ee145425f1a0dce69faef15f729f1ab3ec41bc2996a6c6c70e8aec0b", "asset_id": "44494068166094207162801090520618289188991411103177309101619626920967990930514", "timestamp": "1769384485269", "hash": "c30ddd1705a8dfef2fe2bab44c41b8647e7a91e6", "bids": [{"price": "0.01", "size": "50"}, {"price": "0.03", "size": "100"}, {"price": "0.08", "size": "100"}, {"price": "0.48", "size": "2099"}, {"price": "0.49", "size": "1002"}], "asks": [{"price": "0.99", "size": "50"}, {"price": "0.97", "size": "100"}, {"price": "0.92", "size": "100"}, {"price": "0.55", "size": "2015"}, {"price": "0.54", "size": "2161.19"}], "event_type": "book", "last_trade_price": "0.480"}, {"market": "0xcf18b8f0901452013dcdf957badd6bfb71a9935c6dd9dd2566dc5bb7f795c1a0", "asset_id": "13301686528282766867573623232056946130992514687837926123264639755941579360230", "timestamp": "1769384485269", "hash": "8a6f558e64cd817d3e8d61d3b7be1130bdc2ac83", "bids": [{"price": "0.01", "size": "50"}, {"price": "0.03", "size": "100"}, {"price": "0.08", "size": "100"}, {"price": "0.14", "size": "50"}, {"price": "0.2", "size": "200"}, {"price": "0.27", "size": "200"}, {"price": "0.49", "size": "1002"}, {"price": "0.5", "size": "1000"}, {"price": "0.59", "size": "1335"}], "asks": [{"price": "0.99", "size": "50"}, {"price": "0.65", "size": "1068"}, {"price": "0.64", "size": "2519"}, {"price": "0.63", "size": "49.73"}], "event_type": "book", "last_trade_price": "0.580"}, {"market": "0x7573b38aa3d3d387be05d7e2b3fa5c397c6cbf1fbfbb5ccbe1d82816b901e9d1", "asset_id": "47900911198961041897125947140815317810676260067603694036981412378636602096971", "timestamp": "1769384484001", "hash": "aa277ce1461ce286d15547f89a611c27f02f839c", "bids": [{"price": "0.01", "size": "435.3"}, {"price": "0.02", "size": "120"}, {"price": "0.03", "size": "1100"}, {"price": "0.05", "size": "8.1"}, {"price": "0.08", "size": "600"}, {"price": "0.1", "size": "10"}, {"price": "0.14", "size": "250"}, {"price": "0.28", "size": "4544"}, {"price": "0.3", "size": "10"}, {"price": "0.31", "size": "3591.5"}, {"price": "0.34", "size": "2690"}, {"price": "0.35", "size": "1.66"}, {"price": "0.36", "size": "10"}, {"price": "0.37", "size": "1844.5"}, {"price": "0.38", "size": "900"}, {"price": "0.4", "size": "1137"}, {"price": "0.41", "size": "1751"}, {"price": "0.42", "size": "8966"}, {"price": "0.43", "size": "6021"}, {"price": "0.44", "size": "21458.47"}], "asks": [{"price": "0.99", "size": "450"}, {"price": "0.97", "size": "100"}, {"price": "0.95", "size": "900"}, {"price": "0.92", "size": "100"}, {"price": "0.9", "size": "509.44"}, {"price": "0.86", "size": "50"}, {"price": "0.8", "size": "400"}, {"price": "0.64", "size": "4244"}, {"price": "0.61", "size": "3386.5"}, {"price": "0.58", "size": "2567.5"}, {"price": "0.55", "size": "1781.25"}, {"price": "0.52", "size": "1005"}, {"price": "0.51", "size": "1002"}, {"price": "0.5", "size": "1100"}, {"price": "0.49", "size": "6033"}, {"price": "0.48", "size": "7534"}, {"price": "0.47", "size": "9425"}, {"price": "0.46", "size": "8413.35"}], "event_type": "book", "last_trade_price": "0.440"}, {"market": "0xdc6daed612fa869c874ad32851b78d9734521495e3d690e8c461f9bf7d832853", "asset_id": "52466361244355331872258867551623723655468496127390662381658208879315243737145", "timestamp": "1769384408854", "hash": "26bdde21b201c0b78151a6ee9ad06d1b84ce1506", "bids": [{"price": "0.01", "size": "50"}, {"price": "0.02", "size": "5.47"}, {"price": "0.08", "size": "100"}], "asks": [{"price": "0.99", "size": "50"}, {"price": "0.98", "size": "25.01"}, {"price": "0.96", "size": "100"}, {"price": "0.95", "size": "5.47"}], "event_type": "book", "last_trade_price": ""}, {"market": "0x7573b38aa3d3d387be05d7e2b3fa5c397c6cbf1fbfbb5ccbe1d82816b901e9d1", "asset_id": "45963563720386640986457133827320203891928335132800978095470889439601833791792", "timestamp": "1769384484001", "hash": "0c5cd7bef4957951d856a3ab5091e8c2ce5f9482", "bids": [{"price": "0.01", "size": "450"}, {"price": "0.03", "size": "100"}, {"price": "0.05", "size": "900"}, {"price": "0.08", "size": "100"}, {"price": "0.1", "size": "509.44"}, {"price": "0.14", "size": "50"}, {"price": "0.2", "size": "400"}, {"price": "0.36", "size": "4244"}, {"price": "0.39", "size": "3386.5"}, {"price": "0.42", "size": "2567.5"}, {"price": "0.45", "size": "1781.25"}, {"price": "0.48", "size": "1005"}, {"price": "0.49", "size": "1002"}, {"price": "0.5", "size": "1100"}, {"price": "0.51", "size": "6033"}, {"price": "0.52", "size": "7534"}, {"price": "0.53", "size": "9425"}, {"price": "0.54", "size": "8413.35"}], "asks": [{"price": "0.99", "size": "435.3"}, {"price": "0.98", "size": "120"}, {"price": "0.97", "size": "1100"}, {"price": "0.95", "size": "8.1"}, {"price": "0.92", "size": "600"}, {"price": "0.9", "size": "10"}, {"price": "0.86", "size": "250"}, {"price": "0.72", "size": "4544"}, {"price": "0.7", "size": "10"}, {"price": "0.69", "size": "3591.5"}, {"price": "0.66", "size": "2690"}, {"price": "0.65", "size": "1.66"}, {"price": "0.64", "size": "10"}, {"price": "0.63", "size": "1844.5"}, {"price": "0.62", "size": "900"}, {"price": "0.6", "size": "1137"}, {"price": "0.59", "size": "1751"}, {"price": "0.58", "size": "8966"}, {"price": "0.57", "size": "6021"}, {"price": "0.56", "size": "21458.47"}], "event_type": "book", "last_trade_price": "0.440"}, {"market": "0x2739442c42042c672a419495ab65e9848f55e242a7a861bdb7273ae0ef9a28f0", "asset_id": "65198543161610672911645425360781565981236467927336501037693358120183411770638", "timestamp": "1769384457000", "hash": "4da2b45b7398cf193e93bdc6883daf252272e076", "bids": [{"price": "0.01", "size": "50"}, {"price": "0.06", "size": "1000"}], "asks": [{"price": "0.99", "size": "50"}, {"price": "0.98", "size": "5.47"}], "event_type": "book", "last_trade_price": ""}, {"market": "0x6ac594337fbd762ec04471e8d65806ff9ff78c33ed9dca4826c7bd2969475251", "asset_id": "115162358394175336212249289650926294268751651827332730207583087521345129280038", "timestamp": "1769384484002", "hash": "4e4720bc824c96b96d88e48d4f6d430dfa221fba", "bids": [{"price": "0.01", "size": "50"}, {"price": "0.12", "size": "1625"}, {"price": "0.13", "size": "1991"}, {"price": "0.15", "size": "976"}], "asks": [{"price": "0.99", "size": "50"}, {"price": "0.97", "size": "100"}, {"price": "0.92", "size": "100"}, {"price": "0.86", "size": "50"}, {"price": "0.8", "size": "200"}, {"price": "0.51", "size": "1002"}, {"price": "0.5", "size": "1000"}, {"price": "0.19", "size": "463"}], "event_type": "book", "last_trade_price": "0.150"}, {"market": "0x6e5e9c218d780a8ff8b516cae97604958f7323ffd75b525d810fb804e727ad78", "asset_id": "4929915665740215533077513370523570724508699505795913150073424458746805119832", "timestamp": "1769384484001", "hash": "ecfd87c5650fdf6b311d9d253aba056c8205e5ac", "bids": [{"price": "0.01", "size": "50"}, {"price": "0.03", "size": "100"}, {"price": "0.08", "size": "100"}, {"price": "0.14", "size": "50"}, {"price": "0.2", "size": "200"}, {"price": "0.27", "size": "200"}, {"price": "0.34", "size": "100"}, {"price": "0.49", "size": "1002"}, {"price": "0.5", "size": "1664.83"}, {"price": "0.51", "size": "392"}, {"price": "0.78", "size": "1346"}], "asks": [{"price": "0.99", "size": "50"}, {"price": "0.83", "size": "1370"}, {"price": "0.82", "size": "3004"}, {"price": "0.79", "size": "48"}], "event_type": "book", "last_trade_price": "0.190"}, {"market": "0x54b69275ee145425f1a0dce69faef15f729f1ab3ec41bc2996a6c6c70e8aec0b", "asset_id": "106447080412815954453539138762045278580988736678171840293222199861758175727534", "timestamp": "1769384485269", "hash": "89507068f18b7ebafcc4e7ccee3d70bb60b266a9", "bids": [{"price": "0.01", "size": "50"}, {"price": "0.03", "size": "100"}, {"price": "0.08", "size": "100"}, {"price": "0.45", "size": "2015"}, {"price": "0.46", "size": "2161.19"}], "asks": [{"price": "0.99", "size": "50"}, {"price": "0.97", "size": "100"}, {"price": "0.92", "size": "100"}, {"price": "0.52", "size": "2099"}, {"price": "0.51", "size": "1002"}], "event_type": "book", "last_trade_price": "0.480"}]}
{"_local_timestamp": "2026-01-25T23:41:25.689044+00:00", "data": {"market": "0x54b69275ee145425f1a0dce69faef15f729f1ab3ec41bc2996a6c6c70e8aec0b", "price_changes": [{"asset_id": "44494068166094207162801090520618289188991411103177309101619626920967990930514", "price": "0.14", "size": "50", "side": "BUY", "hash": "392dbb694f477a9c808b865fb9a2a4fc52e3d553", "best_bid": "0.49", "best_ask": "0.54"}, {"asset_id": "106447080412815954453539138762045278580988736678171840293222199861758175727534", "price": "0.86", "size": "50", "side": "SELL", "hash": "be01d92343a8c406765488b883a7640114471aa5", "best_bid": "0.46", "best_ask": "0.51"}], "timestamp": "1769384485546", "event_type": "price_change"}}
{"_local_timestamp": "2026-01-25T23:41:25.697256+00:00", "data": {"market": "0xcf18b8f0901452013dcdf957badd6bfb71a9935c6dd9dd2566dc5bb7f795c1a0", "price_changes": [{"asset_id": "86867607300025136841054177922135303037165603316339117668930743822611084804074", "price": "0.03", "size": "100", "side": "BUY", "hash": "a8985ed6a034521750873487bb78606ba5b8132d", "best_bid": "0.37", "best_ask": "0.41"}, {"asset_id": "13301686528282766867573623232056946130992514687837926123264639755941579360230", "price": "0.97", "size": "100", "side": "SELL", "hash": "6e0b22a5029385d51a0a81122aacb074b585057a", "best_bid": "0.59", "best_ask": "0.63"}], "timestamp": "1769384485547", "event_type": "price_change"}}
{"_local_timestamp": "2026-01-25T23:41:25.706626+00:00", "data": {"market": "0x242266c50482ad4f243610f7546b60089eadc1d81d4ef408c787f67aa3ef5e7c", "price_changes": [{"asset_id": "96533933355712544390418613060156510030240147080751769428940162257378106436404", "price": "0.14", "size": "50", "side": "BUY", "hash": "2ea094da20e7661c11bcbbae0898b3a14407bdde", "best_bid": "0.45", "best_ask": "0.49"}, {"asset_id": "28263250326920700075422198100613476697802143744104502510886484761449393244656", "price": "0.86", "size": "50", "side": "SELL", "hash": "95490bf7ca99f21490331b87b4775ab4931e1065", "best_bid": "0.51", "best_ask": "0.55"}], "timestamp": "1769384485547", "event_type": "price_change"}}
{"_local_timestamp": "2026-01-25T23:41:25.717827+00:00", "data": {"market": "0x54b69275ee145425f1a0dce69faef15f729f1ab3ec41bc2996a6c6c70e8aec0b", "price_changes": [{"asset_id": "106447080412815954453539138762045278580988736678171840293222199861758175727534", "price": "0.14", "size": "50", "side": "BUY", "hash": "5694e44b507c104139d22cb4b5bd56632d1095ee", "best_bid": "0.46", "best_ask": "0.51"}, {"asset_id": "44494068166094207162801090520618289188991411103177309101619626920967990930514", "price": "0.86", "size": "50", "side": "SELL", "hash": "7f9372aef66b77c1baa68d24af1a197d12b46e11", "best_bid": "0.49", "best_ask": "0.54"}], "timestamp": "1769384485547", "event_type": "price_change"}}
{"_local_timestamp": "2026-01-25T23:41:26.101949+00:00", "data": {"market": "0xaeb02ced23cf66b235fb864ed82bdf7f7144c38cb0c7466e5f6c255a5c6015cc", "price_changes": [{"asset_id": "38866550321267038434460376745002272171027672578638559578882849128491520813825", "price": "0.013", "size": "6.14", "side": "SELL", "hash": "6b2cc23c3fcb8a63bae4ae30efc3627a5c2c660c", "best_bid": "0.001", "best_ask": "0.012"}, {"asset_id": "16066315103031518578542990703395510559372655158819085950817958432162905570385", "price": "0.987", "size": "6.14", "side": "BUY", "hash": "015dd7f00b354974e67ca4d3ce37c48c9edad74b", "best_bid": "0.988", "best_ask": "0.999"}], "timestamp": "1769384486037", "event_type": "price_change"}}
{"_local_timestamp": "2026-01-25T23:41:26.384586+00:00", "data": {"market": "0xaeb02ced23cf66b235fb864ed82bdf7f7144c38cb0c7466e5f6c255a5c6015cc", "price_changes": [{"asset_id": "38866550321267038434460376745002272171027672578638559578882849128491520813825", "price": "0.011", "size": "16.59", "side": "SELL", "hash": "89daa84ef9b7d0f6ac74f61af720240c86d7959b", "best_bid": "0.001", "best_ask": "0.011"}, {"asset_id": "16066315103031518578542990703395510559372655158819085950817958432162905570385", "price": "0.989", "size": "16.59", "side": "BUY", "hash": "c3f98ffbc3e9ef7d8f2f18c07e00decd1d02b3be", "best_bid": "0.989", "best_ask": "0.999"}], "timestamp": "1769384486310", "event_type": "price_change"}}
{"_local_timestamp": "2026-01-25T23:41:26.404143+00:00", "data": {"market": "0xaeb02ced23cf66b235fb864ed82bdf7f7144c38cb0c7466e5f6c255a5c6015cc", "price_changes": [{"asset_id": "38866550321267038434460376745002272171027672578638559578882849128491520813825", "price": "0.011", "size": "33.18", "side": "SELL", "hash": "21c0153fbabc89792d4353f65216359832484048", "best_bid": "0.001", "best_ask": "0.011"}, {"asset_id": "16066315103031518578542990703395510559372655158819085950817958432162905570385", "price": "0.989", "size": "33.18", "side": "BUY", "hash": "f7bf302812e69deb6405aad20f4b369cf5a2d7c4", "best_bid": "0.989", "best_ask": "0.999"}], "timestamp": "1769384486311", "event_type": "price_change"}}
{"_local_timestamp": "2026-01-25T23:41:26.683300+00:00", "data": {"market": "0xaeb02ced23cf66b235fb864ed82bdf7f7144c38cb0c7466e5f6c255a5c6015cc", "price_changes": [{"asset_id": "38866550321267038434460376745002272171027672578638559578882849128491520813825", "price": "0.012", "size": "0", "side": "SELL", "hash": "726c70cbadf723c3b6fe75ab3efabff83d3e4d44", "best_bid": "0.001", "best_ask": "0.011"}, {"asset_id": "16066315103031518578542990703395510559372655158819085950817958432162905570385", "price": "0.988", "size": "0", "side": "BUY", "hash": "32a60deb35b99f04f72e84ba4ffd73c64248944f", "best_bid": "0.989", "best_ask": "0.999"}], "timestamp": "1769384486612", "event_type": "price_change"}}
{"_local_timestamp": "2026-01-25T23:41:26.717387+00:00", "data": {"market": "0xaeb02ced23cf66b235fb864ed82bdf7f7144c38cb0c7466e5f6c255a5c6015cc", "price_changes": [{"asset_id": "38866550321267038434460376745002272171027672578638559578882849128491520813825", "price": "0.011", "size": "57.87", "side": "SELL", "hash": "95c5de5ce2f37502f7c9d33b30cb690e7dd4b7e5", "best_bid": "0.001", "best_ask": "0.011"}, {"asset_id": "16066315103031518578542990703395510559372655158819085950817958432162905570385", "price": "0.989", "size": "57.87", "side": "BUY", "hash": "1529fef85310d80cf07fc0928d8091726c31c386", "best_bid": "0.989", "best_ask": "0.999"}], "timestamp": "1769384486651", "event_type": "price_change"}}
{"_local_timestamp": "2026-01-25T23:41:26.953204+00:00", "data": {"market": "0xaeb02ced23cf66b235fb864ed82bdf7f7144c38cb0c7466e5f6c255a5c6015cc", "price_changes": [{"asset_id": "38866550321267038434460376745002272171027672578638559578882849128491520813825", "price": "0.013", "size": "0", "side": "SELL", "hash": "c4de7722951a95b084a6c9e00ad9e163c3807ab7", "best_bid": "0.001", "best_ask": "0.011"}, {"asset_id": "16066315103031518578542990703395510559372655158819085950817958432162905570385", "price": "0.987", "size": "0", "side": "BUY", "hash": "37e9c3f958600976561c23963a7bc0291dd56122", "best_bid": "0.989", "best_ask": "0.999"}], "timestamp": "1769384486885", "event_type": "price_change"}}
{"_local_timestamp": "2026-01-25T23:41:27.266578+00:00", "data": {"market": "0xaeb02ced23cf66b235fb864ed82bdf7f7144c38cb0c7466e5f6c255a5c6015cc", "price_changes": [{"asset_id": "38866550321267038434460376745002272171027672578638559578882849128491520813825", "price": "0.01", "size": "6.14", "side": "SELL", "hash": "89cae5018cdfe2bb034395153efec6a18192ecee", "best_bid": "0.001", "best_ask": "0.01"}, {"asset_id": "16066315103031518578542990703395510559372655158819085950817958432162905570385", "price": "0.99", "size": "6.14", "side": "BUY", "hash": "4224d2f3026bdcc59d477b5fe4cc923f3cf05672", "best_bid": "0.99", "best_ask": "0.999"}], "timestamp": "1769384487198", "event_type": "price_change"}}
{"_local_timestamp": "2026-01-25T23:41:27.671319+00:00", "data": {"market": "0xaeb02ced23cf66b235fb864ed82bdf7f7144c38cb0c7466e5f6c255a5c6015cc", "price_changes": [{"asset_id": "38866550321267038434460376745002272171027672578638559578882849128491520813825", "price": "0.011", "size": "41.28", "side": "SELL", "hash": "f0d718b64e5ce10d818b08f7427e2ec1a28ddf4e", "best_bid": "0.001", "best_ask": "0.01"}, {"asset_id": "16066315103031518578542990703395510559372655158819085950817958432162905570385", "price": "0.989", "size": "41.28", "side": "BUY", "hash": "6b5691a821dd04f93a385e3f7201122cf8fdf1f0", "best_bid": "0.99", "best_ask": "0.999"}], "timestamp": "1769384487606", "event_type": "price_change"}}
