{"_local_timestamp": "2026-01-25T23:41:25.518336+00:00", "data": [{"market": "0x7574b1281bb4b70889c1eddb6c792dfaa230fd6568d4fa08ff48a7b7d0da0ecf", "asset_id": "34958021056734425606207493027963264830364280132203939603257911082582091988838", "timestamp": "1769384484000", "hash": "20b10d561b9cc00fb31a9dba664c66d2729d0bc2", "bids": [{"price": "0.01", "size": "450"}, {"price": "0.05", "size": "1200"}, {"price": "0.08", "size": "500"}, {"price": "0.1", "size": "10"}, {"price": "0.14", "size": "200"}, {"price": "0.4", "size": "337.5"}, {"price": "0.5", "size": "250"}, {"price": "0.55", "size": "54.54"}], "asks": [{"price": "0.99", "size": "50"}, {"price": "0.98", "size": "5.47"}, {"price": "0.91", "size": "17.8"}], "event_type": "book", "last_trade_price": "0.910"}, {"market": "0xc33520b8387bc2a129fcaec53006563386084e17ef43cea9824037e05d375609", "asset_id": "88107263401951392791865049914930056809888874143168323721673810521359076570528", "timestamp": "1769384409405", "hash": "9ba40c2504e42723e6e21a7837df63e6b5bf4c35", "bids": [{"price": "0.01", "size": "50"}, {"price": "0.02", "size": "5.47"}], "asks": [{"price": "0.99", "size": "50"}], "event_type": "book", "last_trade_price": ""}, {"market": "0xcf30250a0e584bea13f277a2a479833decd67d538fc1e8dc926f9c793b2454b4", "asset_id": "71798061293991410963260986689732621295551480607717504639668717597775598148302", "timestamp": "1769384409405", "hash": "620d8725d74930d8c0bc0824f9d68319e1c586c2", "bids": [{"price": "0.01", "size": "50"}, {"price": "0.02", "size": "5.47"}], "asks": [{"price": "0.99", "size": "50"}], "event_type": "book", "last_trade_price": ""}, {"market": "0xcf30250a0e584bea13f277a2a479833decd67d538fc1e8dc926f9c793b2454b4", "asset_id": "97841068365372931999998603307281424944260043023122833947885732788800138095480", "timestamp": "1769384409405", "hash": "6982305a9649a0846c760916b1375d64cae6332a", "bids": [{"price": "0.01", "size": "50"}], "asks": [{"price": "0.99", "size": "50"}, {"price": "0.98", "size": "5.47"}], "event_type": "book", "last_trade_price": ""}, {"market": "0xc3dd4c54259748bd6c2e56e94d934532f175b75a62d1fb123bc72864c35c9730", "asset_id": "86714981083437714666168917725933210365838689433918892747380598364153479467398", "timestamp": "1769384409405", "hash": "bc6a52dcbdf1f659d63e985d3aa23df0fa6f625d", "bids": [{"price": "0.01", "size": "50"}, {"price": "0.02", "size": "5.47"}], "asks": [{"price": "0.99", "size": "50"}], "event_type": "book", "last_trade_price": ""}, {"market": "0xee51dab3cac9f613ef4adde6f4d31c54d0768434f906a8830bcb29a6aa80fd62", "asset_id": "43525410081347620429019438629612271308506021187417584292466825241377512975930", "timestamp": "1769384485199", "hash": "b3556b84003cf3bb0d66a530d40fbb578ebb8401", "bids": [], "asks": [{"price": "0.99", "size": "50"}, {"price": "0.98", "size": "31.59"}, {"price": "0.95", "size": "5.47"}], "event_type": "book", "last_trade_price": "0.010"}, {"market": "0x7574b1281bb4b70889c1eddb6c792dfaa230fd6568d4fa08ff48a7b7d0da0ecf", "asset_id": "21925343071659716343842350944923307771324323480583567738204826742567392450228", "timestamp": "1769384484000", "hash": "8ea291c094c4ccc673e774b28e367edd156050a0", "bids": [{"price": "0.01", "size": "50"}, {"price": "0.02", "size": "5.47"}, {"price": "0.09", "size": "17.8"}], "asks": [{"price": "0.99", "size": "450"}, {"price": "0.95", "size": "1200"}, {"price": "0.92", "size": "500"}, {"price": "0.9", "size": "10"}, {"price": "0.86", "size": "200"}, {"price": "0.6", "size": "337.5"}, {"price": "0.5", "size": "250"}, {"price": "0.45", "size": "54.54"}], "event_type": "book", "last_trade_price": "0.910"}, {"market": "0xaac4a763d1b76646ed69ff0d6a49b09a701799d9fcc6ddf96275ddc1f0b41e7b", "asset_id": "36440283020173761096990686108430143240313572746247081572057361599072536650982", "timestamp": "1769384485199", "hash": "4304ad1c393fda80370765f8eccaaf3f83056ccc", "bids": [{"price": "0.01", "size": "50"}, {"price": "0.02", "size": "31.59"}, {"price": "0.11", "size": "5.47"}], "asks": [], "event_type": "book", "last_trade_price": "0.010"}, {"market": "0xaac4a763d1b76646ed69ff0d6a49b09a701799d9fcc6ddf96275ddc1f0b41e7b", "asset_id": "2861305146776921171242951029031737179185749195848905136077267186430964686700", "timestamp": "1769384485199", "hash": "88b3538cdf2426781fef33478e370d30eee46fe8", "bids": [], "asks": [{"price": "0.99", "size": "50"}, {"price": "0.98", "size": "31.59"}, {"price": "0.89", "size": "5.47"}], "event_type": "book", "last_trade_price": "0.010"}, {"market": "0x9c8293577f4543ef93f7aaeb509c558f57206963738afc0005a3c8b657c35c2c", "asset_id": "106370297633240418331069674055597687951292185544334737174986495171756252672268", "timestamp": "1769384409405", "hash": "46aa9da20e14e54fa0493448de58aa79f322e83c", "bids": [{"price": "0.01", "size": "50"}], "asks": [{"price": "0.99", "size": "50"}, {"price": "0.98", "size": "5.47"}], "event_type": "book", "last_trade_price": ""}, {"market": "0x8243ff3762bcd3bb8b1d15e665cdcc35716ff318f96fb4631bb46b9eddf8c86a", "asset_id": "84909880410540638760851349939756323384280160356000595880681494003468739085587", "timestamp": "1769384485199", "hash": "ea059a2a331061615477c8a67ba2bb9fef6d5e55", "bids": [], "asks": [{"price": "0.99", "size": "50"}, {"price": "0.98", "size": "31.59"}, {"price": "0.19", "size": "5.47"}], "event_type": "book", "last_trade_price": "0.010"}, {"market": "0x8243ff3762bcd3bb8b1d15e665cdcc35716ff318f96fb4631bb46b9eddf8c86a", "asset_id": "80154436186274737074522997979313743066759452931198098959504359914163403000674", "timestamp": "1769384485199", "hash": "70dd6d4e020080186b0d13d931775eb1239b6f02", "bids": [{"price": "0.01", "size": "50"}, {"price": "0.02", "size": "31.59"}, {"price": "0.81", "size": "5.47"}], "asks": [], "event_type": "book", "last_trade_price": "0.010"}, {"market": "0xc3dd4c54259748bd6c2e56e94d934532f175b75a62d1fb123bc72864c35c9730", "asset_id": "27389633440629820237562052149714649048234868895442626956737031241849873740466", "timestamp": "1769384409405", "hash": "faee97708d61d725e6ddc3ce2560f9b3d60d8226", "bids": [{"price": "0.01", "size": "50"}], "asks": [{"price": "0.99", "size": "50"}, {"price": "0.98", "size": "5.47"}], "event_type": "book", "last_trade_price": ""}, {"market": "0xc33520b8387bc2a129fcaec53006563386084e17ef43cea9824037e05d375609", "asset_id": "2621382290123481396373492494020332967195582455868928518804195047605986757722", "timestamp": "1769384409405", "hash": "08fa67aa63530e3064e512a21b0a116c24028e0d", "bids": [{"price": "0.01", "size": "50"}], "asks": [{"price": "0.99", "size": "50"}, {"price": "0.98", "size": "5.47"}], "event_type": "book", "last_trade_price": ""}, {"market": "0x9c8293577f4543ef93f7aaeb509c558f57206963738afc0005a3c8b657c35c2c", "asset_id": "67835301387931085120131152357622221875363198868454977123292686295357133755559", "timestamp": "1769384409405", "hash": "c19c1da3c07846659a8f17f03f3975ce80f8d755", "bids": [{"price": "0.01", "size": "50"}, {"price": "0.02", "size": "5.47"}], "asks": [{"price": "0.99", "size": "50"}], "event_type": "book", "last_trade_price": ""}, {"market": "0xcdb617d835aa90a8c6f989e15b0f7db83cad61881f9b7cc376ebddfc02e3fe6f", "asset_id": "17205059258036519763047896274452667362004729364919245534806651698362948920774", "timestamp": "1769384485214", "hash": "5b59f4bf020b8b772e1167140605584a39110088", "bids": [{"price": "0.01", "size": "50"}, {"price": "0.02", "size": "31.59"}, {"price": "0.04", "size": "8.2"}, {"price": "0.05", "size": "5.47"}], "asks": [], "event_type": "book", "last_trade_price": "0.010"}, {"market": "0xee51dab3cac9f613ef4adde6f4d31c54d0768434f906a8830bcb29a6aa80fd62", "asset_id": "63233769642798353880862491463624056549555468632412539687403277969546363593618", "timestamp": "1769384485199", "hash": "cc2a431813e50db4b72cbd4814b2edb70bbf3b42", "bids": [{"price": "0.01", "size": "50"}, {"price": "0.02", "size": "31.59"}, {"price": "0.05", "size": "5.47"}], "asks": [], "event_type": "book", "last_trade_price": "0.010"}, {"market": "0xcdb617d835aa90a8c6f989e15b0f7db83cad61881f9b7cc376ebddfc02e3fe6f", "asset_id": "81824081964236123440688084957864924731834402897456136707584091215379279966782", "timestamp": "1769384485214", "hash": "23458b069f8a102d8e2b1fdc2c33d782c6440a55", "bids": [], "asks": [{"price": "0.99", "size": "50"}, {"price": "0.98", "size": "31.59"}, {"price": "0.96", "size": "8.2"}, {"price": "0.95", "size": "5.47"}], "event_type": "book", "last_trade_price": "0.010"}]}
{"_local_timestamp": "2026-01-25T23:41:25.620751+00:00", "data": {"market": "0xee51dab3cac9f613ef4adde6f4d31c54d0768434f906a8830bcb29a6aa80fd62", "price_changes": [{"asset_id": "43525410081347620429019438629612271308506021187417584292466825241377512975930", "price": "0.94", "size": "8.2", "side": "SELL", "hash": "9bd5b4a561d364e193961b3cec7d8900026dfb96", "best_bid": "0", "best_ask": "0.94"}, {"asset_id": "63233769642798353880862491463624056549555468632412539687403277969546363593618", "price": "0.06", "size": "8.2", "side": "BUY", "hash": "01687e619cb503d919a6202ba42130dab1a7032c", "best_bid": "0.06", "best_ask": "1"}], "timestamp": "1769384485551", "event_type": "price_change"}}
{"_local_timestamp": "2026-01-25T23:41:25.623349+00:00", "data": {"market": "0xaac4a763d1b76646ed69ff0d6a49b09a701799d9fcc6ddf96275ddc1f0b41e7b", "price_changes": [{"asset_id": "2861305146776921171242951029031737179185749195848905136077267186430964686700", "price": "0.88", "size": "8.2", "side": "SELL", "hash": "3425d9efbce4c1ef4631489a0eb2e14e24c47914", "best_bid": "0", "best_ask": "0.88"}, {"asset_id": "36440283020173761096990686108430143240313572746247081572057361599072536650982", "price": "0.12", "size": "8.2", "side": "BUY", "hash": "1c69450a13c48a1ff6fa86f55b7922f0de6c58ed", "best_bid": "0.12", "best_ask": "1"}], "timestamp": "1769384485551", "event_type": "price_change"}}
{"_local_timestamp": "2026-01-25T23:41:25.626001+00:00", "data": {"market": "0x8243ff3762bcd3bb8b1d15e665cdcc35716ff318f96fb4631bb46b9eddf8c86a", "price_changes": [{"asset_id": "84909880410540638760851349939756323384280160356000595880681494003468739085587", "price": "0.18", "size": "8.2", "side": "SELL", "hash": "16eec9f389bb957f069c15093e51f6eeccb756f7", "best_bid": "0", "best_ask": "0.18"}, {"asset_id": "80154436186274737074522997979313743066759452931198098959504359914163403000674", "price": "0.82", "size": "8.2", "side": "BUY", "hash": "f0c4ae9cfe0711aaa0e026958bffe1c256214914", "best_bid": "0.82", "best_ask": "1"}], "timestamp": "1769384485551", "event_type": "price_change"}}
{"_local_timestamp": "2026-01-25T23:41:26.100552+00:00", "data": {"market": "0xcdb617d835aa90a8c6f989e15b0f7db83cad61881f9b7cc376ebddfc02e3fe6f", "price_changes": [{"asset_id": "81824081964236123440688084957864924731834402897456136707584091215379279966782", "price": "0.96", "size": "0", "side": "SELL", "hash": "abf7bacc7704e35ffafe6987d117ac31a97d5f48", "best_bid": "0", "best_ask": "0.95"}, {"asset_id": "17205059258036519763047896274452667362004729364919245534806651698362948920774", "price": "0.04", "size": "0", "side": "BUY", "hash": "6ff1c3f7e54c7d39f6bd4a0372e85d18dc06d1f3", "best_bid": "0.05", "best_ask": "1"}], "timestamp": "1769384486037", "event_type": "price_change"}}
{"_local_timestamp": "2026-01-25T23:41:26.384530+00:00", "data": {"market": "0xcdb617d835aa90a8c6f989e15b0f7db83cad61881f9b7cc376ebddfc02e3fe6f", "price_changes": [{"asset_id": "81824081964236123440688084957864924731834402897456136707584091215379279966782", "price": "0.94", "size": "8.2", "side": "SELL", "hash": "615c8c7acfcc4b82373bd47d58887149911901c2", "best_bid": "0", "best_ask": "0.94"}, {"asset_id": "17205059258036519763047896274452667362004729364919245534806651698362948920774", "price": "0.06", "size": "8.2", "side": "BUY", "hash": "c194c195cfe309e9ee5bfff9b0ee071b5ac9ab26", "best_bid": "0.06", "best_ask": "1"}], "timestamp": "1769384486311", "event_type": "price_change"}}
{"_local_timestamp": "2026-01-25T23:41:26.456357+00:00", "data": {"market": "0xaac4a763d1b76646ed69ff0d6a49b09a701799d9fcc6ddf96275ddc1f0b41e7b", "price_changes": [{"asset_id": "2861305146776921171242951029031737179185749195848905136077267186430964686700", "price": "0.89", "size": "0", "side": "SELL", "hash": "b6325942fe2993454106c1576239cad327c9ec71", "best_bid": "0", "best_ask": "0.88"}, {"asset_id": "36440283020173761096990686108430143240313572746247081572057361599072536650982", "price": "0.11", "size": "0", "side": "BUY", "hash": "0d56e1e731e78c8d7d84ac1a76c06bd5902b229a", "best_bid": "0.12", "best_ask": "1"}], "timestamp": "1769384486380", "event_type": "price_change"}}
{"_local_timestamp": "2026-01-25T23:41:26.468109+00:00", "data": {"market": "0x8243ff3762bcd3bb8b1d15e665cdcc35716ff318f96fb4631bb46b9eddf8c86a", "price_changes": [{"asset_id": "84909880410540638760851349939756323384280160356000595880681494003468739085587", "price": "0.19", "size": "0", "side": "SELL", "hash": "f0948235cf20ecb900ed5c549fa5419845989a65", "best_bid": "0", "best_ask": "0.18"}, {"asset_id": "80154436186274737074522997979313743066759452931198098959504359914163403000674", "price": "0.81", "size": "0", "side": "BUY", "hash": "64083e2be16480f67f5ca50151c58a8e36cace3b", "best_bid": "0.82", "best_ask": "1"}], "timestamp": "1769384486380", "event_type": "price_change"}}
{"_local_timestamp": "2026-01-25T23:41:26.469510+00:00", "data": {"market": "0xee51dab3cac9f613ef4adde6f4d31c54d0768434f906a8830bcb29a6aa80fd62", "price_changes": [{"asset_id": "43525410081347620429019438629612271308506021187417584292466825241377512975930", "price": "0.95", "size": "0", "side": "SELL", "hash": "1dca4ec8c7f09b6ec8bbb2d2adc8b14755a1dba9", "best_bid": "0", "best_ask": "0.94"}, {"asset_id": "63233769642798353880862491463624056549555468632412539687403277969546363593618", "price": "0.05", "size": "0", "side": "BUY", "hash": "843c612dd4bb090d5a49d355e00b5583de8fe0da", "best_bid": "0.06", "best_ask": "1"}], "timestamp": "1769384486380", "event_type": "price_change"}}
{"_local_timestamp": "2026-01-25T23:41:26.584533+00:00", "data": {"market": "0xaac4a763d1b76646ed69ff0d6a49b09a701799d9fcc6ddf96275ddc1f0b41e7b", "price_changes": [{"asset_id": "2861305146776921171242951029031737179185749195848905136077267186430964686700", "price": "0.87", "size": "5.47", "side": "SELL", "hash": "cbd036fe87bd7e1ee64378c153c358663e328b9f", "best_bid": "0", "best_ask": "0.87"}, {"asset_id": "36440283020173761096990686108430143240313572746247081572057361599072536650982", "price": "0.13", "size": "5.47", "side": "BUY", "hash": "07aabb45bb0c22df9c7eb9173756b500cf451589", "best_bid": "0.13", "best_ask": "1"}], "timestamp": "1769384486492", "event_type": "price_change"}}
{"_local_timestamp": "2026-01-25T23:41:26.586250+00:00", "data": {"market": "0xee51dab3cac9f613ef4adde6f4d31c54d0768434f906a8830bcb29a6aa80fd62", "price_changes": [{"asset_id": "43525410081347620429019438629612271308506021187417584292466825241377512975930", "price": "0.93", "size": "5.47", "side": "SELL", "hash": "ce35098867f52d358f3fe64ed1589238216fb3eb", "best_bid": "0", "best_ask": "0.93"}, {"asset_id": "63233769642798353880862491463624056549555468632412539687403277969546363593618", "price": "0.07", "size": "5.47", "side": "BUY", "hash": "c7a9bab4ceecd6480f21114c271d81384f4efc2e", "best_bid": "0.07", "best_ask": "1"}], "timestamp": "1769384486492", "event_type": "price_change"}}
{"_local_timestamp": "2026-01-25T23:41:26.605837+00:00", "data": {"market": "0x8243ff3762bcd3bb8b1d15e665cdcc35716ff318f96fb4631bb46b9eddf8c86a", "price_changes": [{"asset_id": "84909880410540638760851349939756323384280160356000595880681494003468739085587", "price": "0.17", "size": "5.47", "side": "SELL", "hash": "92c04e095ac3369090201de00aa99bdfb4a4937d", "best_bid": "0", "best_ask": "0.17"}, {"asset_id": "80154436186274737074522997979313743066759452931198098959504359914163403000674", "price": "0.83", "size": "5.47", "side": "BUY", "hash": "ecdada63ce43e8f28f196811500e9a5e8b65bbbc", "best_bid": "0.83", "best_ask": "1"}], "timestamp": "1769384486530", "event_type": "price_change"}}
{"_local_timestamp": "2026-01-25T23:41:26.953138+00:00", "data": {"market": "0xaac4a763d1b76646ed69ff0d6a49b09a701799d9fcc6ddf96275ddc1f0b41e7b", "price_changes": [{"asset_id": "2861305146776921171242951029031737179185749195848905136077267186430964686700", "price": "0.88", "size": "0", "side": "SELL", "hash": "a6bf04610f5d8181af2aa1c7588668239681c0df", "best_bid": "0", "best_ask": "0.87"}, {"asset_id": "36440283020173761096990686108430143240313572746247081572057361599072536650982", "price": "0.12", "size": "0", "side": "BUY", "hash": "837e6dfed6a633531d5de31efe04ab3cf2841b5a", "best_bid": "0.13", "best_ask": "1"}], "timestamp": "1769384486885", "event_type": "price_change"}}
{"_local_timestamp": "2026-01-25T23:41:26.955890+00:00", "data": {"market": "0xee51dab3cac9f613ef4adde6f4d31c54d0768434f906a8830bcb29a6aa80fd62", "price_changes": [{"asset_id": "43525410081347620429019438629612271308506021187417584292466825241377512975930", "price": "0.94", "size": "0", "side": "SELL", "hash": "afb1f567005a6767aae1049a4c6ae357736e6831", "best_bid": "0", "best_ask": "0.93"}, {"asset_id": "63233769642798353880862491463624056549555468632412539687403277969546363593618", "price": "0.06", "size": "0", "side": "BUY", "hash": "99d4e551c2f5bd319b29850e7aaf9b27c6c24367", "best_bid": "0.07", "best_ask": "1"}], "timestamp": "1769384486885", "event_type": "price_change"}}
{"_local_timestamp": "2026-01-25T23:41:26.958135+00:00", "data": {"market": "0x8243ff3762bcd3bb8b1d15e665cdcc35716ff318f96fb4631bb46b9eddf8c86a", "price_changes": [{"asset_id": "84909880410540638760851349939756323384280160356000595880681494003468739085587", "price": "0.18", "size": "0", "side": "SELL", "hash": "f43aa767fd44030e47866bc5dbc88c23c6d2c5cb", "best_bid": "0", "best_ask": "0.17"}, {"asset_id": "80154436186274737074522997979313743066759452931198098959504359914163403000674", "price": "0.82", "size": "0", "side": "BUY", "hash": "a8845ff4650e7f1a7748a2f5fa03422c4c887b87", "best_bid": "0.83", "best_ask": "1"}], "timestamp": "1769384486885", "event_type": "price_change"}}
{"_local_timestamp": "2026-01-25T23:41:27.166294+00:00", "data": {"market": "0x8243ff3762bcd3bb8b1d15e665cdcc35716ff318f96fb4631bb46b9eddf8c86a", "price_changes": [{"asset_id": "84909880410540638760851349939756323384280160356000595880681494003468739085587", "price": "0.16", "size": "8.2", "side": "SELL", "hash": "27747784106201ac2e7776b8097ab2bfa8856d2b", "best_bid": "0", "best_ask": "0.16"}, {"asset_id": "80154436186274737074522997979313743066759452931198098959504359914163403000674", "price": "0.84", "size": "8.2", "side": "BUY", "hash": "e8b6190f70a5cf5dad96b7eafa3763c63c01fda3", "best_bid": "0.84", "best_ask": "1"}], "timestamp": "1769384487095", "event_type": "price_change"}}
{"_local_timestamp": "2026-01-25T23:41:27.266634+00:00", "data": {"market": "0xee51dab3cac9f613ef4adde6f4d31c54d0768434f906a8830bcb29a6aa80fd62", "price_changes": [{"asset_id": "43525410081347620429019438629612271308506021187417584292466825241377512975930", "price": "0.92", "size": "8.2", "side": "SELL", "hash": "01a15b9af58eaaacd9f5dd4ff850d1c8bfc70f9f", "best_bid": "0", "best_ask": "0.92"}, {"asset_id": "63233769642798353880862491463624056549555468632412539687403277969546363593618", "price": "0.08", "size": "8.2", "side": "BUY", "hash": "390403934301be212b73d8fcb392fabe49732c2b", "best_bid": "0.08", "best_ask": "1"}], "timestamp": "1769384487198", "event_type": "price_change"}}
{"_local_timestamp": "2026-01-25T23:41:27.268085+00:00", "data": {"market": "0xaac4a763d1b76646ed69ff0d6a49b09a701799d9fcc6ddf96275ddc1f0b41e7b", "price_changes": [{"asset_id": "2861305146776921171242951029031737179185749195848905136077267186430964686700", "price": "0.86", "size": "8.2", "side": "SELL", "hash": "5823f6e379b7c878941b235e52250c75ea9d3d8b", "best_bid": "0", "best_ask": "0.86"}, {"asset_id": "36440283020173761096990686108430143240313572746247081572057361599072536650982", "price": "0.14", "size": "8.2", "side": "BUY", "hash": "d98700b0d1f674f92e1a70cd86797d82eda6e33b", "best_bid": "0.14", "best_ask": "1"}], "timestamp": "1769384487198", "event_type": "price_change"}}
{"_local_timestamp": "2026-01-25T23:41:27.829757+00:00", "data": {"market": "0x8243ff3762bcd3bb8b1d15e665cdcc35716ff318f96fb4631bb46b9eddf8c86a", "price_changes": [{"asset_id": "84909880410540638760851349939756323384280160356000595880681494003468739085587", "price": "0.17", "size": "0", "side": "SELL", "hash": "5b13ca591f6123f6a54078a3604972f214df3719", "best_bid": "0", "best_ask": "0.16"}, {"asset_id": "80154436186274737074522997979313743066759452931198098959504359914163403000674", "price": "0.83", "size": "0", "side": "BUY", "hash": "a05d0e1397daaaab19faca319744cc0b79be953d", "best_bid": "0.84", "best_ask": "1"}], "timestamp": "1769384487761", "event_type": "price_change"}}
{"_local_timestamp": "2026-01-25T23:41:27.835272+00:00", "data": {"market": "0xaac4a763d1b76646ed69ff0d6a49b09a701799d9fcc6ddf96275ddc1f0b41e7b", "price_changes": [{"asset_id": "2861305146776921171242951029031737179185749195848905136077267186430964686700", "price": "0.87", "size": "0", "side": "SELL", "hash": "cc8b9b0fe0c7532230036ce5c16fc67e5e8efa31", "best_bid": "0", "best_ask": "0.86"}, {"asset_id": "36440283020173761096990686108430143240313572746247081572057361599072536650982", "price": "0.13", "size": "0", "side": "BUY", "hash": "02b240e8c656b3d51f282500ec333a13ac40d67f", "best_bid": "0.14", "best_ask": "1"}], "timestamp": "1769384487761", "event_type": "price_change"}}
{"_local_timestamp": "2026-01-25T23:41:27.836964+00:00", "data": {"market": "0xee51dab3cac9f613ef4adde6f4d31c54d0768434f906a8830bcb29a6aa80fd62", "price_changes": [{"asset_id": "43525410081347620429019438629612271308506021187417584292466825241377512975930", "price": "0.93", "size": "0", "side": "SELL", "hash": "1d5914ae8e41e819bec7e27d2c7650f0cfeef317", "best_bid": "0", "best_ask": "0.92"}, {"asset_id": "63233769642798353880862491463624056549555468632412539687403277969546363593618", "price": "0.07", "size": "0", "side": "BUY", "hash": "668e7ce489bf0695a94df21bf71034ebd882a471", "best_bid": "0.08", "best_ask": "1"}], "timestamp": "1769384487761", "event_type": "price_change"}}
{"_local_timestamp": "2026-01-25T23:41:27.949219+00:00", "data": {"market": "0xee51dab3cac9f613ef4adde6f4d31c54d0768434f906a8830bcb29a6aa80fd62", "price_changes": [{"asset_id": "43525410081347620429019438629612271308506021187417584292466825241377512975930", "price": "0.91", "size": "5.47", "side": "SELL", "hash": "151e94029c8a54f3437533c08f7fd4fa8e9a05b5", "best_bid": "0", "best_ask": "0.91"}, {"asset_id": "63233769642798353880862491463624056549555468632412539687403277969546363593618", "price": "0.09", "size": "5.47", "side": "BUY", "hash": "9de579c34f3ce5167d546d27c8691784e4147fad", "best_bid": "0.09", "best_ask": "1"}], "timestamp": "1769384487879", "event_type": "price_change"}}
{"_local_timestamp": "2026-01-25T23:41:27.953291+00:00", "data": {"market": "0x8243ff3762bcd3bb8b1d15e665cdcc35716ff318f96fb4631bb46b9eddf8c86a", "price_changes": [{"asset_id": "84909880410540638760851349939756323384280160356000595880681494003468739085587", "price": "0.15", "size": "5.47", "side": "SELL", "hash": "4e2867c3fb4dcf85ae92f2dc4c10805fcfa2d3fa", "best_bid": "0", "best_ask": "0.15"}, {"asset_id": "80154436186274737074522997979313743066759452931198098959504359914163403000674", "price": "0.85", "size": "5.47", "side": "BUY", "hash": "67a0210961694fd32cbeebcab5a1e5fa7f438398", "best_bid": "0.85", "best_ask": "1"}], "timestamp": "1769384487879", "event_type": "price_change"}}
{"_local_timestamp": "2026-01-25T23:41:27.955223+00:00", "data": {"market": "0xaac4a763d1b76646ed69ff0d6a49b09a701799d9fcc6ddf96275ddc1f0b41e7b", "price_changes": [{"asset_id": "2861305146776921171242951029031737179185749195848905136077267186430964686700", "price": "0.85", "size": "5.47", "side": "SELL", "hash": "f0dde8cc2435e6040379873a1b7622f26383f8b9", "best_bid": "0", "best_ask": "0.85"}, {"asset_id": "36440283020173761096990686108430143240313572746247081572057361599072536650982", "price": "0.15", "size": "5.47", "side": "BUY", "hash": "236c6214d2f22bb1bea0547715592312400afc5e", "best_bid": "0.15", "best_ask": "1"}], "timestamp": "1769384487879", "event_type": "price_change"}}
{"_local_timestamp": "2026-01-25T23:41:28.095783+00:00", "data": {"market": "0xaac4a763d1b76646ed69ff0d6a49b09a701799d9fcc6ddf96275ddc1f0b41e7b", "price_changes": [{"asset_id": "2861305146776921171242951029031737179185749195848905136077267186430964686700", "price": "0.86", "size": "0", "side": "SELL", "hash": "c2e5d9ac78a5e472144461b0a98987809e284e6c", "best_bid": "0", "best_ask": "0.85"}, {"asset_id": "36440283020173761096990686108430143240313572746247081572057361599072536650982", "price": "0.14", "size": "0", "side": "BUY", "hash": "39a0c19d48bb75c721d354960390f8a3c2af639b", "best_bid": "0.15", "best_ask": "1"}], "timestamp": "1769384488027", "event_type": "price_change"}}
{"_local_timestamp": "2026-01-25T23:41:28.097231+00:00", "data": {"market": "0x8243ff3762bcd3bb8b1d15e665cdcc35716ff318f96fb4631bb46b9eddf8c86a", "price_changes": [{"asset_id": "84909880410540638760851349939756323384280160356000595880681494003468739085587", "price": "0.16", "size": "0", "side": "SELL", "hash": "80b5865cf31355812f770ed495fdfe2fa2f5c0a8", "best_bid": "0", "best_ask": "0.15"}, {"asset_id": "80154436186274737074522997979313743066759452931198098959504359914163403000674", "price": "0.84", "size": "0", "side": "BUY", "hash": "04e0e39144a13fe6765f260724f712cdd383f410", "best_bid": "0.85", "best_ask": "1"}], "timestamp": "1769384488027", "event_type": "price_change"}}
{"_local_timestamp": "2026-01-25T23:41:28.098663+00:00", "data": {"market": "0xee51dab3cac9f613ef4adde6f4d31c54d0768434f906a8830bcb29a6aa80fd62", "price_changes": [{"asset_id": "43525410081347620429019438629612271308506021187417584292466825241377512975930", "price": "0.92", "size": "0", "side": "SELL", "hash": "7308e35cef8d31f0e9d56d55471ec53e2d621362", "best_bid": "0", "best_ask": "0.91"}, {"asset_id": "63233769642798353880862491463624056549555468632412539687403277969546363593618", "price": "0.08", "size": "0", "side": "BUY", "hash": "885cb661a1bc7f76993fb344996343e88cd091df", "best_bid": "0.09", "best_ask": "1"}], "timestamp": "1769384488027", "event_type": "price_change"}}
{"_local_timestamp": "2026-01-25T23:41:28.385846+00:00", "data": {"market": "0xaac4a763d1b76646ed69ff0d6a49b09a701799d9fcc6ddf96275ddc1f0b41e7b", "price_changes": [{"asset_id": "2861305146776921171242951029031737179185749195848905136077267186430964686700", "price": "0.84", "size": "8.2", "side": "SELL", "hash": "b84bffd53ae170e307e41739ab392eff80c4a4b7", "best_bid": "0", "best_ask": "0.84"}, {"asset_id": "36440283020173761096990686108430143240313572746247081572057361599072536650982", "price": "0.16", "size": "8.2", "side": "BUY", "hash": "b80734c2a6e9f23de73c141716a70a6399bba0e0", "best_bid": "0.16", "best_ask": "1"}], "timestamp": "1769384488311", "event_type": "price_change"}}
{"_local_timestamp": "2026-01-25T23:41:28.388865+00:00", "data": {"market": "0x8243ff3762bcd3bb8b1d15e665cdcc35716ff318f96fb4631bb46b9eddf8c86a", "price_changes": [{"asset_id": "84909880410540638760851349939756323384280160356000595880681494003468739085587", "price": "0.14", "size": "8.2", "side": "SELL", "hash": "ed79b92af20f1d937f5a6364e0cc380ad1a666f5", "best_bid": "0", "best_ask": "0.14"}, {"asset_id": "80154436186274737074522997979313743066759452931198098959504359914163403000674", "price": "0.86", "size": "8.2", "side": "BUY", "hash": "720c3fe26064c1d4f5d9a69a808b3e1fe92b6f18", "best_bid": "0.86", "best_ask": "1"}], "timestamp": "1769384488311", "event_type": "price_change"}}
{"_local_timestamp": "2026-01-25T23:41:28.391680+00:00", "data": {"market": "0xee51dab3cac9f613ef4adde6f4d31c54d0768434f906a8830bcb29a6aa80fd62", "price_changes": [{"asset_id": "43525410081347620429019438629612271308506021187417584292466825241377512975930", "price": "0.9", "size": "8.2", "side": "SELL", "hash": "dd560bab4870b4ef3da8d5c794c373d6571e75e2", "best_bid": "0", "best_ask": "0.9"}, {"asset_id": "63233769642798353880862491463624056549555468632412539687403277969546363593618", "price": "0.1", "size": "8.2", "side": "BUY", "hash": "2a4d910cd4512b1b13221ba0d627764d50ee7d26", "best_bid": "0.1", "best_ask": "1"}], "timestamp": "1769384488312", "event_type": "price_change"}}
{"_local_timestamp": "2026-01-25T23:41:28.579149+00:00", "data": {"market": "0xcdb617d835aa90a8c6f989e15b0f7db83cad61881f9b7cc376ebddfc02e3fe6f", "price_changes": [{"asset_id": "17205059258036519763047896274452667362004729364919245534806651698362948920774", "price": "0.05", "size": "0", "side": "BUY", "hash": "8d4e93c9aee011927486c8de158fb2406730da2b", "best_bid": "0.06", "best_ask": "1"}, {"asset_id": "81824081964236123440688084957864924731834402897456136707584091215379279966782", "price": "0.95", "size": "0", "side": "SELL", "hash": "59356e5e854b45d98defbeb8b70ed8d5974852e5", "best_bid": "0", "best_ask": "0.94"}], "timestamp": "1769384488508", "event_type": "price_change"}}
{"_local_timestamp": "2026-01-25T23:41:28.627471+00:00", "data": {"market": "0xcdb617d835aa90a8c6f989e15b0f7db83cad61881f9b7cc376ebddfc02e3fe6f", "price_changes": [{"asset_id": "17205059258036519763047896274452667362004729364919245534806651698362948920774", "price": "0.06", "size": "13.67", "side": "BUY", "hash": "8ed769742191d8f23e8acbb8adee2dcd3201de35", "best_bid": "0.06", "best_ask": "1"}, {"asset_id": "81824081964236123440688084957864924731834402897456136707584091215379279966782", "price": "0.94", "size": "13.67", "side": "SELL", "hash": "a02d898c9573a336b755f24ff3f3bdc412364287", "best_bid": "0", "best_ask": "0.94"}], "timestamp": "1769384488556", "event_type": "price_change"}}
{"_local_timestamp": "2026-01-25T23:41:28.947441+00:00", "data": {"market": "0xcdb617d835aa90a8c6f989e15b0f7db83cad61881f9b7cc376ebddfc02e3fe6f", "price_changes": [{"asset_id": "81824081964236123440688084957864924731834402897456136707584091215379279966782", "price": "0.94", "size": "5.47", "side": "SELL", "hash": "828b3081e6948e0d50be93c75e7299b1aa6818dc", "best_bid": "0", "best_ask": "0.94"}, {"asset_id": "17205059258036519763047896274452667362004729364919245534806651698362948920774", "price": "0.06", "size": "5.47", "side": "BUY", "hash": "aafe78257d66ccfc93babc7ce0c421ef67697bee", "best_bid": "0.06", "best_ask": "1"}], "timestamp": "1769384488878", "event_type": "price_change"}}
{"_local_timestamp": "2026-01-25T23:41:29.187638+00:00", "data": {"market": "0xcdb617d835aa90a8c6f989e15b0f7db83cad61881f9b7cc376ebddfc02e3fe6f", "price_changes": [{"asset_id": "81824081964236123440688084957864924731834402897456136707584091215379279966782", "price": "0.93", "size": "8.2", "side": "SELL", "hash": "7ded01329c89fb3b9941303bd41c21232a89c080", "best_bid": "0", "best_ask": "0.93"}, {"asset_id": "17205059258036519763047896274452667362004729364919245534806651698362948920774", "price": "0.07", "size": "8.2", "side": "BUY", "hash": "80550266559201575fb34347581db203d5e665f0", "best_bid": "0.07", "best_ask": "1"}], "timestamp": "1769384489110", "event_type": "price_change"}}
{"_local_timestamp": "2026-01-25T23:41:29.442198+00:00", "data": {"market": "0x8243ff3762bcd3bb8b1d15e665cdcc35716ff318f96fb4631bb46b9eddf8c86a", "price_changes": [{"asset_id": "84909880410540638760851349939756323384280160356000595880681494003468739085587", "price": "0.15", "size": "0", "side": "SELL", "hash": "718de837dcc85a5e6fb298453173acca4a749270", "best_bid": "0", "best_ask": "0.14"}, {"asset_id": "80154436186274737074522997979313743066759452931198098959504359914163403000674", "price": "0.85", "size": "0", "side": "BUY", "hash": "946147d9e34772e56a0e787fa45306ac8e8753f7", "best_bid": "0.86", "best_ask": "1"}], "timestamp": "1769384489373", "event_type": "price_change"}}
{"_local_timestamp": "2026-01-25T23:41:29.446036+00:00", "data": {"market": "0xee51dab3cac9f613ef4adde6f4d31c54d0768434f906a8830bcb29a6aa80fd62", "price_changes": [{"asset_id": "43525410081347620429019438629612271308506021187417584292466825241377512975930", "price": "0.91", "size": "0", "side": "SELL", "hash": "ee4e64cb23661ceacfaef7e310d9da41b731acc1", "best_bid": "0", "best_ask": "0.9"}, {"asset_id": "63233769642798353880862491463624056549555468632412539687403277969546363593618", "price": "0.09", "size": "0", "side": "BUY", "hash": "1856514815b4440279095c59ad6bedb53dab4441", "best_bid": "0.1", "best_ask": "1"}], "timestamp": "1769384489373", "event_type": "price_change"}}
{"_local_timestamp": "2026-01-25T23:41:29.465338+00:00", "data": {"market": "0xaac4a763d1b76646ed69ff0d6a49b09a701799d9fcc6ddf96275ddc1f0b41e7b", "price_changes": [{"asset_id": "2861305146776921171242951029031737179185749195848905136077267186430964686700", "price": "0.85", "size": "0", "side": "SELL", "hash": "0105cf84fcbe203282e73af2d0892f11bc648a22", "best_bid": "0", "best_ask": "0.84"}, {"asset_id": "36440283020173761096990686108430143240313572746247081572057361599072536650982", "price": "0.15", "size": "0", "side": "BUY", "hash": "aca2c8756e0305723b898c92f7201403b7caf998", "best_bid": "0.16", "best_ask": "1"}], "timestamp": "1769384489373", "event_type": "price_change"}}
{"_local_timestamp": "2026-01-25T23:41:29.539356+00:00", "data": {"market": "0xee51dab3cac9f613ef4adde6f4d31c54d0768434f906a8830bcb29a6aa80fd62", "price_changes": [{"asset_id": "43525410081347620429019438629612271308506021187417584292466825241377512975930", "price": "0.89", "size": "5.47", "side": "SELL", "hash": "3543968db1be9a0467e2f46a533fe1ab93ff5d23", "best_bid": "0", "best_ask": "0.89"}, {"asset_id": "63233769642798353880862491463624056549555468632412539687403277969546363593618", "price": "0.11", "size": "5.47", "side": "BUY", "hash": "f3f9c1c190a6d679b27f4bd6621a96f6f249bf7f", "best_bid": "0.11", "best_ask": "1"}], "timestamp": "1769384489463", "event_type": "price_change"}}
{"_local_timestamp": "2026-01-25T23:41:29.540985+00:00", "data": {"market": "0xaac4a763d1b76646ed69ff0d6a49b09a701799d9fcc6ddf96275ddc1f0b41e7b", "price_changes": [{"asset_id": "2861305146776921171242951029031737179185749195848905136077267186430964686700", "price": "0.83", "size": "5.47", "side": "SELL", "hash": "c71b62c9ac721cdc0ca76a3f7719dbc1d594f674", "best_bid": "0", "best_ask": "0.83"}, {"asset_id": "36440283020173761096990686108430143240313572746247081572057361599072536650982", "price": "0.17", "size": "5.47", "side": "BUY", "hash": "d641ac724b3ff7a824f4b817e06293863923d715", "best_bid": "0.17", "best_ask": "1"}], "timestamp": "1769384489463", "event_type": "price_change"}}
{"_local_timestamp": "2026-01-25T23:41:29.544701+00:00", "data": {"market": "0x8243ff3762bcd3bb8b1d15e665cdcc35716ff318f96fb4631bb46b9eddf8c86a", "price_changes": [{"asset_id": "84909880410540638760851349939756323384280160356000595880681494003468739085587", "price": "0.13", "size": "5.47", "side": "SELL", "hash": "39b3c75a0d0002508adee1a8996aca8c576eeaf7", "best_bid": "0", "best_ask": "0.13"}, {"asset_id": "80154436186274737074522997979313743066759452931198098959504359914163403000674", "price": "0.87", "size": "5.47", "side": "BUY", "hash": "7e25fed610f0e9bc0600ff4bb36b9d1513d9caac", "best_bid": "0.87", "best_ask": "1"}], "timestamp": "1769384489463", "event_type": "price_change"}}
{"_local_timestamp": "2026-01-25T23:41:29.948645+00:00", "data": {"market": "0xee51dab3cac9f613ef4adde6f4d31c54d0768434f906a8830bcb29a6aa80fd62", "price_changes": [{"asset_id": "43525410081347620429019438629612271308506021187417584292466825241377512975930", "price": "0.9", "size": "0", "side": "SELL", "hash": "40d8bb84fde8509fc4d632530c662fa097ad5971", "best_bid": "0", "best_ask": "0.89"}, {"asset_id": "63233769642798353880862491463624056549555468632412539687403277969546363593618", "price": "0.1", "size": "0", "side": "BUY", "hash": "4458ddb8a2c7ba599373623af3dcb773858301dc", "best_bid": "0.11", "best_ask": "1"}], "timestamp": "1769384489878", "event_type": "price_change"}}
{"_local_timestamp": "2026-01-25T23:41:29.950131+00:00", "data": {"market": "0x8243ff3762bcd3bb8b1d15e665cdcc35716ff318f96fb4631bb46b9eddf8c86a", "price_changes": [{"asset_id": "84909880410540638760851349939756323384280160356000595880681494003468739085587", "price": "0.14", "size": "0", "side": "SELL", "hash": "6dc0f8e9f6a08af3b6b1c08e761b4d5be9836937", "best_bid": "0", "best_ask": "0.13"}, {"asset_id": "80154436186274737074522997979313743066759452931198098959504359914163403000674", "price": "0.86", "size": "0", "side": "BUY", "hash": "24703bc842d1717a7161dd50ba036f2856737419", "best_bid": "0.87", "best_ask": "1"}], "timestamp": "1769384489878", "event_type": "price_change"}}
{"_local_timestamp": "2026-01-25T23:41:29.951424+00:00", "data": {"market": "0xaac4a763d1b76646ed69ff0d6a49b09a701799d9fcc6ddf96275ddc1f0b41e7b", "price_changes": [{"asset_id": "2861305146776921171242951029031737179185749195848905136077267186430964686700", "price": "0.84", "size": "0", "side": "SELL", "hash": "c35505c70958d40c924b2f6b08ef9ceb143cbfd7", "best_bid": "0", "best_ask": "0.83"}, {"asset_id": "36440283020173761096990686108430143240313572746247081572057361599072536650982", "price": "0.16", "size": "0", "side": "BUY", "hash": "18097fba2d565a66684e5eb4ed2f1ba8b9b3e3ac", "best_bid": "0.17", "best_ask": "1"}], "timestamp": "1769384489878", "event_type": "price_change"}}
{"_local_timestamp": "2026-01-25T23:41:30.291027+00:00", "data": {"market": "0xee51dab3cac9f613ef4adde6f4d31c54d0768434f906a8830bcb29a6aa80fd62", "price_changes": [{"asset_id": "43525410081347620429019438629612271308506021187417584292466825241377512975930", "price": "0.88", "size": "8.2", "side": "SELL", "hash": "a92262b0c288bc9e46a165f656c2ac4bd1509499", "best_bid": "0", "best_ask": "0.88"}, {"asset_id": "63233769642798353880862491463624056549555468632412539687403277969546363593618", "price": "0.12", "size": "8.2", "side": "BUY", "hash": "cc4b68a06d22e101d1fcc1d91558eddcf6942858", "best_bid": "0.12", "best_ask": "1"}], "timestamp": "1769384490218", "event_type": "price_change"}}
{"_local_timestamp": "2026-01-25T23:41:30.292382+00:00", "data": {"market": "0xaac4a763d1b76646ed69ff0d6a49b09a701799d9fcc6ddf96275ddc1f0b41e7b", "price_changes": [{"asset_id": "2861305146776921171242951029031737179185749195848905136077267186430964686700", "price": "0.82", "size": "8.2", "side": "SELL", "hash": "fbd926a4abbe746db328fb899427f6661f8f5a27", "best_bid": "0", "best_ask": "0.82"}, {"asset_id": "36440283020173761096990686108430143240313572746247081572057361599072536650982", "price": "0.18", "size": "8.2", "side": "BUY", "hash": "b848d446872955f8b1be92c9940c3ea382e4d34f", "best_bid": "0.18", "best_ask": "1"}], "timestamp": "1769384490218", "event_type": "price_change"}}
{"_local_timestamp": "2026-01-25T23:41:30.293638+00:00", "data": {"market": "0x8243ff3762bcd3bb8b1d15e665cdcc35716ff318f96fb4631bb46b9eddf8c86a", "price_changes": [{"asset_id": "84909880410540638760851349939756323384280160356000595880681494003468739085587", "price": "0.12", "size": "8.2", "side": "SELL", "hash": "c82c2aa391b9056857374a5caa6218a7a00dd453", "best_bid": "0", "best_ask": "0.12"}, {"asset_id": "80154436186274737074522997979313743066759452931198098959504359914163403000674", "price": "0.88", "size": "8.2", "side": "BUY", "hash": "ddc73cba569db97addcedfa0b4ad38ac7c20630c", "best_bid": "0.88", "best_ask": "1"}], "timestamp": "1769384490218", "event_type": "price_change"}}
{"_local_timestamp": "2026-01-25T23:41:30.502722+00:00", "data": {"market": "0x7574b1281bb4b70889c1eddb6c792dfaa230fd6568d4fa08ff48a7b7d0da0ecf", "price_changes": [{"asset_id": "34958021056734425606207493027963264830364280132203939603257911082582091988838", "price": "0.41", "size": "487", "side": "BUY", "hash": "8d4b84dc120658c4e3ed9395a4c7d4bb878a470e", "best_bid": "0.55", "best_ask": "0.91"}, {"asset_id": "21925343071659716343842350944923307771324323480583567738204826742567392450228", "price": "0.59", "size": "487", "side": "SELL", "hash": "cdeaccf8c37beba13c3c14054baba6ebf4e42fb3", "best_bid": "0.09", "best_ask": "0.45"}], "timestamp": "1769384490430", "event_type": "price_change"}}
{"_local_timestamp": "2026-01-25T23:41:30.822893+00:00", "data": {"market": "0xaac4a763d1b76646ed69ff0d6a49b09a701799d9fcc6ddf96275ddc1f0b41e7b", "price_changes": [{"asset_id": "2861305146776921171242951029031737179185749195848905136077267186430964686700", "price": "0.83", "size": "0", "side": "SELL", "hash": "1745c6667c14f356fe760cdce80fdb604e47aece", "best_bid": "0", "best_ask": "0.82"}, {"asset_id": "36440283020173761096990686108430143240313572746247081572057361599072536650982", "price": "0.17", "size": "0", "side": "BUY", "hash": "89c35057dd43a963bb0d4ba55f4d286cbb18e506", "best_bid": "0.18", "best_ask": "1"}], "timestamp": "1769384490758", "event_type": "price_change"}}
{"_local_timestamp": "2026-01-25T23:41:30.825415+00:00", "data": {"market": "0x8243ff3762bcd3bb8b1d15e665cdcc35716ff318f96fb4631bb46b9eddf8c86a", "price_changes": [{"asset_id": "84909880410540638760851349939756323384280160356000595880681494003468739085587", "price": "0.13", "size": "0", "side": "SELL", "hash": "71ff578e9427c3a279c070fd4af8b6669a4307a9", "best_bid": "0", "best_ask": "0.12"}, {"asset_id": "80154436186274737074522997979313743066759452931198098959504359914163403000674", "price": "0.87", "size": "0", "side": "BUY", "hash": "ce8871ca397bf55512b1496b81fe98540c3da0f1", "best_bid": "0.88", "best_ask": "1"}], "timestamp": "1769384490758", "event_type": "price_change"}}
{"_local_timestamp": "2026-01-25T23:41:30.826764+00:00", "data": {"market": "0xee51dab3cac9f613ef4adde6f4d31c54d0768434f906a8830bcb29a6aa80fd62", "price_changes": [{"asset_id": "43525410081347620429019438629612271308506021187417584292466825241377512975930", "price": "0.89", "size": "0", "side": "SELL", "hash": "58d9e1ff50539e306625555bdecd8e7cdfa4e394", "best_bid": "0", "best_ask": "0.88"}, {"asset_id": "63233769642798353880862491463624056549555468632412539687403277969546363593618", "price": "0.11", "size": "0", "side": "BUY", "hash": "f1ea60502ffab2447f49a0898bcfa953049432a0", "best_bid": "0.12", "best_ask": "1"}], "timestamp": "1769384490758", "event_type": "price_change"}}
{"_local_timestamp": "2026-01-25T23:41:30.880372+00:00", "data": {"market": "0xaac4a763d1b76646ed69ff0d6a49b09a701799d9fcc6ddf96275ddc1f0b41e7b", "price_changes": [{"asset_id": "2861305146776921171242951029031737179185749195848905136077267186430964686700", "price": "0.81", "size": "5.47", "side": "SELL", "hash": "60b93dff2c70374a84ebde4fdaad0b71a1d4aa74", "best_bid": "0", "best_ask": "0.81"}, {"asset_id": "36440283020173761096990686108430143240313572746247081572057361599072536650982", "price": "0.19", "size": "5.47", "side": "BUY", "hash": "4e4c365d4853ab44bba1ee00a5a73c43b1c0f34b", "best_bid": "0.19", "best_ask": "1"}], "timestamp": "1769384490809", "event_type": "price_change"}}
{"_local_timestamp": "2026-01-25T23:41:30.930632+00:00", "data": {"market": "0x8243ff3762bcd3bb8b1d15e665cdcc35716ff318f96fb4631bb46b9eddf8c86a", "price_changes": [{"asset_id": "84909880410540638760851349939756323384280160356000595880681494003468739085587", "price": "0.11", "size": "5.47", "side": "SELL", "hash": "8013961df861ab4563275ccf28b1ba6750d00161", "best_bid": "0", "best_ask": "0.11"}, {"asset_id": "80154436186274737074522997979313743066759452931198098959504359914163403000674", "price": "0.89", "size": "5.47", "side": "BUY", "hash": "df35e0700c793b4255eb040059e896a9a2403b11", "best_bid": "0.89", "best_ask": "1"}], "timestamp": "1769384490863", "event_type": "price_change"}}
{"_local_timestamp": "2026-01-25T23:41:30.932184+00:00", "data": {"market": "0xee51dab3cac9f613ef4adde6f4d31c54d0768434f906a8830bcb29a6aa80fd62", "price_changes": [{"asset_id": "43525410081347620429019438629612271308506021187417584292466825241377512975930", "price": "0.87", "size": "5.47", "side": "SELL", "hash": "88061ac7e7f85407eeded61ac035477efabc861d", "best_bid": "0", "best_ask": "0.87"}, {"asset_id": "63233769642798353880862491463624056549555468632412539687403277969546363593618", "price": "0.13", "size": "5.47", "side": "BUY", "hash": "31ba844aefb23c5f59354049a7908c60dd4ab5c0", "best_bid": "0.13", "best_ask": "1"}], "timestamp": "1769384490863", "event_type": "price_change"}}
{"_local_timestamp": "2026-01-25T23:41:31.220607+00:00", "data": {"market": "0xaac4a763d1b76646ed69ff0d6a49b09a701799d9fcc6ddf96275ddc1f0b41e7b", "price_changes": [{"asset_id": "2861305146776921171242951029031737179185749195848905136077267186430964686700", "price": "0.82", "size": "0", "side": "SELL", "hash": "6069aaaaeb52545ee7bc671ef317fa8b20d137c4", "best_bid": "0", "best_ask": "0.81"}, {"asset_id": "36440283020173761096990686108430143240313572746247081572057361599072536650982", "price": "0.18", "size": "0", "side": "BUY", "hash": "1574be4cf23086edba27030e7053ae3fe73de084", "best_bid": "0.19", "best_ask": "1"}], "timestamp": "1769384491143", "event_type": "price_change"}}
{"_local_timestamp": "2026-01-25T23:41:31.221989+00:00", "data": {"market": "0xee51dab3cac9f613ef4adde6f4d31c54d0768434f906a8830bcb29a6aa80fd62", "price_changes": [{"asset_id": "43525410081347620429019438629612271308506021187417584292466825241377512975930", "price": "0.88", "size": "0", "side": "SELL", "hash": "a44426f0bd93a427f02f648b933aba64c555aec2", "best_bid": "0", "best_ask": "0.87"}, {"asset_id": "63233769642798353880862491463624056549555468632412539687403277969546363593618", "price": "0.12", "size": "0", "side": "BUY", "hash": "9faeba24995d95dd37b5ca2594af241c4aa5ac2c", "best_bid": "0.13", "best_ask": "1"}], "timestamp": "1769384491143", "event_type": "price_change"}}
{"_local_timestamp": "2026-01-25T23:41:31.224047+00:00", "data": {"market": "0x8243ff3762bcd3bb8b1d15e665cdcc35716ff318f96fb4631bb46b9eddf8c86a", "price_changes": [{"asset_id": "84909880410540638760851349939756323384280160356000595880681494003468739085587", "price": "0.12", "size": "0", "side": "SELL", "hash": "911ad28085385e5f8d6ed46633487e572090a21f", "best_bid": "0", "best_ask": "0.11"}, {"asset_id": "80154436186274737074522997979313743066759452931198098959504359914163403000674", "price": "0.88", "size": "0", "side": "BUY", "hash": "279b7b422ae97ea8c567ca26d5b472ad93bdf051", "best_bid": "0.89", "best_ask": "1"}], "timestamp": "1769384491143", "event_type": "price_change"}}
{"_local_timestamp": "2026-01-25T23:41:31.653478+00:00", "data": {"market": "0xee51dab3cac9f613ef4adde6f4d31c54d0768434f906a8830bcb29a6aa80fd62", "price_changes": [{"asset_id": "43525410081347620429019438629612271308506021187417584292466825241377512975930", "price": "0.86", "size": "8.2", "side": "SELL", "hash": "89f8f6f0f678e5c17b61eb494313400c9773b16e", "best_bid": "0", "best_ask": "0.86"}, {"asset_id": "63233769642798353880862491463624056549555468632412539687403277969546363593618", "price": "0.14", "size": "8.2", "side": "BUY", "hash": "3cde0febf58727c2c503574fcffe22392aa5a7d3", "best_bid": "0.14", "best_ask": "1"}], "timestamp": "1769384491582", "event_type": "price_change"}}
{"_local_timestamp": "2026-01-25T23:41:31.656173+00:00", "data": {"market": "0xaac4a763d1b76646ed69ff0d6a49b09a701799d9fcc6ddf96275ddc1f0b41e7b", "price_changes": [{"asset_id": "2861305146776921171242951029031737179185749195848905136077267186430964686700", "price": "0.8", "size": "8.2", "side": "SELL", "hash": "41e820704fd96c3750b7e7fdab9787b724781be4", "best_bid": "0", "best_ask": "0.8"}, {"asset_id": "36440283020173761096990686108430143240313572746247081572057361599072536650982", "price": "0.2", "size": "8.2", "side": "BUY", "hash": "39a33ab0aff1f4c14ed7bb74a48c08f0b882b1e1", "best_bid": "0.2", "best_ask": "1"}], "timestamp": "1769384491582", "event_type": "price_change"}}
{"_local_timestamp": "2026-01-25T23:41:31.657579+00:00", "data": {"market": "0x8243ff3762bcd3bb8b1d15e665cdcc35716ff318f96fb4631bb46b9eddf8c86a", "price_changes": [{"asset_id": "84909880410540638760851349939756323384280160356000595880681494003468739085587", "price": "0.1", "size": "8.2", "side": "SELL", "hash": "e7990bcb1142771401cac1d70755e4048e63be83", "best_bid": "0", "best_ask": "0.1"}, {"asset_id": "80154436186274737074522997979313743066759452931198098959504359914163403000674", "price": "0.9", "size": "8.2", "side": "BUY", "hash": "2b83df49ff96fdf838bf97e6f36a4b0da47ca559", "best_bid": "0.9", "best_ask": "1"}], "timestamp": "1769384491582", "event_type": "price_change"}}
{"_local_timestamp": "2026-01-25T23:41:34.060213+00:00", "data": {"market": "0xaac4a763d1b76646ed69ff0d6a49b09a701799d9fcc6ddf96275ddc1f0b41e7b", "price_changes": [{"asset_id": "2861305146776921171242951029031737179185749195848905136077267186430964686700", "price": "0.81", "size": "0", "side": "SELL", "hash": "83cecf5c53ce45c005bbe619f10cf6c7b53889e0", "best_bid": "0", "best_ask": "0.8"}, {"asset_id": "36440283020173761096990686108430143240313572746247081572057361599072536650982", "price": "0.19", "size": "0", "side": "BUY", "hash": "46924e4d3b5175170dfd0e809942480e885bdb61", "best_bid": "0.2", "best_ask": "1"}], "timestamp": "1769384493991", "event_type": "price_change"}}
{"_local_timestamp": "2026-01-25T23:41:34.066553+00:00", "data": {"market": "0xee51dab3cac9f613ef4adde6f4d31c54d0768434f906a8830bcb29a6aa80fd62", "price_changes": [{"asset_id": "43525410081347620429019438629612271308506021187417584292466825241377512975930", "price": "0.87", "size": "0", "side": "SELL", "hash": "08952c34453371ef9b1dbc70559c6a1e1e28ae8b", "best_bid": "0", "best_ask": "0.86"}, {"asset_id": "63233769642798353880862491463624056549555468632412539687403277969546363593618", "price": "0.13", "size": "0", "side": "BUY", "hash": "be38304f1d95bdb942b5c72b2b4c723ed99ba2a8", "best_bid": "0.14", "best_ask": "1"}], "timestamp": "1769384493991", "event_type": "price_change"}}
{"_local_timestamp": "2026-01-25T23:41:34.068121+00:00", "data": {"market": "0x8243ff3762bcd3bb8b1d15e665cdcc35716ff318f96fb4631bb46b9eddf8c86a", "price_changes": [{"asset_id": "84909880410540638760851349939756323384280160356000595880681494003468739085587", "price": "0.11", "size": "0", "side": "SELL", "hash": "d7339ddd862eba00f4aeebc32501868ba53564ec", "best_bid": "0", "best_ask": "0.1"}, {"asset_id": "80154436186274737074522997979313743066759452931198098959504359914163403000674", "price": "0.89", "size": "0", "side": "BUY", "hash": "f42999ea3bdfc36ea1fe97a9bfe7639d2feb84ab", "best_bid": "0.9", "best_ask": "1"}], "timestamp": "1769384493991", "event_type": "price_change"}}
{"_local_timestamp": "2026-01-25T23:41:34.114055+00:00", "data": {"market": "0xaac4a763d1b76646ed69ff0d6a49b09a701799d9fcc6ddf96275ddc1f0b41e7b", "price_changes": [{"asset_id": "2861305146776921171242951029031737179185749195848905136077267186430964686700", "price": "0.79", "size": "5.47", "side": "SELL", "hash": "6069854d790ca79f769cc22d6ab9895478d6cf4b", "best_bid": "0", "best_ask": "0.79"}, {"asset_id": "36440283020173761096990686108430143240313572746247081572057361599072536650982", "price": "0.21", "size": "5.47", "side": "BUY", "hash": "60dcf7aa949940bbc9484d710b7956fac0f52614", "best_bid": "0.21", "best_ask": "1"}], "timestamp": "1769384494042", "event_type": "price_change"}}
{"_local_timestamp": "2026-01-25T23:41:34.152002+00:00", "data": {"market": "0xee51dab3cac9f613ef4adde6f4d31c54d0768434f906a8830bcb29a6aa80fd62", "price_changes": [{"asset_id": "43525410081347620429019438629612271308506021187417584292466825241377512975930", "price": "0.85", "size": "5.47", "side": "SELL", "hash": "5c3bcb1a679c076b0f68ac3b89a3addd261d5d80", "best_bid": "0", "best_ask": "0.85"}, {"asset_id": "63233769642798353880862491463624056549555468632412539687403277969546363593618", "price": "0.15", "size": "5.47", "side": "BUY", "hash": "48d98fcb6ab3348d4f634f3aea7c9e89a726a948", "best_bid": "0.15", "best_ask": "1"}], "timestamp": "1769384494081", "event_type": "price_change"}}
{"_local_timestamp": "2026-01-25T23:41:34.153556+00:00", "data": {"market": "0x8243ff3762bcd3bb8b1d15e665cdcc35716ff318f96fb4631bb46b9eddf8c86a", "price_changes": [{"asset_id": "84909880410540638760851349939756323384280160356000595880681494003468739085587", "price": "0.1", "size": "13.67", "side": "SELL", "hash": "3fed74ef32c876a447e27f9a40e215f5aa7d3729", "best_bid": "0", "best_ask": "0.1"}, {"asset_id": "80154436186274737074522997979313743066759452931198098959504359914163403000674", "price": "0.9", "size": "13.67", "side": "BUY", "hash": "1be306339f47cf2efddecefc07838ee8569a9d17", "best_bid": "0.9", "best_ask": "1"}], "timestamp": "1769384494082", "event_type": "price_change"}}
{"_local_timestamp": "2026-01-25T23:41:34.287964+00:00", "data": {"market": "0xee51dab3cac9f613ef4adde6f4d31c54d0768434f906a8830bcb29a6aa80fd62", "price_changes": [{"asset_id": "43525410081347620429019438629612271308506021187417584292466825241377512975930", "price": "0.86", "size": "0", "side": "SELL", "hash": "7feda7df89edc1848fcd68dd16071039d466e1bf", "best_bid": "0", "best_ask": "0.85"}, {"asset_id": "63233769642798353880862491463624056549555468632412539687403277969546363593618", "price": "0.14", "size": "0", "side": "BUY", "hash": "e957cb37eb85441fcb3e8b33c13be791b8961aa1", "best_bid": "0.15", "best_ask": "1"}], "timestamp": "1769384494209", "event_type": "price_change"}}
{"_local_timestamp": "2026-01-25T23:41:34.289995+00:00", "data": {"market": "0xaac4a763d1b76646ed69ff0d6a49b09a701799d9fcc6ddf96275ddc1f0b41e7b", "price_changes": [{"asset_id": "2861305146776921171242951029031737179185749195848905136077267186430964686700", "price": "0.8", "size": "0", "side": "SELL", "hash": "28f18a774a62ed0919890eb66f1eaa269af5d100", "best_bid": "0", "best_ask": "0.79"}, {"asset_id": "36440283020173761096990686108430143240313572746247081572057361599072536650982", "price": "0.2", "size": "0", "side": "BUY", "hash": "9a68c0c7704f0059eb33bc82dc52a7beb12fc402", "best_bid": "0.21", "best_ask": "1"}], "timestamp": "1769384494209", "event_type": "price_change"}}
{"_local_timestamp": "2026-01-25T23:41:34.291430+00:00", "data": {"market": "0x8243ff3762bcd3bb8b1d15e665cdcc35716ff318f96fb4631bb46b9eddf8c86a", "price_changes": [{"asset_id": "84909880410540638760851349939756323384280160356000595880681494003468739085587", "price": "0.1", "size": "5.47", "side": "SELL", "hash": "4a1d0ba4c01b5a4a3336484f9f3ba28909c88ea9", "best_bid": "0", "best_ask": "0.1"}, {"asset_id": "80154436186274737074522997979313743066759452931198098959504359914163403000674", "price": "0.9", "size": "5.47", "side": "BUY", "hash": "ea90cd4900daef3cca0741b434173c149679e8bb", "best_bid": "0.9", "best_ask": "1"}], "timestamp": "1769384494209", "event_type": "price_change"}}
{"_local_timestamp": "2026-01-25T23:41:34.565895+00:00", "data": {"market": "0xaac4a763d1b76646ed69ff0d6a49b09a701799d9fcc6ddf96275ddc1f0b41e7b", "price_changes": [{"asset_id": "2861305146776921171242951029031737179185749195848905136077267186430964686700", "price": "0.78", "size": "8.2", "side": "SELL", "hash": "a6de307ec2af10b84ac56e3968108b3ee15b6242", "best_bid": "0", "best_ask": "0.78"}, {"asset_id": "36440283020173761096990686108430143240313572746247081572057361599072536650982", "price": "0.22", "size": "8.2", "side": "BUY", "hash": "bf686de80db3617e4b12341a3ee715d3e2c8d01b", "best_bid": "0.22", "best_ask": "1"}], "timestamp": "1769384494494", "event_type": "price_change"}}
{"_local_timestamp": "2026-01-25T23:41:34.570026+00:00", "data": {"market": "0xee51dab3cac9f613ef4adde6f4d31c54d0768434f906a8830bcb29a6aa80fd62", "price_changes": [{"asset_id": "43525410081347620429019438629612271308506021187417584292466825241377512975930", "price": "0.84", "size": "8.2", "side": "SELL", "hash": "55869bb7c76e365d03caee6619868bc40e80f9a0", "best_bid": "0", "best_ask": "0.84"}, {"asset_id": "63233769642798353880862491463624056549555468632412539687403277969546363593618", "price": "0.16", "size": "8.2", "side": "BUY", "hash": "ee5c429532a13d7b235f5f74a6eacf9d40a23f32", "best_bid": "0.16", "best_ask": "1"}], "timestamp": "1769384494494", "event_type": "price_change"}}
{"_local_timestamp": "2026-01-25T23:41:34.571924+00:00", "data": {"market": "0x8243ff3762bcd3bb8b1d15e665cdcc35716ff318f96fb4631bb46b9eddf8c86a", "price_changes": [{"asset_id": "84909880410540638760851349939756323384280160356000595880681494003468739085587", "price": "0.09", "size": "8.2", "side": "SELL", "hash": "1994c0e9691eea51ed6a07609b5a2927c2ee5d17", "best_bid": "0", "best_ask": "0.09"}, {"asset_id": "80154436186274737074522997979313743066759452931198098959504359914163403000674", "price": "0.91", "size": "8.2", "side": "BUY", "hash": "95dad2faf6b58496b0469d5e3db248fddd551768", "best_bid": "0.91", "best_ask": "1"}], "timestamp": "1769384494494", "event_type": "price_change"}}
