{"_local_timestamp": "2026-01-25T23:41:27.804051+00:00", "data": [{"market": "0xb9681218e16c019f4cc612167970ba24438c64f20df6e5020f6a44a2c75c698f", "asset_id": "61099445039638135361000071995635951029745253929476563541082430891206983247809", "timestamp": "1769384409407", "hash": "655ee0d3ebd16b1e0484acc5a4dff97306d7601a", "bids": [{"price": "0.01", "size": "50"}, {"price": "0.02", "size": "5.47"}], "asks": [{"price": "0.99", "size": "50"}], "event_type": "book", "last_trade_price": ""}, {"market": "0xb29c69b2100100dfe241ef02b2005a48589ddf4b5246c5022466c8ee2ebabaf1", "asset_id": "13383926095531875731749680182075900900682447594289973271305421454908560828475", "timestamp": "1769384409405", "hash": "4aeed2b823e4bf18397b3d5da62938abec101964", "bids": [{"price": "0.01", "size": "50"}], "asks": [{"price": "0.99", "size": "50"}, {"price": "0.98", "size": "5.47"}], "event_type": "book", "last_trade_price": ""}, {"market": "0x841cd7b9a481362ff9e0e0d3d16e0107013fa7627f4cfbb6ba29c54bc8c3d7b4", "asset_id": "84850366898242681461793436322589872837398933683604849591629005539314899170338", "timestamp": "1769384409408", "hash": "9cdfcbda13eacb6dd249e15806a927f610ef43a6", "bids": [{"price": "0.01", "size": "50"}], "asks": [{"price": "0.99", "size": "50"}, {"price": "0.98", "size": "5.47"}], "event_type": "book", "last_trade_price": ""}, {"market": "0x43c6feb0264eabf92234ed75a0f6917035989a6f38b0721e6367babae2da0404", "asset_id": "32072156762288120252761403989307056052551385371840566618902393251766321043060", "timestamp": "1769384409405", "hash": "7d52eb1d34807001f8663eb7674a9afe41ba1fc6", "bids": [{"price": "0.01", "size": "50"}], "asks": [{"price": "0.99", "size": "50"}, {"price": "0.98", "size": "5.47"}], "event_type": "book", "last_trade_price": ""}, {"market": "0x8fcd7d31cb565d826aa2a6b7e83442074a6fef2e1c7b90fab4892e397b6625fe", "asset_id": "89166112354838645292291323317319572448469587703419594341461903420813933767981", "timestamp": "1769384409406", "hash": "67e866e664d1fbc3bb9b0be98171b6ab06d54a56", "bids": [{"price": "0.01", "size": "50"}], "asks": [{"price": "0.99", "size": "50"}, {"price": "0.98", "size": "5.47"}], "event_type": "book", "last_trade_price": ""}, {"market": "0x89d7874547cd3c6e81d2fef3130e7ff2862c912f649c893caca9b7b466e896bf", "asset_id": "94019245602254916621529792327092567703638454741011464227451700435399826131158", "timestamp": "1769384409405", "hash": "40acbdd2d9db2dfa89f66892e386331343831b0e", "bids": [{"price": "0.01", "size": "50"}], "asks": [{"price": "0.99", "size": "50"}, {"price": "0.98", "size": "5.47"}], "event_type": "book", "last_trade_price": ""}, {"market": "0x841cd7b9a481362ff9e0e0d3d16e0107013fa7627f4cfbb6ba29c54bc8c3d7b4", "asset_id": "114520395108463702234865395053933913777075382162510130898505310167922363513107", "timestamp": "1769384409408", "hash": "f666a8c4344e6b448ff60003162803192917ce22", "bids": [{"price": "0.01", "size": "50"}, {"price": "0.02", "size": "5.47"}], "asks": [{"price": "0.99", "size": "50"}], "event_type": "book", "last_trade_price": ""}, {"market": "0x051250d8ac0233ed1d10906956d5b16b041c3c6e208aaef53e9bce1d70cd49b0", "asset_id": "76897092042517615819020798139681155591803482965732813871042869824160250235503", "timestamp": "1769384409405", "hash": "f48cd9aaf39844c0b5170d516f473a80802df715", "bids": [{"price": "0.01", "size": "50"}, {"price": "0.02", "size": "5.47"}], "asks": [{"price": "0.99", "size": "50"}], "event_type": "book", "last_trade_price": ""}, {"market": "0x06679e02a13d10b437767771248428d3f1c745a7e933b3e7153439ef4130f65a", "asset_id": "56040248068064179168521210508673180334493874997400658919316193444171632678674", "timestamp": "1769384409406", "hash": "0df764fbc8fd5f5c7ce3701242100d29ba192cca", "bids": [{"price": "0.01", "size": "50"}, {"price": "0.02", "size": "5.47"}, {"price": "0.1", "size": "10"}], "asks": [{"price": "0.99", "size": "50"}, {"price": "0.9", "size": "10"}], "event_type": "book", "last_trade_price": ""}, {"market": "0x89d7874547cd3c6e81d2fef3130e7ff2862c912f649c893caca9b7b466e896bf", "asset_id": "12812881923559835735323974480926135997656994772176085224239849530085708313023", "timestamp": "1769384409405", "hash": "7b05b6169cd19ab13c4f66d2fa53b3552a324bfe", "bids": [{"price": "0.01", "size": "50"}, {"price": "0.02", "size": "5.47"}], "asks": [{"price": "0.99", "size": "50"}], "event_type": "book", "last_trade_price": ""}, {"market": "0xb9681218e16c019f4cc612167970ba24438c64f20df6e5020f6a44a2c75c698f", "asset_id": "6817093758823283606890824665853019803265251409661219017880824889167086009195", "timestamp": "1769384409407", "hash": "fa22711cc1304309bd7cc0bf0c3225b9c9a17aad", "bids": [{"price": "0.01", "size": "50"}], "asks": [{"price": "0.99", "size": "50"}, {"price": "0.98", "size": "5.47"}], "event_type": "book", "last_trade_price": ""}, {"market": "0xb29c69b2100100dfe241ef02b2005a48589ddf4b5246c5022466c8ee2ebabaf1", "asset_id": "101428917233987256360511249667620252991043613556743315469731867497014981827378", "timestamp": "1769384409405", "hash": "f6d05374115f52d04bca553d27e0f41a6b718f29", "bids": [{"price": "0.01", "size": "50"}, {"price": "0.02", "size": "5.47"}], "asks": [{"price": "0.99", "size": "50"}], "event_type": "book", "last_trade_price": ""}, {"market": "0x4a0d13a6a07a53e6f4efc1412f18e442108d075fafc220183c12105f41aeeba7", "asset_id": "17287002460897734727205586625306991207347343188402062171957698029200294864823", "timestamp": "1769384409405", "hash": "a74e176f9df52b535d658453b1e97f9a8902efa8", "bids": [{"price": "0.01", "size": "50"}, {"price": "0.02", "size": "5.47"}], "asks": [{"price": "0.99", "size": "50"}], "event_type": "book", "last_trade_price": ""}, {"market": "0x8fcd7d31cb565d826aa2a6b7e83442074a6fef2e1c7b90fab4892e397b6625fe", "asset_id": "34090899007403284130778976917730984949277893390717880038103257503537686091939", "timestamp": "1769384409406", "hash": "be0e737574dc2c5c1478d13481fe1e9c54a4dee6", "bids": [{"price": "0.01", "size": "50"}, {"price": "0.02", "size": "5.47"}], "asks": [{"price": "0.99", "size": "50"}], "event_type": "book", "last_trade_price": ""}, {"market": "0x4a0d13a6a07a53e6f4efc1412f18e442108d075fafc220183c12105f41aeeba7", "asset_id": "15577370494686150130906151073399736940866584414591090733502031799908089037178", "timestamp": "1769384409405", "hash": "f05065756b9d910601ce974f2c169625da4b851e", "bids": [{"price": "0.01", "size": "50"}], "asks": [{"price": "0.99", "size": "50"}, {"price": "0.98", "size": "5.47"}], "event_type": "book", "last_trade_price": ""}, {"market": "0x06679e02a13d10b437767771248428d3f1c745a7e933b3e7153439ef4130f65a", "asset_id": "1903525654952727974545437218880930429677512416387741271007720386070853935394", "timestamp": "1769384409406", "hash": "7db8e503c2e122fd49770d3d3826c760d063eb7d", "bids": [{"price": "0.01", "size": "50"}, {"price": "0.1", "size": "10"}], "asks": [{"price": "0.99", "size": "50"}, {"price": "0.98", "size": "5.47"}, {"price": "0.9", "size": "10"}], "event_type": "book", "last_trade_price": ""}, {"market": "0x43c6feb0264eabf92234ed75a0f6917035989a6f38b0721e6367babae2da0404", "asset_id": "115706340738223600273443394648983466225451637410140459302721098966933621304245", "timestamp": "1769384409405", "hash": "41d69d4a720054791061511d625b200e93fe1777", "bids": [{"price": "0.01", "size": "50"}, {"price": "0.02", "size": "5.47"}], "asks": [{"price": "0.99", "size": "50"}], "event_type": "book", "last_trade_price": ""}, {"market": "0x051250d8ac0233ed1d10906956d5b16b041c3c6e208aaef53e9bce1d70cd49b0", "asset_id": "4534346392952982933881135925522056759295758780237396082673500621285074163603", "timestamp": "1769384409405", "hash": "bc06123288e49c809a343c8535e3234656068f9c", "bids": [{"price": "0.01", "size": "50"}], "asks": [{"price": "0.99", "size": "50"}, {"price": "0.98", "size": "5.47"}], "event_type": "book", "last_trade_price": ""}]}
