{"_local_timestamp": "2026-01-25T23:34:18.270316+00:00", "data": [{"market": "0x49f0e8a6c941f9aa0b0d5889a157544d85a00b3ff2e9292e2938c31d80487ed6", "asset_id": "43854490511564515335249465264448649528089450495700797983793807663276383037106", "timestamp": "1769382042080", "hash": "eb086ce50f14b0ab84462e81cab230cd1bb5364a", "bids": [{"price": "0.01", "size": "14.22"}], "asks": [{"price": "0.99", "size": "19.71"}, {"price": "0.98", "size": "5.47"}], "event_type": "book", "last_trade_price": ""}, {"market": "0xb7cc1a9a01bfbedba75ddb08b2824621ab57ff9862b24864ecb493c18048f13c", "asset_id": "5721767271353295626712188991056530340776842962684975760564731143528553653266", "timestamp": "1769381899909", "hash": "5f82dcfdd59dfd296554efd6b43fea4483529c69", "bids": [{"price": "0.01", "size": "19.71"}, {"price": "0.02", "size": "5.47"}], "asks": [{"price": "0.99", "size": "14.3"}], "event_type": "book", "last_trade_price": ""}, {"market": "0xb7cc1a9a01bfbedba75ddb08b2824621ab57ff9862b24864ecb493c18048f13c", "asset_id": "25923364786775681987287355797752074729881574141054758388793735158230306689580", "timestamp": "1769381899909", "hash": "3220f608df436d703f009dde6d22e31be7463a8c", "bids": [{"price": "0.01", "size": "14.3"}], "asks": [{"price": "0.99", "size": "19.71"}, {"price": "0.98", "size": "5.47"}], "event_type": "book", "last_trade_price": ""}, {"market": "0x7927f171aafec9b2a186401d100ecf4f3fdd7f0c2d061f8d10d2b30eb7039f2a", "asset_id": "50912496103510784942611909737055007165620902207239724414478814149891939507440", "timestamp": "1769381959983", "hash": "7da3fbd061a94cc76d91f65e03a4b70fa473f6c9", "bids": [{"price": "0.01", "size": "14.3"}], "asks": [{"price": "0.99", "size": "19.71"}, {"price": "0.98", "size": "5.47"}], "event_type": "book", "last_trade_price": ""}, {"market": "0xbc348c52a833e7ef41e82c6a2063f9737e24f5779133a7ad75b48f48581e2846", "asset_id": "85920178331270322152699536097424082581882556913889664436642333701893364080116", "timestamp": "1769381974628", "hash": "8cc1d850da97d9a1319235a33c3af2ac950c6f7d", "bids": [{"price": "0.01", "size": "14.3"}], "asks": [{"price": "0.99", "size": "19.71"}, {"price": "0.98", "size": "5.47"}], "event_type": "book", "last_trade_price": ""}, {"market": "0x7927f171aafec9b2a186401d100ecf4f3fdd7f0c2d061f8d10d2b30eb7039f2a", "asset_id": "70079758821762619761870421320851229520713517421399685478312758834001931980032", "timestamp": "1769381959983", "hash": "8f3b46eee1fa496ea81e42778f024e30e8ace4e2", "bids": [{"price": "0.01", "size": "19.71"}, {"price": "0.02", "size": "5.47"}], "asks": [{"price": "0.99", "size": "14.3"}], "event_type": "book", "last_trade_price": ""}, {"market": "0x49f0e8a6c941f9aa0b0d5889a157544d85a00b3ff2e9292e2938c31d80487ed6", "asset_id": "111609164310012389149135732337266191231075768531479866237028432325933336538201", "timestamp": "1769382042080", "hash": "066058372b4f73dc12e929e57d80ab6c295dd186", "bids": [{"price": "0.01", "size": "19.71"}, {"price": "0.02", "size": "5.47"}], "asks": [{"price": "0.99", "size": "14.22"}], "event_type": "book", "last_trade_price": ""}, {"market": "0xb5f568243876ed497322a77f19499e249b3388838ca6e5744e9a2399e75c5016", "asset_id": "53312057675934357821715959372271428333531486614039466772946945139577044177081", "timestamp": "1769381962620", "hash": "e98e15cb40cfd3ec5c532892ad9add4042428ab2", "bids": [{"price": "0.01", "size": "14.3"}], "asks": [{"price": "0.99", "size": "19.71"}, {"price": "0.98", "size": "5.47"}], "event_type": "book", "last_trade_price": ""}, {"market": "0xb5f568243876ed497322a77f19499e249b3388838ca6e5744e9a2399e75c5016", "asset_id": "112758926516676141612754777476150263496459833030329325288822529239189504045044", "timestamp": "1769381962620", "hash": "cfc022d31c65fe59e11d16aaa7f837e2e509cda1", "bids": [{"price": "0.01", "size": "19.71"}, {"price": "0.02", "size": "5.47"}], "asks": [{"price": "0.99", "size": "14.3"}], "event_type": "book", "last_trade_price": ""}, {"market": "0x92934eb00752623d0353c7dfea6706591fb86ce359ae15e00f9bfd0c28115a59", "asset_id": "81919273455246791304699734234321020630603128951327869995543982200983742327194", "timestamp": "1769381844563", "hash": "fa308fae54aa78d2e39c2019975926ceb635fd8c", "bids": [{"price": "0.01", "size": "19.71"}, {"price": "0.02", "size": "5.47"}], "asks": [{"price": "0.99", "size": "14.3"}], "event_type": "book", "last_trade_price": ""}, {"market": "0xc21eb370bae079115699d429018edde5a8ce2a4d6684f8d2280f2a75f5e8e58f", "asset_id": "14904804488826306164245031350176171820011471734292499844024320875584663928321", "timestamp": "1769381870844", "hash": "fee582fa9926ce2881e115d8d882757eb0ac7caf", "bids": [{"price": "0.01", "size": "14.3"}], "asks": [{"price": "0.99", "size": "19.71"}, {"price": "0.98", "size": "5.47"}], "event_type": "book", "last_trade_price": ""}, {"market": "0xbc348c52a833e7ef41e82c6a2063f9737e24f5779133a7ad75b48f48581e2846", "asset_id": "35092358601170680559639312573520920804737555880684723431412954916559833066853", "timestamp": "1769381974628", "hash": "4b6967b6a803ac1592dc64271c8a36e81bda8b3f", "bids": [{"price": "0.01", "size": "19.71"}, {"price": "0.02", "size": "5.47"}], "asks": [{"price": "0.99", "size": "14.3"}], "event_type": "book", "last_trade_price": ""}, {"market": "0x4f4db2670ebdf6301ced07c544fd16a9c8fe364e0ccf7cfebd38704792b3e61e", "asset_id": "37788139729309324227218013013755105904480885495843584634678287516172245666866", "timestamp": "1769382009125", "hash": "8a74ab2b9e7187f58285fd490bf7b598ba286c9f", "bids": [{"price": "0.01", "size": "14.3"}], "asks": [{"price": "0.99", "size": "19.71"}, {"price": "0.98", "size": "5.47"}], "event_type": "book", "last_trade_price": ""}, {"market": "0x92934eb00752623d0353c7dfea6706591fb86ce359ae15e00f9bfd0c28115a59", "asset_id": "2555741437716439493754650631809778507648034071567513375770408940687382040331", "timestamp": "1769381844563", "hash": "5ee233f5ce0837c8e4d441c4385af4fde94dfe5a", "bids": [{"price": "0.01", "size": "14.3"}], "asks": [{"price": "0.99", "size": "19.71"}, {"price": "0.98", "size": "5.47"}], "event_type": "book", "last_trade_price": ""}, {"market": "0x2a1a006df704ea24d1e96e3b8586a06e87c9e9074f176c12b242c01daf5ad934", "asset_id": "105757864008722965272990236194313518620062739435578413926694098093904665198891", "timestamp": "1769381980080", "hash": "b87ecab7bf2e6b1eda573f386b194bbf8147192a", "bids": [{"price": "0.01", "size": "19.66"}, {"price": "0.02", "size": "5.47"}], "asks": [{"price": "0.99", "size": "14.3"}], "event_type": "book", "last_trade_price": ""}, {"market": "0x2a1a006df704ea24d1e96e3b8586a06e87c9e9074f176c12b242c01daf5ad934", "asset_id": "55802062115156428902176258974827104781390837808424693499595152637236597069017", "timestamp": "1769381980080", "hash": "bb51b5c838054cd55dc1c7ffef8bba22a86ae705", "bids": [{"price": "0.01", "size": "14.3"}], "asks": [{"price": "0.99", "size": "19.66"}, {"price": "0.98", "size": "5.47"}], "event_type": "book", "last_trade_price": ""}, {"market": "0x4f4db2670ebdf6301ced07c544fd16a9c8fe364e0ccf7cfebd38704792b3e61e", "asset_id": "14926043716989247565650203577565787400428250493086054917182340802726154897488", "timestamp": "1769382009125", "hash": "7e053289eda53ee4b398435cccc7d4e2e3ae7978", "bids": [{"price": "0.01", "size": "19.71"}, {"price": "0.02", "size": "5.47"}], "asks": [{"price": "0.99", "size": "14.3"}], "event_type": "book", "last_trade_price": ""}, {"market": "0xc21eb370bae079115699d429018edde5a8ce2a4d6684f8d2280f2a75f5e8e58f", "asset_id": "77510667467358283209870692349663235017987496202588545507575095232507100428323", "timestamp": "1769381870844", "hash": "95d376bf80263bebe9b6d40b61c0880bdae12b8d", "bids": [{"price": "0.01", "size": "19.71"}, {"price": "0.02", "size": "5.47"}], "asks": [{"price": "0.99", "size": "14.3"}], "event_type": "book", "last_trade_price": ""}]}
