{"_local_timestamp": "2026-01-25T23:34:19.791829+00:00", "data": [{"market": "0xc33520b8387bc2a129fcaec53006563386084e17ef43cea9824037e05d375609", "asset_id": "2621382290123481396373492494020332967195582455868928518804195047605986757722", "timestamp": "1769383600518", "hash": "722a5766a4f16778bb24e85111eefd46b088f6f8", "bids": [{"price": "0.01", "size": "70.64"}, {"price": "0.02", "size": "19.16"}], "asks": [{"price": "0.99", "size": "70.64"}, {"price": "0.98", "size": "24.63"}], "event_type": "book", "last_trade_price": ""}, {"market": "0xaac4a763d1b76646ed69ff0d6a49b09a701799d9fcc6ddf96275ddc1f0b41e7b", "asset_id": "2861305146776921171242951029031737179185749195848905136077267186430964686700", "timestamp": "1769383601331", "hash": "4bce020f8acb766eb9101a6303ab90cad4a0eaa0", "bids": [{"price": "0.01", "size": "70.64"}, {"price": "0.02", "size": "24.63"}], "asks": [{"price": "0.99", "size": "70.64"}, {"price": "0.98", "size": "19.16"}], "event_type": "book", "last_trade_price": ""}, {"market": "0x9c8293577f4543ef93f7aaeb509c558f57206963738afc0005a3c8b657c35c2c", "asset_id": "67835301387931085120131152357622221875363198868454977123292686295357133755559", "timestamp": "1769383594138", "hash": "756bc056588c0b6651f4a8610090e122e494ff52", "bids": [{"price": "0.01", "size": "70.64"}, {"price": "0.02", "size": "24.63"}], "asks": [{"price": "0.99", "size": "70.64"}, {"price": "0.98", "size": "19.16"}], "event_type": "book", "last_trade_price": ""}, {"market": "0xaac4a763d1b76646ed69ff0d6a49b09a701799d9fcc6ddf96275ddc1f0b41e7b", "asset_id": "36440283020173761096990686108430143240313572746247081572057361599072536650982", "timestamp": "1769383601331", "hash": "c21ae988d1508185989116c6331c90f536499999", "bids": [{"price": "0.01", "size": "70.64"}, {"price": "0.02", "size": "19.16"}], "asks": [{"price": "0.99", "size": "70.64"}, {"price": "0.98", "size": "24.63"}], "event_type": "book", "last_trade_price": ""}, {"market": "0xc3dd4c54259748bd6c2e56e94d934532f175b75a62d1fb123bc72864c35c9730", "asset_id": "27389633440629820237562052149714649048234868895442626956737031241849873740466", "timestamp": "1769383591269", "hash": "84a3fdf1473dbec7f4c215ec72a18a005d74d187", "bids": [{"price": "0.01", "size": "70.64"}, {"price": "0.02", "size": "19.16"}], "asks": [{"price": "0.99", "size": "70.64"}, {"price": "0.98", "size": "24.63"}], "event_type": "book", "last_trade_price": ""}, {"market": "0xc33520b8387bc2a129fcaec53006563386084e17ef43cea9824037e05d375609", "asset_id": "88107263401951392791865049914930056809888874143168323721673810521359076570528", "timestamp": "1769383600518", "hash": "2251afc85d9216dbd2b61947a4daba8e1101d6e9", "bids": [{"price": "0.01", "size": "70.64"}, {"price": "0.02", "size": "24.63"}], "asks": [{"price": "0.99", "size": "70.64"}, {"price": "0.98", "size": "19.16"}], "event_type": "book", "last_trade_price": ""}, {"market": "0xee51dab3cac9f613ef4adde6f4d31c54d0768434f906a8830bcb29a6aa80fd62", "asset_id": "63233769642798353880862491463624056549555468632412539687403277969546363593618", "timestamp": "1769383601331", "hash": "d1987b34670e4727a1ffde359d93059fb6a0d3ca", "bids": [{"price": "0.01", "size": "70.64"}, {"price": "0.02", "size": "19.16"}], "asks": [{"price": "0.99", "size": "70.64"}, {"price": "0.98", "size": "24.63"}], "event_type": "book", "last_trade_price": ""}, {"market": "0x7574b1281bb4b70889c1eddb6c792dfaa230fd6568d4fa08ff48a7b7d0da0ecf", "asset_id": "34958021056734425606207493027963264830364280132203939603257911082582091988838", "timestamp": "1769384058000", "hash": "b38c6ce00a754a785b0fe8deb21b5862bbdf45f5", "bids": [{"price": "0.01", "size": "455.17"}, {"price": "0.02", "size": "18.29"}, {"price": "0.05", "size": "1200"}, {"price": "0.08", "size": "500"}, {"price": "0.1", "size": "10"}, {"price": "0.11", "size": "5.29"}, {"price": "0.14", "size": "200"}, {"price": "0.4", "size": "337.5"}, {"price": "0.5", "size": "250"}, {"price": "0.55", "size": "54.54"}], "asks": [{"price": "0.99", "size": "97.36"}, {"price": "0.98", "size": "31.78"}, {"price": "0.91", "size": "17.8"}], "event_type": "book", "last_trade_price": "0.910"}, {"market": "0xcdb617d835aa90a8c6f989e15b0f7db83cad61881f9b7cc376ebddfc02e3fe6f", "asset_id": "17205059258036519763047896274452667362004729364919245534806651698362948920774", "timestamp": "1769383600518", "hash": "7ce57f61acc8c7957c509ae278795ea36df09f33", "bids": [{"price": "0.01", "size": "70.64"}, {"price": "0.02", "size": "24.63"}], "asks": [{"price": "0.99", "size": "70.64"}, {"price": "0.98", "size": "19.16"}], "event_type": "book", "last_trade_price": ""}, {"market": "0x7574b1281bb4b70889c1eddb6c792dfaa230fd6568d4fa08ff48a7b7d0da0ecf", "asset_id": "21925343071659716343842350944923307771324323480583567738204826742567392450228", "timestamp": "1769384058000", "hash": "e9dc606a9849eb79cf5010280f064372dbe702e4", "bids": [{"price": "0.01", "size": "97.36"}, {"price": "0.02", "size": "31.78"}, {"price": "0.09", "size": "17.8"}], "asks": [{"price": "0.99", "size": "455.17"}, {"price": "0.98", "size": "18.29"}, {"price": "0.95", "size": "1200"}, {"price": "0.92", "size": "500"}, {"price": "0.9", "size": "10"}, {"price": "0.89", "size": "5.29"}, {"price": "0.86", "size": "200"}, {"price": "0.6", "size": "337.5"}, {"price": "0.5", "size": "250"}, {"price": "0.45", "size": "54.54"}], "event_type": "book", "last_trade_price": "0.910"}, {"market": "0x8243ff3762bcd3bb8b1d15e665cdcc35716ff318f96fb4631bb46b9eddf8c86a", "asset_id": "80154436186274737074522997979313743066759452931198098959504359914163403000674", "timestamp": "1769383591268", "hash": "9e623d47449dc9536c01cd2c9f92a182ef8bd938", "bids": [{"price": "0.01", "size": "50"}, {"price": "0.02", "size": "19.16"}], "asks": [{"price": "0.99", "size": "70.64"}, {"price": "0.98", "size": "24.63"}], "event_type": "book", "last_trade_price": ""}, {"market": "0xcdb617d835aa90a8c6f989e15b0f7db83cad61881f9b7cc376ebddfc02e3fe6f", "asset_id": "81824081964236123440688084957864924731834402897456136707584091215379279966782", "timestamp": "1769383600518", "hash": "845c439f15a817fd76958b0216dd2f254c11fc05", "bids": [{"price": "0.01", "size": "70.64"}, {"price": "0.02", "size": "19.16"}], "asks": [{"price": "0.99", "size": "70.64"}, {"price": "0.98", "size": "24.63"}], "event_type": "book", "last_trade_price": ""}, {"market": "0x8243ff3762bcd3bb8b1d15e665cdcc35716ff318f96fb4631bb46b9eddf8c86a", "asset_id": "84909880410540638760851349939756323384280160356000595880681494003468739085587", "timestamp": "1769383591268", "hash": "15349782aa9a9592886be479b5af21550bbc8129", "bids": [{"price": "0.01", "size": "70.64"}, {"price": "0.02", "size": "24.63"}], "asks": [{"price": "0.99", "size": "50"}, {"price": "0.98", "size": "19.16"}], "event_type": "book", "last_trade_price": ""}, {"market": "0xcf30250a0e584bea13f277a2a479833decd67d538fc1e8dc926f9c793b2454b4", "asset_id": "97841068365372931999998603307281424944260043023122833947885732788800138095480", "timestamp": "1769383591454", "hash": "f7d2de8a4d279254c7f7e811e7fffebade819459", "bids": [{"price": "0.01", "size": "70.64"}, {"price": "0.02", "size": "19.16"}], "asks": [{"price": "0.99", "size": "70.64"}, {"price": "0.98", "size": "24.63"}], "event_type": "book", "last_trade_price": ""}, {"market": "0xcf30250a0e584bea13f277a2a479833decd67d538fc1e8dc926f9c793b2454b4", "asset_id": "71798061293991410963260986689732621295551480607717504639668717597775598148302", "timestamp": "1769383591454", "hash": "7b571f2d25c9ad69ae2c2c6cc39cc84e352851c2", "bids": [{"price": "0.01", "size": "70.64"}, {"price": "0.02", "size": "24.63"}], "asks": [{"price": "0.99", "size": "70.64"}, {"price": "0.98", "size": "19.16"}], "event_type": "book", "last_trade_price": ""}, {"market": "0x9c8293577f4543ef93f7aaeb509c558f57206963738afc0005a3c8b657c35c2c", "asset_id": "106370297633240418331069674055597687951292185544334737174986495171756252672268", "timestamp": "1769383594138", "hash": "e1cec9ae19ebce376bfba4e369579a767956a037", "bids": [{"price": "0.01", "size": "70.64"}, {"price": "0.02", "size": "19.16"}], "asks": [{"price": "0.99", "size": "70.64"}, {"price": "0.98", "size": "24.63"}], "event_type": "book", "last_trade_price": ""}, {"market": "0xc3dd4c54259748bd6c2e56e94d934532f175b75a62d1fb123bc72864c35c9730", "asset_id": "86714981083437714666168917725933210365838689433918892747380598364153479467398", "timestamp": "1769383591269", "hash": "94276ce38c30f79c7179db4d93c768791457a3df", "bids": [{"price": "0.01", "size": "70.64"}, {"price": "0.02", "size": "24.63"}], "asks": [{"price": "0.99", "size": "70.64"}, {"price": "0.98", "size": "19.16"}], "event_type": "book", "last_trade_price": ""}, {"market": "0xee51dab3cac9f613ef4adde6f4d31c54d0768434f906a8830bcb29a6aa80fd62", "asset_id": "43525410081347620429019438629612271308506021187417584292466825241377512975930", "timestamp": "1769383601331", "hash": "1efb0bb39dc1a25562014667565c839081958cdf", "bids": [{"price": "0.01", "size": "70.64"}, {"price": "0.02", "size": "24.63"}], "asks": [{"price": "0.99", "size": "70.64"}, {"price": "0.98", "size": "19.16"}], "event_type": "book", "last_trade_price": ""}]}
{"_local_timestamp": "2026-01-25T23:34:24.873381+00:00", "data": {"market": "0x7574b1281bb4b70889c1eddb6c792dfaa230fd6568d4fa08ff48a7b7d0da0ecf", "price_changes": [{"asset_id": "34958021056734425606207493027963264830364280132203939603257911082582091988838", "price": "0.41", "size": "487", "side": "BUY", "hash": "ca057a06ba5bef76ae280e4e385d0b7f8e88152c", "best_bid": "0.55", "best_ask": "0.91"}, {"asset_id": "21925343071659716343842350944923307771324323480583567738204826742567392450228", "price": "0.59", "size": "487", "side": "SELL", "hash": "28916bd9258975c1ed3bfeb4989a6ed2de117e30", "best_bid": "0.09", "best_ask": "0.45"}], "timestamp": "1769384064802", "event_type": "price_change"}}
{"_local_timestamp": "2026-01-25T23:34:31.142625+00:00", "data": {"market": "0x7574b1281bb4b70889c1eddb6c792dfaa230fd6568d4fa08ff48a7b7d0da0ecf", "price_changes": [{"asset_id": "34958021056734425606207493027963264830364280132203939603257911082582091988838", "price": "0.41", "size": "0", "side": "BUY", "hash": "13428d8c825c2672168b67c5771a25496fffcfe3", "best_bid": "0.55", "best_ask": "0.91"}, {"asset_id": "21925343071659716343842350944923307771324323480583567738204826742567392450228", "price": "0.59", "size": "0", "side": "SELL", "hash": "9e90fcb5f15e44a65ec4a554f3c9b0e9a5bcef5d", "best_bid": "0.09", "best_ask": "0.45"}], "timestamp": "1769384071001", "event_type": "price_change"}}
{"_local_timestamp": "2026-01-25T23:34:38.010952+00:00", "data": {"market": "0x7574b1281bb4b70889c1eddb6c792dfaa230fd6568d4fa08ff48a7b7d0da0ecf", "price_changes": [{"asset_id": "34958021056734425606207493027963264830364280132203939603257911082582091988838", "price": "0.41", "size": "487", "side": "BUY", "hash": "d2f3c7231b103e4a4316e33941b4c14efca7e095", "best_bid": "0.55", "best_ask": "0.91"}, {"asset_id": "21925343071659716343842350944923307771324323480583567738204826742567392450228", "price": "0.59", "size": "487", "side": "SELL", "hash": "9cae1748960e11c193b69c8eb1751f2931d4e271", "best_bid": "0.09", "best_ask": "0.45"}], "timestamp": "1769384077926", "event_type": "price_change"}}
{"_local_timestamp": "2026-01-25T23:34:44.095456+00:00", "data": {"market": "0x7574b1281bb4b70889c1eddb6c792dfaa230fd6568d4fa08ff48a7b7d0da0ecf", "price_changes": [{"asset_id": "34958021056734425606207493027963264830364280132203939603257911082582091988838", "price": "0.41", "size": "0", "side": "BUY", "hash": "32a0a43ebdc301c383d893c0c7c906b600eb23b3", "best_bid": "0.55", "best_ask": "0.91"}, {"asset_id": "21925343071659716343842350944923307771324323480583567738204826742567392450228", "price": "0.59", "size": "0", "side": "SELL", "hash": "ed85092befe0a1740a7e5cd09917944fa72095e7", "best_bid": "0.09", "best_ask": "0.45"}], "timestamp": "1769384084004", "event_type": "price_change"}}
{"_local_timestamp": "2026-01-25T23:34:50.816940+00:00", "data": {"market": "0x7574b1281bb4b70889c1eddb6c792dfaa230fd6568d4fa08ff48a7b7d0da0ecf", "price_changes": [{"asset_id": "34958021056734425606207493027963264830364280132203939603257911082582091988838", "price": "0.41", "size": "487", "side": "BUY", "hash": "2a584a174fbbd0eae065cdd5434d296d542fed3b", "best_bid": "0.55", "best_ask": "0.91"}, {"asset_id": "21925343071659716343842350944923307771324323480583567738204826742567392450228", "price": "0.59", "size": "487", "side": "SELL", "hash": "36a72e0fad052222000909cb804c4b21015d4cb6", "best_bid": "0.09", "best_ask": "0.45"}], "timestamp": "1769384090748", "event_type": "price_change"}}
{"_local_timestamp": "2026-01-25T23:34:57.074022+00:00", "data": {"market": "0x7574b1281bb4b70889c1eddb6c792dfaa230fd6568d4fa08ff48a7b7d0da0ecf", "price_changes": [{"asset_id": "34958021056734425606207493027963264830364280132203939603257911082582091988838", "price": "0.41", "size": "0", "side": "BUY", "hash": "187798569694bda1021a22fc517cff9ea4d77e50", "best_bid": "0.55", "best_ask": "0.91"}, {"asset_id": "21925343071659716343842350944923307771324323480583567738204826742567392450228", "price": "0.59", "size": "0", "side": "SELL", "hash": "f25ea30dd83a7f04ebe7e1cea099cb2d793309d9", "best_bid": "0.09", "best_ask": "0.45"}], "timestamp": "1769384097001", "event_type": "price_change"}}
