{"_local_timestamp": "2026-01-25T23:34:27.176419+00:00", "data": [{"market": "0xbb3aa977f701afca0fe24c8d4f0a2c343c9e4deb466032c222dbd589d0080942", "asset_id": "23169907422357702561211497107879158575764413778620624471083673384197551643555", "timestamp": "1769381553459", "hash": "7316ae8bb05deaf32d5b10e5640a7e13a15bc7c1", "bids": [{"price": "0.01", "size": "55.02"}, {"price": "0.02", "size": "47.48"}, {"price": "0.03", "size": "16.66"}, {"price": "0.68", "size": "400"}, {"price": "0.7", "size": "500"}], "asks": [{"price": "0.99", "size": "50"}, {"price": "0.98", "size": "12.7"}, {"price": "0.95", "size": "100"}, {"price": "0.94", "size": "12.43"}, {"price": "0.75", "size": "400"}], "event_type": "book", "last_trade_price": ""}, {"market": "0x22ac9d04765f12b192e67134ea88f18c387afccfaa00f35d3b8ab1583b4c808f", "asset_id": "13308926248882841111528458599283176176464088809403628100931797294927967564557", "timestamp": "1769383769018", "hash": "89ce4396c22a42e5fc34a981021e3160db22f1e1", "bids": [{"price": "0.01", "size": "99.99"}, {"price": "0.02", "size": "25"}], "asks": [{"price": "0.99", "size": "95.81"}, {"price": "0.98", "size": "32.56"}], "event_type": "book", "last_trade_price": ""}, {"market": "0xe4de17f82a8f2252aa7964e4b36948a014b53aae24a842835966fbb7a15304ac", "asset_id": "85443761716333394197329494438033723575197325375652605968857672589456792041968", "timestamp": "1769381541848", "hash": "b8e8c030131b175523c3c01c484a705bb528b1da", "bids": [{"price": "0.01", "size": "100"}, {"price": "0.02", "size": "30.47"}], "asks": [{"price": "0.99", "size": "101.24"}, {"price": "0.98", "size": "24.37"}], "event_type": "book", "last_trade_price": ""}, {"market": "0xb1a8f82b0ab50f642043e879adbd4b0bbdb0821ea102a50722f0817af4a34dd4", "asset_id": "27709032488183903661338047083210511818260121670883693906960719655279766690545", "timestamp": "1769381574239", "hash": "4c954c9da890dbf6c5e00c9d32d2425d363ca5e0", "bids": [{"price": "0.01", "size": "100"}, {"price": "0.02", "size": "30.47"}], "asks": [{"price": "0.99", "size": "99.99"}, {"price": "0.98", "size": "25"}], "event_type": "book", "last_trade_price": ""}, {"market": "0xe5569ba6ad05407b6720fd45f9863258af2911528b4c90e2abc40d9d528f1c36", "asset_id": "68001831763855621460330789764501533053993023412364472574809100573136766899933", "timestamp": "1769381542675", "hash": "d448a7839c1537251e84f580ed90bfcb33dc4dac", "bids": [{"price": "0.01", "size": "100"}, {"price": "0.02", "size": "30.47"}], "asks": [{"price": "0.99", "size": "101.24"}, {"price": "0.98", "size": "24.37"}], "event_type": "book", "last_trade_price": ""}, {"market": "0x90553c05b95e2584b0fac0513e13ebefc334ea2e6d3d6b88cd915a71a1a930a8", "asset_id": "63690986243935333133863131631606178798067222421469098764865212381252351403062", "timestamp": "1769382814638", "hash": "955fceaae31c888b7a882921d6bf200df2b16666", "bids": [{"price": "0.01", "size": "50"}, {"price": "0.02", "size": "48.5"}, {"price": "0.03", "size": "17.66"}, {"price": "0.4", "size": "264"}], "asks": [{"price": "0.99", "size": "55.17"}, {"price": "0.98", "size": "9.15"}, {"price": "0.95", "size": "100"}, {"price": "0.94", "size": "12.75"}, {"price": "0.45", "size": "300"}, {"price": "0.43", "size": "500"}], "event_type": "book", "last_trade_price": "0.400"}, {"market": "0xf1beb9868d2d6a172c6776890c8f23c5ce02e07c8e35484db5155f6ea7305019", "asset_id": "26516168570313974881721211984084029363144015732669310084438918809168381689527", "timestamp": "1769381542674", "hash": "b90ee7fe2f4e8e32390e41ae25bb64c6c4fd39de", "bids": [{"price": "0.01", "size": "101.24"}, {"price": "0.02", "size": "24.37"}], "asks": [{"price": "0.99", "size": "100"}, {"price": "0.98", "size": "30.47"}], "event_type": "book", "last_trade_price": ""}, {"market": "0x499abdca5a73e6fbf58310d20695bf5fb9be57d031197bc41817f4ec71192b95", "asset_id": "28790355185123135939683698826306435951105552238567000021409054941005797381348", "timestamp": "1769381538149", "hash": "25b425de5756d4d7bddd0a249ae160a1ae940646", "bids": [{"price": "0.01", "size": "101.24"}, {"price": "0.02", "size": "24.37"}], "asks": [{"price": "0.99", "size": "76.9"}, {"price": "0.98", "size": "37.79"}, {"price": "0.97", "size": "21.3"}], "event_type": "book", "last_trade_price": ""}, {"market": "0x4e6dbc547a8b4f65b276df6826ba6425774cd643d012320f733faaa58dfe60fd", "asset_id": "85082912227132030439085834968355078433427450131552174424920805316541172610490", "timestamp": "1769383786075", "hash": "c9a9e99bcf9229ddfe7167b0aa55f0df088124e0", "bids": [{"price": "0.01", "size": "669.58"}, {"price": "0.03", "size": "1100"}, {"price": "0.04", "size": "6.65"}, {"price": "0.1", "size": "10"}, {"price": "0.11", "size": "5049.34"}, {"price": "0.12", "size": "250"}, {"price": "0.14", "size": "250"}, {"price": "0.2", "size": "400"}, {"price": "0.27", "size": "200"}, {"price": "0.5", "size": "300"}, {"price": "0.58", "size": "50"}, {"price": "0.59", "size": "100"}, {"price": "0.61", "size": "2220"}, {"price": "0.62", "size": "1864"}, {"price": "0.63", "size": "1149.97"}, {"price": "0.64", "size": "10"}], "asks": [{"price": "0.99", "size": "627.22"}, {"price": "0.98", "size": "255.88"}, {"price": "0.97", "size": "1100"}, {"price": "0.96", "size": "22.05"}, {"price": "0.9", "size": "10"}, {"price": "0.89", "size": "4100"}, {"price": "0.75", "size": "210"}, {"price": "0.73", "size": "5"}, {"price": "0.7", "size": "50"}, {"price": "0.69", "size": "100"}, {"price": "0.68", "size": "1200"}, {"price": "0.67", "size": "1808"}, {"price": "0.66", "size": "3106.49"}, {"price": "0.65", "size": "73.12"}], "event_type": "book", "last_trade_price": "0.350"}, {"market": "0x22ac9d04765f12b192e67134ea88f18c387afccfaa00f35d3b8ab1583b4c808f", "asset_id": "93941415013431658282860281647791693270824614195753423430880967839117598946253", "timestamp": "1769383769018", "hash": "4378e4841e43c895adccfa5e6fc47a2454cb631e", "bids": [{"price": "0.01", "size": "95.81"}, {"price": "0.02", "size": "32.56"}], "asks": [{"price": "0.99", "size": "99.99"}, {"price": "0.98", "size": "25"}], "event_type": "book", "last_trade_price": ""}, {"market": "0x9f2c3a2056a820c813b9e9928930cedd5380cef5dd18318df879a7099bf33321", "asset_id": "16859645330712201010737132206240590426420319596177191287023655446065027089848", "timestamp": "1769381541847", "hash": "98f7e4a24bb616770449bceac96e0dd7ef628e8c", "bids": [{"price": "0.01", "size": "100"}, {"price": "0.02", "size": "30.47"}], "asks": [{"price": "0.99", "size": "101.24"}, {"price": "0.98", "size": "24.37"}], "event_type": "book", "last_trade_price": ""}, {"market": "0x371c3b2698414b16d8b44c66822a6cd41fc0e01af1e6ea4ef9546344e8b670f5", "asset_id": "114051230888487113431077211531304875547783136686381457806068277054664464751116", "timestamp": "1769381539513", "hash": "a1ed0af4827c15e71554e3c8580430cec79a203f", "bids": [{"price": "0.01", "size": "100"}, {"price": "0.02", "size": "30.47"}], "asks": [{"price": "0.99", "size": "101.24"}, {"price": "0.98", "size": "24.37"}], "event_type": "book", "last_trade_price": ""}, {"market": "0x499abdca5a73e6fbf58310d20695bf5fb9be57d031197bc41817f4ec71192b95", "asset_id": "7283345109597162435421856129813235408935408770633229890815131994099581639397", "timestamp": "1769381538149", "hash": "58cffa8d13e328560e8594052082a2352766746e", "bids": [{"price": "0.01", "size": "76.9"}, {"price": "0.02", "size": "37.79"}, {"price": "0.03", "size": "21.3"}], "asks": [{"price": "0.99", "size": "101.24"}, {"price": "0.98", "size": "24.37"}], "event_type": "book", "last_trade_price": ""}, {"market": "0x337349e7308d6cf8df23fd64c037a00c4b5741ba485c2b42a616d28a6a01faa1", "asset_id": "39063887670446289055753540844352075987972485207562412625145873963033483750700", "timestamp": "1769381541848", "hash": "2c0b4047fa4665bcbe6bc8828d86cf6937dacfac", "bids": [{"price": "0.01", "size": "101.24"}, {"price": "0.02", "size": "24.37"}], "asks": [{"price": "0.99", "size": "100"}, {"price": "0.98", "size": "30.47"}], "event_type": "book", "last_trade_price": ""}, {"market": "0x90553c05b95e2584b0fac0513e13ebefc334ea2e6d3d6b88cd915a71a1a930a8", "asset_id": "33284952449108273125178123928311345921016727002310830193902389351789567835452", "timestamp": "1769382814638", "hash": "a7cf053feba274a4e30e36c790b9c69e88b8c79d", "bids": [{"price": "0.01", "size": "55.17"}, {"price": "0.02", "size": "9.15"}, {"price": "0.05", "size": "100"}, {"price": "0.06", "size": "12.75"}, {"price": "0.55", "size": "300"}, {"price": "0.57", "size": "500"}], "asks": [{"price": "0.99", "size": "50"}, {"price": "0.98", "size": "48.5"}, {"price": "0.97", "size": "17.66"}, {"price": "0.6", "size": "264"}], "event_type": "book", "last_trade_price": "0.400"}, {"market": "0x4e6dbc547a8b4f65b276df6826ba6425774cd643d012320f733faaa58dfe60fd", "asset_id": "31021901322672804167024570391686362084968688903270017907257861502828136566609", "timestamp": "1769383786075", "hash": "5ba0dff4e9e128feec7eebcb23866c8c59a67b74", "bids": [{"price": "0.01", "size": "627.22"}, {"price": "0.02", "size": "255.88"}, {"price": "0.03", "size": "1100"}, {"price": "0.04", "size": "22.05"}, {"price": "0.1", "size": "10"}, {"price": "0.11", "size": "4100"}, {"price": "0.25", "size": "210"}, {"price": "0.27", "size": "5"}, {"price": "0.3", "size": "50"}, {"price": "0.31", "size": "100"}, {"price": "0.32", "size": "1200"}, {"price": "0.33", "size": "1808"}, {"price": "0.34", "size": "3106.49"}, {"price": "0.35", "size": "73.12"}], "asks": [{"price": "0.99", "size": "669.58"}, {"price": "0.97", "size": "1100"}, {"price": "0.96", "size": "6.65"}, {"price": "0.9", "size": "10"}, {"price": "0.89", "size": "5049.34"}, {"price": "0.88", "size": "250"}, {"price": "0.86", "size": "250"}, {"price": "0.8", "size": "400"}, {"price": "0.73", "size": "200"}, {"price": "0.5", "size": "300"}, {"price": "0.42", "size": "50"}, {"price": "0.41", "size": "100"}, {"price": "0.39", "size": "2220"}, {"price": "0.38", "size": "1864"}, {"price": "0.37", "size": "1149.97"}, {"price": "0.36", "size": "10"}], "event_type": "book", "last_trade_price": "0.350"}, {"market": "0x371c3b2698414b16d8b44c66822a6cd41fc0e01af1e6ea4ef9546344e8b670f5", "asset_id": "47994212590338864016787199400461918244637942954203567877012457948836927418217", "timestamp": "1769381539513", "hash": "a3fc1a51216b5f1ba579ce46434b413f857347c7", "bids": [{"price": "0.01", "size": "101.24"}, {"price": "0.02", "size": "24.37"}], "asks": [{"price": "0.99", "size": "100"}, {"price": "0.98", "size": "30.47"}], "event_type": "book", "last_trade_price": ""}, {"market": "0xb1a8f82b0ab50f642043e879adbd4b0bbdb0821ea102a50722f0817af4a34dd4", "asset_id": "4073133600946848060639778985055913373173368571022504128171013496435595483146", "timestamp": "1769381574239", "hash": "b55c38af27166b1f988ecbb08025b8879ba70c44", "bids": [{"price": "0.01", "size": "99.99"}, {"price": "0.02", "size": "25"}], "asks": [{"price": "0.99", "size": "100"}, {"price": "0.98", "size": "30.47"}], "event_type": "book", "last_trade_price": ""}, {"market": "0xe4de17f82a8f2252aa7964e4b36948a014b53aae24a842835966fbb7a15304ac", "asset_id": "16565730923435218483209719838765243906584368077864788432004793998291111158424", "timestamp": "1769381541848", "hash": "404da4b06e3e524d5d10bd10324e5b284c3e76da", "bids": [{"price": "0.01", "size": "101.24"}, {"price": "0.02", "size": "24.37"}], "asks": [{"price": "0.99", "size": "100"}, {"price": "0.98", "size": "30.47"}], "event_type": "book", "last_trade_price": ""}, {"market": "0x337349e7308d6cf8df23fd64c037a00c4b5741ba485c2b42a616d28a6a01faa1", "asset_id": "12747079737724615469733810911596294963599238147593422580865033646310661247218", "timestamp": "1769381541848", "hash": "5fe5e6a6adad4ddfa4789af85f991d3382372d98", "bids": [{"price": "0.01", "size": "100"}, {"price": "0.02", "size": "30.47"}], "asks": [{"price": "0.99", "size": "101.24"}, {"price": "0.98", "size": "24.37"}], "event_type": "book", "last_trade_price": ""}, {"market": "0x9f2c3a2056a820c813b9e9928930cedd5380cef5dd18318df879a7099bf33321", "asset_id": "27983358259074864475698664210466342883581317398360547525960304480614686188107", "timestamp": "1769381541847", "hash": "32cce8844232ea7be23928e4d53390eab8d992c8", "bids": [{"price": "0.01", "size": "101.24"}, {"price": "0.02", "size": "24.37"}], "asks": [{"price": "0.99", "size": "100"}, {"price": "0.98", "size": "30.47"}], "event_type": "book", "last_trade_price": ""}, {"market": "0xe5569ba6ad05407b6720fd45f9863258af2911528b4c90e2abc40d9d528f1c36", "asset_id": "104428150830899397502729227966976460861069242401017958678799244369817429558557", "timestamp": "1769381542675", "hash": "cf64c5179bb39ad6980f8fd07bcae2115d887ccc", "bids": [{"price": "0.01", "size": "101.24"}, {"price": "0.02", "size": "24.37"}], "asks": [{"price": "0.99", "size": "100"}, {"price": "0.98", "size": "30.47"}], "event_type": "book", "last_trade_price": ""}, {"market": "0xf1beb9868d2d6a172c6776890c8f23c5ce02e07c8e35484db5155f6ea7305019", "asset_id": "11323489255393085282097639657515683712809595341752400325043080606397767218004", "timestamp": "1769381542674", "hash": "e8e27c2560f850b274052f8dc8dfaab0e40f701e", "bids": [{"price": "0.01", "size": "100"}, {"price": "0.02", "size": "30.47"}], "asks": [{"price": "0.99", "size": "101.24"}, {"price": "0.98", "size": "24.37"}], "event_type": "book", "last_trade_price": ""}, {"market": "0xbb3aa977f701afca0fe24c8d4f0a2c343c9e4deb466032c222dbd589d0080942", "asset_id": "7090130167676634757153247897933305573956146751423555183211142656296683457974", "timestamp": "1769381553459", "hash": "ebb9f73a03d75f0f776125ab14018e2424cdf5c1", "bids": [{"price": "0.01", "size": "50"}, {"price": "0.02", "size": "12.7"}, {"price": "0.05", "size": "100"}, {"price": "0.06", "size": "12.43"}, {"price": "0.25", "size": "400"}], "asks": [{"price": "0.99", "size": "55.02"}, {"price": "0.98", "size": "47.48"}, {"price": "0.97", "size": "16.66"}, {"price": "0.32", "size": "400"}, {"price": "0.3", "size": "500"}], "event_type": "book", "last_trade_price": ""}]}
