{"_local_timestamp": "2026-01-25T23:41:25.586393+00:00", "data": [{"market": "0x3ca1aee87127c4293640c950359f46059ae8b8f4d35f332894f6609975ec4e97", "asset_id": "93663886979769369160419892327370450462529442702495761614752620133148456470049", "timestamp": "1769384408853", "hash": "f71ba74d723634b388f6240ddd4c356be6c984c0", "bids": [{"price": "0.01", "size": "50"}], "asks": [{"price": "0.99", "size": "70.64"}, {"price": "0.98", "size": "24.63"}], "event_type": "book", "last_trade_price": ""}, {"market": "0x4baf829aeb3c4797b89d66db2ac8f3c5b6dcb58f2fbb0cc47229ef020a2f120d", "asset_id": "101995148557901257476742246826282592323147933326436303305713043524644479032772", "timestamp": "1769384409405", "hash": "44bff3e4274b47224be35acb6e284b7021f31e32", "bids": [{"price": "0.01", "size": "50"}, {"price": "0.02", "size": "5.47"}], "asks": [{"price": "0.99", "size": "50"}], "event_type": "book", "last_trade_price": ""}, {"market": "0x0c47ecbeee1f8ecd859852dc9a0a944f4886df74d9ad24d987c28b9e19d85c1e", "asset_id": "18141648064334219604180653589630306515793398023505117314145380429733123794161", "timestamp": "1769384408857", "hash": "0e16a7ed8992515bd6c4a413a75e209a21892877", "bids": [{"price": "0.01", "size": "50"}], "asks": [{"price": "0.99", "size": "50"}, {"price": "0.98", "size": "5.47"}], "event_type": "book", "last_trade_price": ""}, {"market": "0x3a58e6ce085be43f40424b04ec3fc8935ade798f993ccbf95892c482355a3d29", "asset_id": "32405394794988359348348435675401763278976167790722324270502029053552632586827", "timestamp": "1769384408854", "hash": "e346b25e63649a7918c932e191979ede3b008a61", "bids": [{"price": "0.01", "size": "50"}, {"price": "0.02", "size": "5.47"}], "asks": [{"price": "0.99", "size": "50"}], "event_type": "book", "last_trade_price": ""}, {"market": "0x3fb5d9f8020cdaf41718b8ead63d595f217323f94b74e74a070884a36021c364", "asset_id": "100809254699678411279629815451734611884052085131831956773893583366860114909906", "timestamp": "1769384408853", "hash": "a1c4573b052bffdfce8141a44f26104f3ff16361", "bids": [{"price": "0.01", "size": "50"}], "asks": [{"price": "0.99", "size": "50"}, {"price": "0.98", "size": "5.47"}], "event_type": "book", "last_trade_price": ""}, {"market": "0xb3b58d575da75d5b2e1c7305e3126f26019746927cc62ce0e172ca489d1ace80", "asset_id": "103271132238309490248161107196558420858279568200878886364173700838389164065642", "timestamp": "1769384409407", "hash": "39476cb952a26a9ea796a3c783bccbbdc94b6f15", "bids": [{"price": "0.01", "size": "50"}, {"price": "0.02", "size": "5.47"}, {"price": "0.1", "size": "10"}, {"price": "0.11", "size": "5"}], "asks": [{"price": "0.99", "size": "50"}, {"price": "0.9", "size": "10"}, {"price": "0.5", "size": "7.96"}], "event_type": "book", "last_trade_price": "0.500"}, {"market": "0x4baf829aeb3c4797b89d66db2ac8f3c5b6dcb58f2fbb0cc47229ef020a2f120d", "asset_id": "10599967169354815560902988245032026061735993746264669731579071910530634311246", "timestamp": "1769384409405", "hash": "15300ddb61aeb357b60c6e0af3442764c9ef2fd4", "bids": [{"price": "0.01", "size": "50"}], "asks": [{"price": "0.99", "size": "50"}, {"price": "0.98", "size": "5.47"}], "event_type": "book", "last_trade_price": ""}, {"market": "0x1af322b3d440204dcfd43fb9f21503876986fb94fd2ddc2f87c7c72c53c1d0d0", "asset_id": "5631323622019843864540591381737526313459418414576688880238052673359049572571", "timestamp": "1769384409405", "hash": "d5abc2580876ca7188e90ee857b20439c8caba2a", "bids": [{"price": "0.01", "size": "50"}, {"price": "0.02", "size": "5.47"}], "asks": [{"price": "0.99", "size": "50"}], "event_type": "book", "last_trade_price": ""}, {"market": "0x3ca1aee87127c4293640c950359f46059ae8b8f4d35f332894f6609975ec4e97", "asset_id": "66516163665545584397707241933718355348492420922149454267568880835525367304150", "timestamp": "1769384408853", "hash": "40d68c5d375029ec215617ed790555574ebcbecf", "bids": [{"price": "0.01", "size": "70.64"}, {"price": "0.02", "size": "24.63"}], "asks": [{"price": "0.99", "size": "50"}], "event_type": "book", "last_trade_price": ""}, {"market": "0xf8e80488627eba3556fbe7132c5737c1635dd7f66b8dde960dbad07a8e54b3f3", "asset_id": "64572466164895737863139909903108314361631954705868965266412389739854058431800", "timestamp": "1769384409404", "hash": "af9c08265a6572324379f3c38d91c561e7ed28e0", "bids": [{"price": "0.01", "size": "50"}, {"price": "0.02", "size": "5.47"}], "asks": [{"price": "0.99", "size": "50"}], "event_type": "book", "last_trade_price": ""}, {"market": "0xa81faf1acce7a2a0b76fcb3ae8d72e3900c24abb031d1cfca0fc9bcc389e0b44", "asset_id": "79503956510867658898436309338571307514896985159997577234846695108168497617349", "timestamp": "1769384408855", "hash": "c9a7ff23d01f1f3725e8c978c49a06b3640cd5d7", "bids": [{"price": "0.01", "size": "50"}, {"price": "0.02", "size": "5.47"}], "asks": [{"price": "0.99", "size": "50"}], "event_type": "book", "last_trade_price": ""}, {"market": "0x1af322b3d440204dcfd43fb9f21503876986fb94fd2ddc2f87c7c72c53c1d0d0", "asset_id": "51988909364668108029507582271693888880327050373745867622839912458962402194900", "timestamp": "1769384409405", "hash": "395a0be91648add282f97552dd68fdba09a574ad", "bids": [{"price": "0.01", "size": "50"}], "asks": [{"price": "0.99", "size": "50"}, {"price": "0.98", "size": "5.47"}], "event_type": "book", "last_trade_price": ""}, {"market": "0xa81faf1acce7a2a0b76fcb3ae8d72e3900c24abb031d1cfca0fc9bcc389e0b44", "asset_id": "58003929158949297660666442299952456570194162848525117733623485656019144113223", "timestamp": "1769384408855", "hash": "52b3d50778a6dd9c47345264cab6512c56315660", "bids": [{"price": "0.01", "size": "50"}], "asks": [{"price": "0.99", "size": "50"}, {"price": "0.98", "size": "5.47"}], "event_type": "book", "last_trade_price": ""}, {"market": "0xb3b58d575da75d5b2e1c7305e3126f26019746927cc62ce0e172ca489d1ace80", "asset_id": "49190555485637941183562811039231109877372418219205117499968272436395293150425", "timestamp": "1769384409407", "hash": "11d7d60e25185fdcce6ae27f3c2c9347cfbaf2e4", "bids": [{"price": "0.01", "size": "50"}, {"price": "0.1", "size": "10"}, {"price": "0.5", "size": "7.96"}], "asks": [{"price": "0.99", "size": "50"}, {"price": "0.98", "size": "5.47"}, {"price": "0.9", "size": "10"}, {"price": "0.89", "size": "5"}], "event_type": "book", "last_trade_price": "0.500"}, {"market": "0x3a58e6ce085be43f40424b04ec3fc8935ade798f993ccbf95892c482355a3d29", "asset_id": "47040275851622537222933714656581926145988851874673168194132946160885650057750", "timestamp": "1769384408854", "hash": "95f9e16c6b6c6a606079764a60a2c2dc35428645", "bids": [{"price": "0.01", "size": "50"}], "asks": [{"price": "0.99", "size": "50"}, {"price": "0.98", "size": "5.47"}], "event_type": "book", "last_trade_price": ""}, {"market": "0xf8e80488627eba3556fbe7132c5737c1635dd7f66b8dde960dbad07a8e54b3f3", "asset_id": "73372742360361141336986192954752829903737037042990598074658027860389050828026", "timestamp": "1769384409404", "hash": "73d78f06a39dc59bcba353523dab346eb892178a", "bids": [{"price": "0.01", "size": "50"}], "asks": [{"price": "0.99", "size": "50"}, {"price": "0.98", "size": "5.47"}], "event_type": "book", "last_trade_price": ""}, {"market": "0x3fb5d9f8020cdaf41718b8ead63d595f217323f94b74e74a070884a36021c364", "asset_id": "64559007913738394995741602936931118412575219238993347693365246318463965852076", "timestamp": "1769384408853", "hash": "c021d45f54f09ba3fee1ae537593b7a55fa10b77", "bids": [{"price": "0.01", "size": "50"}, {"price": "0.02", "size": "5.47"}], "asks": [{"price": "0.99", "size": "50"}], "event_type": "book", "last_trade_price": ""}, {"market": "0x0c47ecbeee1f8ecd859852dc9a0a944f4886df74d9ad24d987c28b9e19d85c1e", "asset_id": "18835271127638596030647843261436372674825875491346465267199970592245094446005", "timestamp": "1769384408857", "hash": "77580bbdfa102e8db457a2f158c44db74c68d3af", "bids": [{"price": "0.01", "size": "50"}, {"price": "0.02", "size": "5.47"}], "asks": [{"price": "0.99", "size": "50"}], "event_type": "book", "last_trade_price": ""}]}
