{"_local_timestamp": "2026-01-25T23:34:19.647622+00:00", "data": [{"market": "0x966f0f05ab846832cc3186a3e34fe86da6f1bb95d4f4ec66634f3f42f3038f50", "asset_id": "70603340354818372019616220831561063197683561947055212477137683534651115424458", "timestamp": "1769383601817", "hash": "a79df7a692225fb253ee275665329226da5a1b7d", "bids": [{"price": "0.01", "size": "69.71"}, {"price": "0.02", "size": "19.63"}], "asks": [{"price": "0.99", "size": "70.64"}, {"price": "0.98", "size": "24.63"}], "event_type": "book", "last_trade_price": ""}, {"market": "0x966f0f05ab846832cc3186a3e34fe86da6f1bb95d4f4ec66634f3f42f3038f50", "asset_id": "5892487211884546923730080556418836133811780465071997355661121092464251808332", "timestamp": "1769383601817", "hash": "7cbf9a0d205f4370197b1924f419e7ac91e2a7a7", "bids": [{"price": "0.01", "size": "70.64"}, {"price": "0.02", "size": "24.63"}], "asks": [{"price": "0.99", "size": "69.71"}, {"price": "0.98", "size": "19.63"}], "event_type": "book", "last_trade_price": ""}, {"market": "0x028db9211148a45d8ff6e7119050a292503bd5deb9a9539371094768ee47d866", "asset_id": "5798575008422625028936353495478423658937985091633456749128200345218087352741", "timestamp": "1769383600518", "hash": "fcaf483c4522592f3a7a7a6228ff0bce8b015f37", "bids": [{"price": "0.01", "size": "70.64"}, {"price": "0.02", "size": "24.63"}], "asks": [{"price": "0.99", "size": "70.64"}, {"price": "0.98", "size": "19.16"}], "event_type": "book", "last_trade_price": ""}, {"market": "0x3e3116d9cac39cca6ec944003f319e886582bded4b3c65ddc63553f9d0db1429", "asset_id": "3784812271306563810086536596748157293902896280834519216248725586462945195549", "timestamp": "1769383601817", "hash": "64bbebe6688f9bf9c0f100cbf58620c06fdfb2d3", "bids": [{"price": "0.01", "size": "70.64"}, {"price": "0.02", "size": "24.63"}], "asks": [{"price": "0.99", "size": "69.71"}, {"price": "0.98", "size": "19.63"}], "event_type": "book", "last_trade_price": ""}, {"market": "0x028db9211148a45d8ff6e7119050a292503bd5deb9a9539371094768ee47d866", "asset_id": "29953661169259797977420716969885145402770432334014802343292322027113700700117", "timestamp": "1769383600518", "hash": "8b3aa811ea1fb55a4da0d3df8f18ce9d7360cf1b", "bids": [{"price": "0.01", "size": "70.64"}, {"price": "0.02", "size": "19.16"}], "asks": [{"price": "0.99", "size": "70.64"}, {"price": "0.98", "size": "24.63"}], "event_type": "book", "last_trade_price": ""}, {"market": "0x612fc55ea35967ff46dc7039865c6912dc65acf7d97c472adce0bffdb2147929", "asset_id": "64631108481938934614508464609013406608239893698849446469912631301775148367377", "timestamp": "1769383594138", "hash": "ee47f539c01b70297bcc31a93dd7135b2cd32e28", "bids": [{"price": "0.01", "size": "70.64"}, {"price": "0.02", "size": "24.63"}], "asks": [{"price": "0.99", "size": "70.64"}, {"price": "0.98", "size": "19.16"}], "event_type": "book", "last_trade_price": ""}, {"market": "0x60288a02fd672897c95b329e0c8e468f477e27d9c6293e0d5d13535bbab671e5", "asset_id": "25818330947422465996629932010596956128153822505603330312832974662924327549173", "timestamp": "1769383601817", "hash": "2f7bb66ae4cdb7f9858112464d454d474927d9cc", "bids": [{"price": "0.01", "size": "69.71"}, {"price": "0.02", "size": "19.63"}], "asks": [{"price": "0.99", "size": "70.64"}, {"price": "0.98", "size": "24.63"}], "event_type": "book", "last_trade_price": ""}, {"market": "0x38dc9dccab6ace5807511b3d999aa74e9d760544fc5ec610fed790aef2f45433", "asset_id": "6551323991268984593096981765690737911026535276912590574003054871939964010643", "timestamp": "1769383601817", "hash": "93b2e6dba05d16ac5fe77babad0e60f9547c99f1", "bids": [{"price": "0.01", "size": "70.64"}, {"price": "0.02", "size": "24.63"}], "asks": [{"price": "0.99", "size": "69.71"}, {"price": "0.98", "size": "19.63"}], "event_type": "book", "last_trade_price": ""}, {"market": "0xef557742d46ce70b6616236be0020c652d56a651e61e7a4327f77a05dc33c436", "asset_id": "20651926148498565271326327575163511548483229493645650539589237169851530256429", "timestamp": "1769383600158", "hash": "c76aafd4f692e662f21b2ec90f92b8b7c9bc2761", "bids": [{"price": "0.01", "size": "70.64"}, {"price": "0.02", "size": "19.16"}], "asks": [{"price": "0.99", "size": "70.64"}, {"price": "0.98", "size": "24.63"}], "event_type": "book", "last_trade_price": ""}, {"market": "0x0d6d6142d40689b28ac9855eba201748c53948bc075319e336f2e584d2eca7c2", "asset_id": "11336811690868490516700384944021801572337948777331681707519930504766365041909", "timestamp": "1769383600995", "hash": "46640f220e95f26c7052c617645b61b7e026100f", "bids": [{"price": "0.01", "size": "70.64"}, {"price": "0.02", "size": "24.63"}], "asks": [{"price": "0.99", "size": "70.64"}, {"price": "0.98", "size": "19.16"}], "event_type": "book", "last_trade_price": ""}, {"market": "0xecd9931c312e4edf340d923975ed1688a4a1530e9cfaad5b384b2abd9bfd4d27", "asset_id": "88297847424092945875438585401179887733518775330852622018512631269439792827308", "timestamp": "1769383508626", "hash": "95d4ed33f93bd159c6a0fec2674c26c0dfeb4001", "bids": [{"price": "0.01", "size": "100"}, {"price": "0.02", "size": "25"}, {"price": "0.1", "size": "10"}, {"price": "0.11", "size": "5.15"}, {"price": "0.3", "size": "8.19"}], "asks": [{"price": "0.99", "size": "55.29"}, {"price": "0.98", "size": "18.69"}, {"price": "0.9", "size": "10"}, {"price": "0.89", "size": "5.21"}, {"price": "0.5", "size": "10"}], "event_type": "book", "last_trade_price": "0.520"}, {"market": "0x612fc55ea35967ff46dc7039865c6912dc65acf7d97c472adce0bffdb2147929", "asset_id": "115418580466261410884833588786759937623647141037242927972312290558180663217240", "timestamp": "1769383594138", "hash": "3939246f5ddfac1713ab3e7605765c1739ae56ee", "bids": [{"price": "0.01", "size": "70.64"}, {"price": "0.02", "size": "19.16"}], "asks": [{"price": "0.99", "size": "70.64"}, {"price": "0.98", "size": "24.63"}], "event_type": "book", "last_trade_price": ""}, {"market": "0x3e3116d9cac39cca6ec944003f319e886582bded4b3c65ddc63553f9d0db1429", "asset_id": "65741411557454465181533746372272882641088602658898858820161801180717511074331", "timestamp": "1769383601817", "hash": "240f632413bf445f3381d2dca67e1851f140b8e0", "bids": [{"price": "0.01", "size": "69.71"}, {"price": "0.02", "size": "19.63"}], "asks": [{"price": "0.99", "size": "70.64"}, {"price": "0.98", "size": "24.63"}], "event_type": "book", "last_trade_price": ""}, {"market": "0x60288a02fd672897c95b329e0c8e468f477e27d9c6293e0d5d13535bbab671e5", "asset_id": "79814668394710575877824257518839190717210501594944383903819162979532127230693", "timestamp": "1769383601817", "hash": "d4815622e2a5c99c5487344cafeb7f9ceb75924b", "bids": [{"price": "0.01", "size": "70.64"}, {"price": "0.02", "size": "24.63"}], "asks": [{"price": "0.99", "size": "69.71"}, {"price": "0.98", "size": "19.63"}], "event_type": "book", "last_trade_price": ""}, {"market": "0x38dc9dccab6ace5807511b3d999aa74e9d760544fc5ec610fed790aef2f45433", "asset_id": "77147409852705943111814970367539776033329256532368666759246156872541936671587", "timestamp": "1769383601817", "hash": "2d6365a4c460d212e2be7283bb8d534be0b34c07", "bids": [{"price": "0.01", "size": "69.71"}, {"price": "0.02", "size": "19.63"}], "asks": [{"price": "0.99", "size": "70.64"}, {"price": "0.98", "size": "24.63"}], "event_type": "book", "last_trade_price": ""}, {"market": "0x0d6d6142d40689b28ac9855eba201748c53948bc075319e336f2e584d2eca7c2", "asset_id": "94296074543458648021258990579207599840013842271407263712148298235085279602748", "timestamp": "1769383600995", "hash": "e32b954a97aad9f019b6ce0ccff5f57d3ac37812", "bids": [{"price": "0.01", "size": "70.64"}, {"price": "0.02", "size": "19.16"}], "asks": [{"price": "0.99", "size": "70.64"}, {"price": "0.98", "size": "24.63"}], "event_type": "book", "last_trade_price": ""}, {"market": "0xecd9931c312e4edf340d923975ed1688a4a1530e9cfaad5b384b2abd9bfd4d27", "asset_id": "59664051007972795276459233597555102101892454541426286410820332769350400690227", "timestamp": "1769383508626", "hash": "307799be76aeee8ea791e7679e270232653773bc", "bids": [{"price": "0.01", "size": "55.29"}, {"price": "0.02", "size": "18.69"}, {"price": "0.1", "size": "10"}, {"price": "0.11", "size": "5.21"}, {"price": "0.5", "size": "10"}], "asks": [{"price": "0.99", "size": "100"}, {"price": "0.98", "size": "25"}, {"price": "0.9", "size": "10"}, {"price": "0.89", "size": "5.15"}, {"price": "0.7", "size": "8.19"}], "event_type": "book", "last_trade_price": "0.520"}, {"market": "0xef557742d46ce70b6616236be0020c652d56a651e61e7a4327f77a05dc33c436", "asset_id": "115559025758418095896815916855281850053772149871128973011557060064404880524568", "timestamp": "1769383600158", "hash": "af2c6a160c4a926cf419502db3eff62dfbfa558d", "bids": [{"price": "0.01", "size": "70.64"}, {"price": "0.02", "size": "24.63"}], "asks": [{"price": "0.99", "size": "70.64"}, {"price": "0.98", "size": "19.16"}], "event_type": "book", "last_trade_price": ""}]}
