{"_local_timestamp": "2026-01-25T23:41:26.441383+00:00", "data": [{"market": "0xb092b116909c649885b0d0b627a3ef554317204229e8624562e5dae91ea03358", "asset_id": "19498569123417368682973877796633440315804415877231590069842160607875750843819", "timestamp": "1769382658409", "hash": "3bab3bfd7d564a937623e1a149b176bc529ad9b9", "bids": [{"price": "0.01", "size": "472.09"}, {"price": "0.02", "size": "160.48"}, {"price": "0.03", "size": "85.65"}, {"price": "0.04", "size": "9.25"}, {"price": "0.05", "size": "5.47"}], "asks": [{"price": "0.99", "size": "450"}, {"price": "0.98", "size": "385"}], "event_type": "book", "last_trade_price": ""}, {"market": "0xea88f219b01de0318fcbcf0f2686daab5c045eb196ad4303339635864ace6f14", "asset_id": "12645746146024152978897813581024416099824555887352771322238103999694493923415", "timestamp": "1769382484893", "hash": "42ee203c03e04960eeb7d869209b738c4265473a", "bids": [{"price": "0.01", "size": "472.74"}, {"price": "0.02", "size": "160.48"}, {"price": "0.03", "size": "99.65"}, {"price": "0.05", "size": "12.73"}], "asks": [{"price": "0.99", "size": "450"}, {"price": "0.98", "size": "385"}], "event_type": "book", "last_trade_price": ""}, {"market": "0x052b7c5ffedc99eb308b759e827f34a92aea6aa7b8e3096a5c7863b47a6f8555", "asset_id": "98945255918708661314810584511230591445634817220328611291464802399561423833801", "timestamp": "1769382484880", "hash": "c015fe247acc005d6820d763fc545b75016c6bb9", "bids": [{"price": "0.01", "size": "450"}, {"price": "0.02", "size": "385"}], "asks": [{"price": "0.99", "size": "468.81"}, {"price": "0.98", "size": "158.94"}, {"price": "0.97", "size": "86.67"}, {"price": "0.96", "size": "11.56"}, {"price": "0.95", "size": "5.47"}], "event_type": "book", "last_trade_price": ""}, {"market": "0x62760574564b1a4936511b17c5104ff9aeac65e516a8f641a14006aa93835616", "asset_id": "24398832081726872895194680602008733249571399425671832883947950363564895284679", "timestamp": "1769383086177", "hash": "b6ae83148c9d7df2c6dae15ea016e190262f792f", "bids": [{"price": "0.01", "size": "618.81"}, {"price": "0.02", "size": "208.94"}, {"price": "0.03", "size": "181.07"}, {"price": "0.04", "size": "25"}, {"price": "0.05", "size": "66.01"}], "asks": [{"price": "0.99", "size": "614.79"}, {"price": "0.98", "size": "163.72"}, {"price": "0.97", "size": "16"}, {"price": "0.96", "size": "18.21"}, {"price": "0.95", "size": "114"}, {"price": "0.94", "size": "43.95"}], "event_type": "book", "last_trade_price": ""}, {"market": "0x4a49de6ee953f2e02fd861c78deed9abfc2253427a331d37e4e5721aa120f1b9", "asset_id": "72834414029449115856228523406481695744659387790490402240889011605855332182970", "timestamp": "1769383116846", "hash": "075349f83e8db02eae3bce8badb78de8c805359a", "bids": [{"price": "0.01", "size": "450"}, {"price": "0.02", "size": "175"}], "asks": [{"price": "0.99", "size": "472.09"}, {"price": "0.98", "size": "160.48"}, {"price": "0.97", "size": "224.65"}, {"price": "0.96", "size": "9.25"}, {"price": "0.95", "size": "5.47"}], "event_type": "book", "last_trade_price": ""}, {"market": "0x62760574564b1a4936511b17c5104ff9aeac65e516a8f641a14006aa93835616", "asset_id": "109752637552068443711590095422818525287115590863748543003793179192417202715957", "timestamp": "1769383086177", "hash": "32929923f511eb0ee17e218d456df93d27facb84", "bids": [{"price": "0.01", "size": "614.79"}, {"price": "0.02", "size": "163.72"}, {"price": "0.03", "size": "16"}, {"price": "0.04", "size": "18.21"}, {"price": "0.05", "size": "114"}, {"price": "0.06", "size": "43.95"}], "asks": [{"price": "0.99", "size": "618.81"}, {"price": "0.98", "size": "208.94"}, {"price": "0.97", "size": "181.07"}, {"price": "0.96", "size": "25"}, {"price": "0.95", "size": "66.01"}], "event_type": "book", "last_trade_price": ""}, {"market": "0xb092b116909c649885b0d0b627a3ef554317204229e8624562e5dae91ea03358", "asset_id": "72411677280248617506988269163891476631720103431197844589301536820673634842678", "timestamp": "1769382658409", "hash": "e834cc06d6612c8c9f371f713f7deb7c418b64c5", "bids": [{"price": "0.01", "size": "450"}, {"price": "0.02", "size": "385"}], "asks": [{"price": "0.99", "size": "472.09"}, {"price": "0.98", "size": "160.48"}, {"price": "0.97", "size": "85.65"}, {"price": "0.96", "size": "9.25"}, {"price": "0.95", "size": "5.47"}], "event_type": "book", "last_trade_price": ""}, {"market": "0x052b7c5ffedc99eb308b759e827f34a92aea6aa7b8e3096a5c7863b47a6f8555", "asset_id": "22099319461510359878791766818738669240398894533190409044600734321001498359460", "timestamp": "1769382484880", "hash": "e8eb5a17bfae8b78e99995c1cd82c29819dcc079", "bids": [{"price": "0.01", "size": "468.81"}, {"price": "0.02", "size": "158.94"}, {"price": "0.03", "size": "86.67"}, {"price": "0.04", "size": "11.56"}, {"price": "0.05", "size": "5.47"}], "asks": [{"price": "0.99", "size": "450"}, {"price": "0.98", "size": "385"}], "event_type": "book", "last_trade_price": ""}, {"market": "0xea88f219b01de0318fcbcf0f2686daab5c045eb196ad4303339635864ace6f14", "asset_id": "107628209671785312424164735838154123062612563346765554594596386820496297177562", "timestamp": "1769382484893", "hash": "2c13ae945dda4429481d8ff1a866292deeba3913", "bids": [{"price": "0.01", "size": "450"}, {"price": "0.02", "size": "385"}], "asks": [{"price": "0.99", "size": "472.74"}, {"price": "0.98", "size": "160.48"}, {"price": "0.97", "size": "99.65"}, {"price": "0.95", "size": "12.73"}], "event_type": "book", "last_trade_price": ""}, {"market": "0x4a49de6ee953f2e02fd861c78deed9abfc2253427a331d37e4e5721aa120f1b9", "asset_id": "36978050525406903684522267969985822959982151917690482812447062206562149621960", "timestamp": "1769383116846", "hash": "a7dce57a9d271dc020790b398a3c0f116949b068", "bids": [{"price": "0.01", "size": "472.09"}, {"price": "0.02", "size": "160.48"}, {"price": "0.03", "size": "224.65"}, {"price": "0.04", "size": "9.25"}, {"price": "0.05", "size": "5.47"}], "asks": [{"price": "0.99", "size": "450"}, {"price": "0.98", "size": "175"}], "event_type": "book", "last_trade_price": ""}]}
