{"_local_timestamp": "2026-01-25T23:40:49.220754+00:00", "data": [{"market": "0x078feddd53d2bf4e1d48a37abe77086a04d23f2a9565f23a87a7d0132544c6ce", "asset_id": "94275205971087937612779652982348513062469691809310167814380912506764672143942", "timestamp": "1769384314685", "hash": "b1d453216e85c7c6058313055ef4d4fd27048e8a", "bids": [{"price": "0.01", "size": "75.77"}, {"price": "0.02", "size": "725"}, {"price": "0.03", "size": "7.17"}, {"price": "0.05", "size": "520"}, {"price": "0.06", "size": "6.05"}, {"price": "0.11", "size": "350"}, {"price": "0.12", "size": "10.53"}, {"price": "0.35", "size": "300"}, {"price": "0.4", "size": "200"}, {"price": "0.43", "size": "125"}, {"price": "0.46", "size": "75"}, {"price": "0.57", "size": "22.8"}, {"price": "0.58", "size": "18.96"}, {"price": "0.68", "size": "507"}, {"price": "0.69", "size": "82.79"}], "asks": [{"price": "0.99", "size": "70"}, {"price": "0.97", "size": "250"}, {"price": "0.96", "size": "12"}, {"price": "0.91", "size": "300"}, {"price": "0.9", "size": "200"}, {"price": "0.89", "size": "125"}, {"price": "0.88", "size": "257.11"}, {"price": "0.87", "size": "184.61"}, {"price": "0.83", "size": "10"}, {"price": "0.81", "size": "411"}, {"price": "0.8", "size": "150"}], "event_type": "book", "last_trade_price": ""}, {"market": "0x078feddd53d2bf4e1d48a37abe77086a04d23f2a9565f23a87a7d0132544c6ce", "asset_id": "52827999196792401407850537040011344703891613077379868943806003994262769331897", "timestamp": "1769384314685", "hash": "5b1471a4ba10066c65239e349a05148d71f95a73", "bids": [{"price": "0.01", "size": "70"}, {"price": "0.03", "size": "250"}, {"price": "0.04", "size": "12"}, {"price": "0.09", "size": "300"}, {"price": "0.1", "size": "200"}, {"price": "0.11", "size": "125"}, {"price": "0.12", "size": "257.11"}, {"price": "0.13", "size": "184.61"}, {"price": "0.17", "size": "10"}, {"price": "0.19", "size": "411"}, {"price": "0.2", "size": "150"}], "asks": [{"price": "0.99", "size": "75.77"}, {"price": "0.98", "size": "725"}, {"price": "0.97", "size": "7.17"}, {"price": "0.95", "size": "520"}, {"price": "0.94", "size": "6.05"}, {"price": "0.89", "size": "350"}, {"price": "0.88", "size": "10.53"}, {"price": "0.65", "size": "300"}, {"price": "0.6", "size": "200"}, {"price": "0.57", "size": "125"}, {"price": "0.54", "size": "75"}, {"price": "0.43", "size": "22.8"}, {"price": "0.42", "size": "18.96"}, {"price": "0.32", "size": "507"}, {"price": "0.31", "size": "82.79"}], "event_type": "book", "last_trade_price": ""}, {"market": "0x681899b44e4012e2e967271002962acc3392e7e8358c28d9018d27cb655a1089", "asset_id": "89628227630969644837754597335413173437116597140248341732455392373015853266252", "timestamp": "1769383290633", "hash": "fdcfcdd0f216153025296b8dd42756256dfa20e0", "bids": [{"price": "0.01", "size": "1778.68"}, {"price": "0.02", "size": "700"}, {"price": "0.03", "size": "7.13"}, {"price": "0.05", "size": "530"}, {"price": "0.06", "size": "6.89"}, {"price": "0.12", "size": "275"}, {"price": "0.13", "size": "9.35"}, {"price": "0.36", "size": "300"}, {"price": "0.41", "size": "200"}, {"price": "0.44", "size": "125"}, {"price": "0.48", "size": "75"}, {"price": "0.6", "size": "21.66"}, {"price": "0.61", "size": "18.03"}, {"price": "0.69", "size": "150"}, {"price": "0.7", "size": "7"}, {"price": "0.71", "size": "350"}], "asks": [{"price": "0.99", "size": "973"}, {"price": "0.96", "size": "262"}, {"price": "0.9", "size": "300"}, {"price": "0.89", "size": "200"}, {"price": "0.88", "size": "216.66"}, {"price": "0.87", "size": "175"}, {"price": "0.83", "size": "360"}, {"price": "0.82", "size": "50"}, {"price": "0.81", "size": "10"}, {"price": "0.8", "size": "150"}], "event_type": "book", "last_trade_price": ""}, {"market": "0x681899b44e4012e2e967271002962acc3392e7e8358c28d9018d27cb655a1089", "asset_id": "36825784478990567912303849073085422660530138247268407862204290915941659771833", "timestamp": "1769383290633", "hash": "1dd575a5ba8278b57c599d33bd25025e72eb01b3", "bids": [{"price": "0.01", "size": "973"}, {"price": "0.04", "size": "262"}, {"price": "0.1", "size": "300"}, {"price": "0.11", "size": "200"}, {"price": "0.12", "size": "216.66"}, {"price": "0.13", "size": "175"}, {"price": "0.17", "size": "360"}, {"price": "0.18", "size": "50"}, {"price": "0.19", "size": "10"}, {"price": "0.2", "size": "150"}], "asks": [{"price": "0.99", "size": "1778.68"}, {"price": "0.98", "size": "700"}, {"price": "0.97", "size": "7.13"}, {"price": "0.95", "size": "530"}, {"price": "0.94", "size": "6.89"}, {"price": "0.88", "size": "275"}, {"price": "0.87", "size": "9.35"}, {"price": "0.64", "size": "300"}, {"price": "0.59", "size": "200"}, {"price": "0.56", "size": "125"}, {"price": "0.52", "size": "75"}, {"price": "0.4", "size": "21.66"}, {"price": "0.39", "size": "18.03"}, {"price": "0.31", "size": "150"}, {"price": "0.3", "size": "7"}, {"price": "0.29", "size": "350"}], "event_type": "book", "last_trade_price": ""}, {"market": "0x75852c511f568cf2a6e853d5e81f61a72f5b73fa446e035760cd7e294b33d450", "asset_id": "52657166232134623290821106971243729012971210837922432211056635796074841723388", "timestamp": "1769384448754", "hash": "ce950ce87c9f14698bf00efee54f74fc26eb230e", "bids": [{"price": "0.01", "size": "1773"}, {"price": "0.02", "size": "700"}, {"price": "0.04", "size": "12"}, {"price": "0.05", "size": "500"}, {"price": "0.11", "size": "350"}, {"price": "0.26", "size": "300"}, {"price": "0.29", "size": "200"}, {"price": "0.31", "size": "125"}, {"price": "0.32", "size": "75"}, {"price": "0.37", "size": "35.13"}, {"price": "0.38", "size": "28.94"}, {"price": "0.45", "size": "550"}, {"price": "0.46", "size": "8.5"}], "asks": [{"price": "0.99", "size": "1780.64"}, {"price": "0.98", "size": "700"}, {"price": "0.97", "size": "24.05"}, {"price": "0.95", "size": "520"}, {"price": "0.94", "size": "6.84"}, {"price": "0.89", "size": "350"}, {"price": "0.88", "size": "9.76"}, {"price": "0.72", "size": "300"}, {"price": "0.68", "size": "200"}, {"price": "0.67", "size": "125"}, {"price": "0.65", "size": "112.14"}, {"price": "0.64", "size": "30.55"}, {"price": "0.59", "size": "350"}, {"price": "0.57", "size": "50"}, {"price": "0.56", "size": "150"}, {"price": "0.55", "size": "8.5"}], "event_type": "book", "last_trade_price": ""}, {"market": "0x75852c511f568cf2a6e853d5e81f61a72f5b73fa446e035760cd7e294b33d450", "asset_id": "6354356652197293692968693639725410416779430913330083636355426615586916351473", "timestamp": "1769384448754", "hash": "cabe11293161f677632ab781fbd06746ee551207", "bids": [{"price": "0.01", "size": "1780.64"}, {"price": "0.02", "size": "700"}, {"price": "0.03", "size": "24.05"}, {"price": "0.05", "size": "520"}, {"price": "0.06", "size": "6.84"}, {"price": "0.11", "size": "350"}, {"price": "0.12", "size": "9.76"}, {"price": "0.28", "size": "300"}, {"price": "0.32", "size": "200"}, {"price": "0.33", "size": "125"}, {"price": "0.35", "size": "112.14"}, {"price": "0.36", "size": "30.55"}, {"price": "0.41", "size": "350"}, {"price": "0.43", "size": "50"}, {"price": "0.44", "size": "150"}, {"price": "0.45", "size": "8.5"}], "asks": [{"price": "0.99", "size": "1773"}, {"price": "0.98", "size": "700"}, {"price": "0.96", "size": "12"}, {"price": "0.95", "size": "500"}, {"price": "0.89", "size": "350"}, {"price": "0.74", "size": "300"}, {"price": "0.71", "size": "200"}, {"price": "0.69", "size": "125"}, {"price": "0.68", "size": "75"}, {"price": "0.63", "size": "35.13"}, {"price": "0.62", "size": "28.94"}, {"price": "0.55", "size": "550"}, {"price": "0.54", "size": "8.5"}], "event_type": "book", "last_trade_price": ""}]}
{"_local_timestamp": "2026-01-25T23:40:53.947135+00:00", "data": {"market": "0x75852c511f568cf2a6e853d5e81f61a72f5b73fa446e035760cd7e294b33d450", "price_changes": [{"asset_id": "6354356652197293692968693639725410416779430913330083636355426615586916351473", "price": "0.44", "size": "0", "side": "BUY", "hash": "0ed2f4982848c97d48f6a5278ba71e1082c4e146", "best_bid": "0.45", "best_ask": "0.54"}, {"asset_id": "52657166232134623290821106971243729012971210837922432211056635796074841723388", "price": "0.56", "size": "0", "side": "SELL", "hash": "80c5f7fdc0ddcac97307dbbfaa3edda9a39acecf", "best_bid": "0.46", "best_ask": "0.55"}], "timestamp": "1769384453876", "event_type": "price_change"}}
{"_local_timestamp": "2026-01-25T23:40:54.244391+00:00", "data": {"market": "0x75852c511f568cf2a6e853d5e81f61a72f5b73fa446e035760cd7e294b33d450", "price_changes": [{"asset_id": "6354356652197293692968693639725410416779430913330083636355426615586916351473", "price": "0.46", "size": "150", "side": "BUY", "hash": "998b8be5d4b0d9146a3c07af179e983766c3ef7c", "best_bid": "0.46", "best_ask": "0.54"}, {"asset_id": "52657166232134623290821106971243729012971210837922432211056635796074841723388", "price": "0.54", "size": "150", "side": "SELL", "hash": "7dd34f43cd432ba8a8905dd5ef8a0db4af0fc22d", "best_bid": "0.46", "best_ask": "0.54"}], "timestamp": "1769384454180", "event_type": "price_change"}}
{"_local_timestamp": "2026-01-25T23:40:58.265288+00:00", "data": {"market": "0x75852c511f568cf2a6e853d5e81f61a72f5b73fa446e035760cd7e294b33d450", "price_changes": [{"asset_id": "6354356652197293692968693639725410416779430913330083636355426615586916351473", "price": "0.45", "size": "0", "side": "BUY", "hash": "14c4d37aeb96c0d018b14b4ec8d02e497bf9cceb", "best_bid": "0.46", "best_ask": "0.54"}, {"asset_id": "52657166232134623290821106971243729012971210837922432211056635796074841723388", "price": "0.55", "size": "0", "side": "SELL", "hash": "9e547ffc6f469b950a7ff200ed32060621457026", "best_bid": "0.46", "best_ask": "0.54"}], "timestamp": "1769384458190", "event_type": "price_change"}}
{"_local_timestamp": "2026-01-25T23:40:58.266826+00:00", "data": {"market": "0x75852c511f568cf2a6e853d5e81f61a72f5b73fa446e035760cd7e294b33d450", "price_changes": [{"asset_id": "52657166232134623290821106971243729012971210837922432211056635796074841723388", "price": "0.46", "size": "0", "side": "BUY", "hash": "d958e9c10821dc5b08c3843ca4281bf961e6f24c", "best_bid": "0.45", "best_ask": "0.54"}, {"asset_id": "6354356652197293692968693639725410416779430913330083636355426615586916351473", "price": "0.54", "size": "0", "side": "SELL", "hash": "f6abf0329eca364553766efb507ee94700afb2bf", "best_bid": "0.46", "best_ask": "0.55"}], "timestamp": "1769384458190", "event_type": "price_change"}}
{"_local_timestamp": "2026-01-25T23:40:59.401658+00:00", "data": {"market": "0x75852c511f568cf2a6e853d5e81f61a72f5b73fa446e035760cd7e294b33d450", "price_changes": [{"asset_id": "6354356652197293692968693639725410416779430913330083636355426615586916351473", "price": "0.46", "size": "0", "side": "BUY", "hash": "5da85f4e375540760b55df3183073311a52e4d1f", "best_bid": "0.43", "best_ask": "0.55"}, {"asset_id": "52657166232134623290821106971243729012971210837922432211056635796074841723388", "price": "0.54", "size": "0", "side": "SELL", "hash": "6b4373b3ebfcd8afc07417532b33c6e3375c4e43", "best_bid": "0.45", "best_ask": "0.57"}], "timestamp": "1769384459328", "event_type": "price_change"}}
{"_local_timestamp": "2026-01-25T23:40:59.650975+00:00", "data": {"market": "0x75852c511f568cf2a6e853d5e81f61a72f5b73fa446e035760cd7e294b33d450", "price_changes": [{"asset_id": "6354356652197293692968693639725410416779430913330083636355426615586916351473", "price": "0.44", "size": "150", "side": "BUY", "hash": "27801381d77c4204a237c25d34205b4ad6dcef99", "best_bid": "0.44", "best_ask": "0.55"}, {"asset_id": "52657166232134623290821106971243729012971210837922432211056635796074841723388", "price": "0.56", "size": "150", "side": "SELL", "hash": "935711a1e25234ed4ecea3dffc7955469b8536f6", "best_bid": "0.45", "best_ask": "0.56"}], "timestamp": "1769384459575", "event_type": "price_change"}}
{"_local_timestamp": "2026-01-25T23:41:04.817116+00:00", "data": {"market": "0x75852c511f568cf2a6e853d5e81f61a72f5b73fa446e035760cd7e294b33d450", "price_changes": [{"asset_id": "6354356652197293692968693639725410416779430913330083636355426615586916351473", "price": "0.45", "size": "8.5", "side": "BUY", "hash": "6fdda1f41524832ff55a3012983a66bcd4484d56", "best_bid": "0.45", "best_ask": "0.55"}, {"asset_id": "52657166232134623290821106971243729012971210837922432211056635796074841723388", "price": "0.55", "size": "8.5", "side": "SELL", "hash": "2c0d38640c71cccd7941bbe05787cc1d9c71da43", "best_bid": "0.45", "best_ask": "0.55"}], "timestamp": "1769384464740", "event_type": "price_change"}}
{"_local_timestamp": "2026-01-25T23:41:04.818311+00:00", "data": {"market": "0x75852c511f568cf2a6e853d5e81f61a72f5b73fa446e035760cd7e294b33d450", "price_changes": [{"asset_id": "52657166232134623290821106971243729012971210837922432211056635796074841723388", "price": "0.46", "size": "8.5", "side": "BUY", "hash": "64c1636cc78ccea404d1523a70858cbda975e968", "best_bid": "0.46", "best_ask": "0.55"}, {"asset_id": "6354356652197293692968693639725410416779430913330083636355426615586916351473", "price": "0.54", "size": "8.5", "side": "SELL", "hash": "728cd8db6412b3b0d6480d6fa8eabf78a2ac862c", "best_bid": "0.45", "best_ask": "0.54"}], "timestamp": "1769384464741", "event_type": "price_change"}}
{"_local_timestamp": "2026-01-25T23:41:10.231091+00:00", "data": {"market": "0x75852c511f568cf2a6e853d5e81f61a72f5b73fa446e035760cd7e294b33d450", "price_changes": [{"asset_id": "6354356652197293692968693639725410416779430913330083636355426615586916351473", "price": "0.44", "size": "0", "side": "BUY", "hash": "6d3b61f65284d5ee9397a0a0af13eb1e747e79cd", "best_bid": "0.45", "best_ask": "0.54"}, {"asset_id": "52657166232134623290821106971243729012971210837922432211056635796074841723388", "price": "0.56", "size": "0", "side": "SELL", "hash": "0387bd2529abc2e9b19af61fe0be1d280a972e0d", "best_bid": "0.46", "best_ask": "0.55"}], "timestamp": "1769384470149", "event_type": "price_change"}}
{"_local_timestamp": "2026-01-25T23:41:10.438055+00:00", "data": {"market": "0x75852c511f568cf2a6e853d5e81f61a72f5b73fa446e035760cd7e294b33d450", "price_changes": [{"asset_id": "6354356652197293692968693639725410416779430913330083636355426615586916351473", "price": "0.46", "size": "150", "side": "BUY", "hash": "47225d602842cfcaedb33445840f79e7077bc14a", "best_bid": "0.46", "best_ask": "0.54"}, {"asset_id": "52657166232134623290821106971243729012971210837922432211056635796074841723388", "price": "0.54", "size": "150", "side": "SELL", "hash": "c92c4f0151cc6a8e98eb7cfa4652d85caa7d7084", "best_bid": "0.46", "best_ask": "0.54"}], "timestamp": "1769384470368", "event_type": "price_change"}}
{"_local_timestamp": "2026-01-25T23:41:14.597892+00:00", "data": {"market": "0x75852c511f568cf2a6e853d5e81f61a72f5b73fa446e035760cd7e294b33d450", "price_changes": [{"asset_id": "6354356652197293692968693639725410416779430913330083636355426615586916351473", "price": "0.45", "size": "0", "side": "BUY", "hash": "55e59607522abe8093d353abb0c140e5f7862930", "best_bid": "0.46", "best_ask": "0.54"}, {"asset_id": "52657166232134623290821106971243729012971210837922432211056635796074841723388", "price": "0.55", "size": "0", "side": "SELL", "hash": "5bf75ede73ac34dfea1cc8898edea317dc172ed7", "best_bid": "0.46", "best_ask": "0.54"}], "timestamp": "1769384474512", "event_type": "price_change"}}
{"_local_timestamp": "2026-01-25T23:41:14.599523+00:00", "data": {"market": "0x75852c511f568cf2a6e853d5e81f61a72f5b73fa446e035760cd7e294b33d450", "price_changes": [{"asset_id": "52657166232134623290821106971243729012971210837922432211056635796074841723388", "price": "0.46", "size": "0", "side": "BUY", "hash": "cc9a1bd204042c84bdd183a1ddb56d01a55c4f90", "best_bid": "0.45", "best_ask": "0.54"}, {"asset_id": "6354356652197293692968693639725410416779430913330083636355426615586916351473", "price": "0.54", "size": "0", "side": "SELL", "hash": "674c0983dbf3ee18d18b7ca8d2a0afa63d5fae9c", "best_bid": "0.46", "best_ask": "0.55"}], "timestamp": "1769384474512", "event_type": "price_change"}}
{"_local_timestamp": "2026-01-25T23:41:15.578217+00:00", "data": {"market": "0x75852c511f568cf2a6e853d5e81f61a72f5b73fa446e035760cd7e294b33d450", "price_changes": [{"asset_id": "6354356652197293692968693639725410416779430913330083636355426615586916351473", "price": "0.46", "size": "0", "side": "BUY", "hash": "bcb8eb1ebb4cc3020a79c40afdad462721dcf9dd", "best_bid": "0.43", "best_ask": "0.55"}, {"asset_id": "52657166232134623290821106971243729012971210837922432211056635796074841723388", "price": "0.54", "size": "0", "side": "SELL", "hash": "1be0de6404997fe2b01cd4d6b6daf1933c666953", "best_bid": "0.45", "best_ask": "0.57"}], "timestamp": "1769384475486", "event_type": "price_change"}}
{"_local_timestamp": "2026-01-25T23:41:15.879056+00:00", "data": {"market": "0x75852c511f568cf2a6e853d5e81f61a72f5b73fa446e035760cd7e294b33d450", "price_changes": [{"asset_id": "6354356652197293692968693639725410416779430913330083636355426615586916351473", "price": "0.44", "size": "150", "side": "BUY", "hash": "d1c7850bc7762c4579de6d25ee66f7231d5954c8", "best_bid": "0.44", "best_ask": "0.55"}, {"asset_id": "52657166232134623290821106971243729012971210837922432211056635796074841723388", "price": "0.56", "size": "150", "side": "SELL", "hash": "eee1cccb868e17b7ddc5bc23e31da464fa59c324", "best_bid": "0.45", "best_ask": "0.56"}], "timestamp": "1769384475782", "event_type": "price_change"}}
{"_local_timestamp": "2026-01-25T23:41:21.281546+00:00", "data": {"market": "0x75852c511f568cf2a6e853d5e81f61a72f5b73fa446e035760cd7e294b33d450", "price_changes": [{"asset_id": "6354356652197293692968693639725410416779430913330083636355426615586916351473", "price": "0.45", "size": "8.5", "side": "BUY", "hash": "07a177abcc325ccc7e7fbe26e9b962f9d2abfc96", "best_bid": "0.45", "best_ask": "0.55"}, {"asset_id": "52657166232134623290821106971243729012971210837922432211056635796074841723388", "price": "0.55", "size": "8.5", "side": "SELL", "hash": "bbb5f69414d7507af1e13753a6170da3401e1a18", "best_bid": "0.45", "best_ask": "0.55"}], "timestamp": "1769384481171", "event_type": "price_change"}}
{"_local_timestamp": "2026-01-25T23:41:21.283075+00:00", "data": {"market": "0x75852c511f568cf2a6e853d5e81f61a72f5b73fa446e035760cd7e294b33d450", "price_changes": [{"asset_id": "52657166232134623290821106971243729012971210837922432211056635796074841723388", "price": "0.46", "size": "8.5", "side": "BUY", "hash": "ca3d3e27631e5368d7048f159246ec7e0e0e8ade", "best_bid": "0.46", "best_ask": "0.55"}, {"asset_id": "6354356652197293692968693639725410416779430913330083636355426615586916351473", "price": "0.54", "size": "8.5", "side": "SELL", "hash": "feef287d13d63a65e73efa4413796f8f3b5a0638", "best_bid": "0.45", "best_ask": "0.54"}], "timestamp": "1769384481172", "event_type": "price_change"}}
{"_local_timestamp": "2026-01-25T23:41:26.941782+00:00", "data": {"market": "0x75852c511f568cf2a6e853d5e81f61a72f5b73fa446e035760cd7e294b33d450", "price_changes": [{"asset_id": "6354356652197293692968693639725410416779430913330083636355426615586916351473", "price": "0.44", "size": "0", "side": "BUY", "hash": "8f48bb7ced4528f0c65a93ae0f7380fae1f11db0", "best_bid": "0.45", "best_ask": "0.54"}, {"asset_id": "52657166232134623290821106971243729012971210837922432211056635796074841723388", "price": "0.56", "size": "0", "side": "SELL", "hash": "0cc66167aee7d0cc9c643405e3d81940281e3a5e", "best_bid": "0.46", "best_ask": "0.55"}], "timestamp": "1769384486846", "event_type": "price_change"}}
{"_local_timestamp": "2026-01-25T23:41:27.297948+00:00", "data": {"market": "0x75852c511f568cf2a6e853d5e81f61a72f5b73fa446e035760cd7e294b33d450", "price_changes": [{"asset_id": "6354356652197293692968693639725410416779430913330083636355426615586916351473", "price": "0.46", "size": "150", "side": "BUY", "hash": "eb7ec54c0e82ea2750805fa7d1cdbcfe8de822fb", "best_bid": "0.46", "best_ask": "0.54"}, {"asset_id": "52657166232134623290821106971243729012971210837922432211056635796074841723388", "price": "0.54", "size": "150", "side": "SELL", "hash": "1ca5aae58dc8a575d84f7d01604fd2b029827c7c", "best_bid": "0.46", "best_ask": "0.54"}], "timestamp": "1769384487184", "event_type": "price_change"}}
{"_local_timestamp": "2026-01-25T23:41:33.807245+00:00", "data": {"market": "0x75852c511f568cf2a6e853d5e81f61a72f5b73fa446e035760cd7e294b33d450", "price_changes": [{"asset_id": "6354356652197293692968693639725410416779430913330083636355426615586916351473", "price": "0.45", "size": "0", "side": "BUY", "hash": "4b9e84fb062c27121829a0a63650ef46db25b426", "best_bid": "0.46", "best_ask": "0.54"}, {"asset_id": "52657166232134623290821106971243729012971210837922432211056635796074841723388", "price": "0.55", "size": "0", "side": "SELL", "hash": "e9d5147ec2aae320d9dd8ca891c3b0ba65bb157c", "best_bid": "0.46", "best_ask": "0.54"}], "timestamp": "1769384493589", "event_type": "price_change"}}
{"_local_timestamp": "2026-01-25T23:41:33.863086+00:00", "data": {"market": "0x75852c511f568cf2a6e853d5e81f61a72f5b73fa446e035760cd7e294b33d450", "price_changes": [{"asset_id": "52657166232134623290821106971243729012971210837922432211056635796074841723388", "price": "0.46", "size": "0", "side": "BUY", "hash": "c05e493c096b701318d45f267d84a49b17727954", "best_bid": "0.45", "best_ask": "0.54"}, {"asset_id": "6354356652197293692968693639725410416779430913330083636355426615586916351473", "price": "0.54", "size": "0", "side": "SELL", "hash": "f7382038412c296f01c780bfeb56d40300bea262", "best_bid": "0.46", "best_ask": "0.55"}], "timestamp": "1769384493589", "event_type": "price_change"}}
{"_local_timestamp": "2026-01-25T23:41:46.340681+00:00", "data": {"market": "0x75852c511f568cf2a6e853d5e81f61a72f5b73fa446e035760cd7e294b33d450", "price_changes": [{"asset_id": "6354356652197293692968693639725410416779430913330083636355426615586916351473", "price": "0.46", "size": "0", "side": "BUY", "hash": "9b2a14c870f99cbeca23f90392d9bec88dd46cfa", "best_bid": "0.43", "best_ask": "0.55"}, {"asset_id": "52657166232134623290821106971243729012971210837922432211056635796074841723388", "price": "0.54", "size": "0", "side": "SELL", "hash": "30a6ae2bbc76570698a718efc2de5b5ba2d79bcb", "best_bid": "0.45", "best_ask": "0.57"}], "timestamp": "1769384506270", "event_type": "price_change"}}
{"_local_timestamp": "2026-01-25T23:41:46.705191+00:00", "data": {"market": "0x75852c511f568cf2a6e853d5e81f61a72f5b73fa446e035760cd7e294b33d450", "price_changes": [{"asset_id": "6354356652197293692968693639725410416779430913330083636355426615586916351473", "price": "0.44", "size": "150", "side": "BUY", "hash": "a367326178207cc887250b1ff492aa7fbffceb1f", "best_bid": "0.44", "best_ask": "0.55"}, {"asset_id": "52657166232134623290821106971243729012971210837922432211056635796074841723388", "price": "0.56", "size": "150", "side": "SELL", "hash": "a8e56d92702fb9923b277b51b3d3e02f4f876826", "best_bid": "0.45", "best_ask": "0.56"}], "timestamp": "1769384506634", "event_type": "price_change"}}
{"_local_timestamp": "2026-01-25T23:41:51.578395+00:00", "data": {"market": "0x75852c511f568cf2a6e853d5e81f61a72f5b73fa446e035760cd7e294b33d450", "price_changes": [{"asset_id": "6354356652197293692968693639725410416779430913330083636355426615586916351473", "price": "0.45", "size": "8.5", "side": "BUY", "hash": "79752e8b05593f64357b21a18bbcd89211c8b135", "best_bid": "0.45", "best_ask": "0.55"}, {"asset_id": "52657166232134623290821106971243729012971210837922432211056635796074841723388", "price": "0.55", "size": "8.5", "side": "SELL", "hash": "d0ca8652a8e9b88f0f743071ab3aebd341be5a06", "best_bid": "0.45", "best_ask": "0.55"}], "timestamp": "1769384511514", "event_type": "price_change"}}
{"_local_timestamp": "2026-01-25T23:41:51.582492+00:00", "data": {"market": "0x75852c511f568cf2a6e853d5e81f61a72f5b73fa446e035760cd7e294b33d450", "price_changes": [{"asset_id": "52657166232134623290821106971243729012971210837922432211056635796074841723388", "price": "0.46", "size": "8.5", "side": "BUY", "hash": "d1ad7a3a17a1e8f25cac7849d07d92c954adcca6", "best_bid": "0.46", "best_ask": "0.55"}, {"asset_id": "6354356652197293692968693639725410416779430913330083636355426615586916351473", "price": "0.54", "size": "8.5", "side": "SELL", "hash": "60f9547be7b4762a40ae44819c10642d41f79620", "best_bid": "0.45", "best_ask": "0.54"}], "timestamp": "1769384511515", "event_type": "price_change"}}
{"_local_timestamp": "2026-01-25T23:41:51.927305+00:00", "data": {"market": "0x75852c511f568cf2a6e853d5e81f61a72f5b73fa446e035760cd7e294b33d450", "price_changes": [{"asset_id": "6354356652197293692968693639725410416779430913330083636355426615586916351473", "price": "0.44", "size": "0", "side": "BUY", "hash": "68ad1e81c2120c2097fc6a926a744b955e0037b4", "best_bid": "0.45", "best_ask": "0.54"}, {"asset_id": "52657166232134623290821106971243729012971210837922432211056635796074841723388", "price": "0.56", "size": "0", "side": "SELL", "hash": "7c18ed0d20d49644f0925a681d6131324fd59e5c", "best_bid": "0.46", "best_ask": "0.55"}], "timestamp": "1769384511831", "event_type": "price_change"}}
{"_local_timestamp": "2026-01-25T23:41:52.176674+00:00", "data": {"market": "0x75852c511f568cf2a6e853d5e81f61a72f5b73fa446e035760cd7e294b33d450", "price_changes": [{"asset_id": "6354356652197293692968693639725410416779430913330083636355426615586916351473", "price": "0.46", "size": "150", "side": "BUY", "hash": "2c70afc8f726304d76aa5904c8d7d645f6e1cbc2", "best_bid": "0.46", "best_ask": "0.54"}, {"asset_id": "52657166232134623290821106971243729012971210837922432211056635796074841723388", "price": "0.54", "size": "150", "side": "SELL", "hash": "ff040206f2eae4aac5987b0b94dade598d37a2bc", "best_bid": "0.46", "best_ask": "0.54"}], "timestamp": "1769384512108", "event_type": "price_change"}}
{"_local_timestamp": "2026-01-25T23:41:55.888648+00:00", "data": {"market": "0x75852c511f568cf2a6e853d5e81f61a72f5b73fa446e035760cd7e294b33d450", "price_changes": [{"asset_id": "6354356652197293692968693639725410416779430913330083636355426615586916351473", "price": "0.45", "size": "0", "side": "BUY", "hash": "f46d8e21d7f72e18dd79b30306dfec3ccee5bea8", "best_bid": "0.46", "best_ask": "0.54"}, {"asset_id": "52657166232134623290821106971243729012971210837922432211056635796074841723388", "price": "0.55", "size": "0", "side": "SELL", "hash": "0a791a86293798767d61422546973ea8ffb2406c", "best_bid": "0.46", "best_ask": "0.54"}], "timestamp": "1769384515815", "event_type": "price_change"}}
{"_local_timestamp": "2026-01-25T23:41:55.889917+00:00", "data": {"market": "0x75852c511f568cf2a6e853d5e81f61a72f5b73fa446e035760cd7e294b33d450", "price_changes": [{"asset_id": "52657166232134623290821106971243729012971210837922432211056635796074841723388", "price": "0.46", "size": "0", "side": "BUY", "hash": "60d18b9a5a7c229ec55938862ebf44e5cdce09cc", "best_bid": "0.45", "best_ask": "0.54"}, {"asset_id": "6354356652197293692968693639725410416779430913330083636355426615586916351473", "price": "0.54", "size": "0", "side": "SELL", "hash": "c73c78508596c2877a0482cad5569ab2ccaf5f59", "best_bid": "0.46", "best_ask": "0.55"}], "timestamp": "1769384515815", "event_type": "price_change"}}
{"_local_timestamp": "2026-01-25T23:41:57.352768+00:00", "data": {"market": "0x75852c511f568cf2a6e853d5e81f61a72f5b73fa446e035760cd7e294b33d450", "price_changes": [{"asset_id": "6354356652197293692968693639725410416779430913330083636355426615586916351473", "price": "0.46", "size": "0", "side": "BUY", "hash": "08557f1655a95a7d7bcb658d7f62d204c0a60c9d", "best_bid": "0.43", "best_ask": "0.55"}, {"asset_id": "52657166232134623290821106971243729012971210837922432211056635796074841723388", "price": "0.54", "size": "0", "side": "SELL", "hash": "02c6b14f32d6cb16e6cd698a6a3a4c6134a950cd", "best_bid": "0.45", "best_ask": "0.57"}], "timestamp": "1769384517278", "event_type": "price_change"}}
{"_local_timestamp": "2026-01-25T23:41:58.121320+00:00", "data": {"market": "0x75852c511f568cf2a6e853d5e81f61a72f5b73fa446e035760cd7e294b33d450", "price_changes": [{"asset_id": "6354356652197293692968693639725410416779430913330083636355426615586916351473", "price": "0.44", "size": "150", "side": "BUY", "hash": "f647e0ac8cc9b8ff3f0aa141fd3d517dfbca7a98", "best_bid": "0.44", "best_ask": "0.55"}, {"asset_id": "52657166232134623290821106971243729012971210837922432211056635796074841723388", "price": "0.56", "size": "150", "side": "SELL", "hash": "d2e253d0bccbaab9bbd59be4b49660aebb795fa3", "best_bid": "0.45", "best_ask": "0.56"}], "timestamp": "1769384518049", "event_type": "price_change"}}
{"_local_timestamp": "2026-01-25T23:42:01.731876+00:00", "data": {"market": "0x75852c511f568cf2a6e853d5e81f61a72f5b73fa446e035760cd7e294b33d450", "price_changes": [{"asset_id": "6354356652197293692968693639725410416779430913330083636355426615586916351473", "price": "0.45", "size": "8.5", "side": "BUY", "hash": "eeacb41608634a84da0931ff80273e72b9c6a4a9", "best_bid": "0.45", "best_ask": "0.55"}, {"asset_id": "52657166232134623290821106971243729012971210837922432211056635796074841723388", "price": "0.55", "size": "8.5", "side": "SELL", "hash": "d7116d5736b97b938144a097e1dd311ba76e42a4", "best_bid": "0.45", "best_ask": "0.55"}], "timestamp": "1769384521665", "event_type": "price_change"}}
{"_local_timestamp": "2026-01-25T23:42:01.740601+00:00", "data": {"market": "0x75852c511f568cf2a6e853d5e81f61a72f5b73fa446e035760cd7e294b33d450", "price_changes": [{"asset_id": "52657166232134623290821106971243729012971210837922432211056635796074841723388", "price": "0.46", "size": "8.5", "side": "BUY", "hash": "921a8d1ece602ffd80a3c99b2ef6cc80932926d3", "best_bid": "0.46", "best_ask": "0.55"}, {"asset_id": "6354356652197293692968693639725410416779430913330083636355426615586916351473", "price": "0.54", "size": "8.5", "side": "SELL", "hash": "eb739b1480783bf6b28cba8f6d5ec3c67ce979a6", "best_bid": "0.45", "best_ask": "0.54"}], "timestamp": "1769384521666", "event_type": "price_change"}}
{"_local_timestamp": "2026-01-25T23:42:03.307300+00:00", "data": {"market": "0x75852c511f568cf2a6e853d5e81f61a72f5b73fa446e035760cd7e294b33d450", "price_changes": [{"asset_id": "6354356652197293692968693639725410416779430913330083636355426615586916351473", "price": "0.44", "size": "0", "side": "BUY", "hash": "856c8eb74fc97526849365e92a205c2b42ae61fb", "best_bid": "0.45", "best_ask": "0.54"}, {"asset_id": "52657166232134623290821106971243729012971210837922432211056635796074841723388", "price": "0.56", "size": "0", "side": "SELL", "hash": "6f8b6467fb445217df9635342bb1a92c326a36a7", "best_bid": "0.46", "best_ask": "0.55"}], "timestamp": "1769384523242", "event_type": "price_change"}}
{"_local_timestamp": "2026-01-25T23:42:03.645776+00:00", "data": {"market": "0x75852c511f568cf2a6e853d5e81f61a72f5b73fa446e035760cd7e294b33d450", "price_changes": [{"asset_id": "6354356652197293692968693639725410416779430913330083636355426615586916351473", "price": "0.46", "size": "150", "side": "BUY", "hash": "a68066b14e062e16a09dbe3d5821b29fb8eca0ff", "best_bid": "0.46", "best_ask": "0.54"}, {"asset_id": "52657166232134623290821106971243729012971210837922432211056635796074841723388", "price": "0.54", "size": "150", "side": "SELL", "hash": "983dbb5a12f8225d19d60dd492146846d56a4414", "best_bid": "0.46", "best_ask": "0.54"}], "timestamp": "1769384523571", "event_type": "price_change"}}
{"_local_timestamp": "2026-01-25T23:42:08.168407+00:00", "data": {"market": "0x75852c511f568cf2a6e853d5e81f61a72f5b73fa446e035760cd7e294b33d450", "price_changes": [{"asset_id": "6354356652197293692968693639725410416779430913330083636355426615586916351473", "price": "0.45", "size": "0", "side": "BUY", "hash": "9093aceed070512bf6ff7782ec02dc1cddc25675", "best_bid": "0.46", "best_ask": "0.54"}, {"asset_id": "52657166232134623290821106971243729012971210837922432211056635796074841723388", "price": "0.55", "size": "0", "side": "SELL", "hash": "90fc63da663a64b50b4dce9fee91cf8389469fde", "best_bid": "0.46", "best_ask": "0.54"}], "timestamp": "1769384528103", "event_type": "price_change"}}
{"_local_timestamp": "2026-01-25T23:42:08.169485+00:00", "data": {"market": "0x75852c511f568cf2a6e853d5e81f61a72f5b73fa446e035760cd7e294b33d450", "price_changes": [{"asset_id": "52657166232134623290821106971243729012971210837922432211056635796074841723388", "price": "0.46", "size": "0", "side": "BUY", "hash": "61e24faf9eb0e3aacf7ad036fd0e35bb9111aeff", "best_bid": "0.45", "best_ask": "0.54"}, {"asset_id": "6354356652197293692968693639725410416779430913330083636355426615586916351473", "price": "0.54", "size": "0", "side": "SELL", "hash": "990f109ae391ee47105c7ccd2151dca88d469d54", "best_bid": "0.46", "best_ask": "0.55"}], "timestamp": "1769384528104", "event_type": "price_change"}}
{"_local_timestamp": "2026-01-25T23:42:08.820877+00:00", "data": {"market": "0x75852c511f568cf2a6e853d5e81f61a72f5b73fa446e035760cd7e294b33d450", "price_changes": [{"asset_id": "6354356652197293692968693639725410416779430913330083636355426615586916351473", "price": "0.46", "size": "0", "side": "BUY", "hash": "318791b68a5fe32f80a7c53662935d3de911c220", "best_bid": "0.43", "best_ask": "0.55"}, {"asset_id": "52657166232134623290821106971243729012971210837922432211056635796074841723388", "price": "0.54", "size": "0", "side": "SELL", "hash": "740c0086465a218f322b7575cf3b95521c9ccdcc", "best_bid": "0.45", "best_ask": "0.57"}], "timestamp": "1769384528750", "event_type": "price_change"}}
{"_local_timestamp": "2026-01-25T23:42:09.108111+00:00", "data": {"market": "0x75852c511f568cf2a6e853d5e81f61a72f5b73fa446e035760cd7e294b33d450", "price_changes": [{"asset_id": "6354356652197293692968693639725410416779430913330083636355426615586916351473", "price": "0.44", "size": "150", "side": "BUY", "hash": "f63d7ad31af78699014ca2690ad3024bb8e12dfa", "best_bid": "0.44", "best_ask": "0.55"}, {"asset_id": "52657166232134623290821106971243729012971210837922432211056635796074841723388", "price": "0.56", "size": "150", "side": "SELL", "hash": "e4d6a591f453f3ee4d4dbda9bb997048b73930f3", "best_bid": "0.45", "best_ask": "0.56"}], "timestamp": "1769384529034", "event_type": "price_change"}}
{"_local_timestamp": "2026-01-25T23:42:13.438924+00:00", "data": {"market": "0x75852c511f568cf2a6e853d5e81f61a72f5b73fa446e035760cd7e294b33d450", "price_changes": [{"asset_id": "52657166232134623290821106971243729012971210837922432211056635796074841723388", "price": "0.46", "size": "8.5", "side": "BUY", "hash": "8181fc10a2800d048c7b4cde21608300ce09fb66", "best_bid": "0.46", "best_ask": "0.56"}, {"asset_id": "6354356652197293692968693639725410416779430913330083636355426615586916351473", "price": "0.54", "size": "8.5", "side": "SELL", "hash": "b8371c476421e633c8e5023191cced2b932f0667", "best_bid": "0.44", "best_ask": "0.54"}], "timestamp": "1769384533367", "event_type": "price_change"}}
{"_local_timestamp": "2026-01-25T23:42:13.440189+00:00", "data": {"market": "0x75852c511f568cf2a6e853d5e81f61a72f5b73fa446e035760cd7e294b33d450", "price_changes": [{"asset_id": "6354356652197293692968693639725410416779430913330083636355426615586916351473", "price": "0.45", "size": "8.5", "side": "BUY", "hash": "68f3c0a90c66d1789e9cb8e284f669cbf020cc11", "best_bid": "0.45", "best_ask": "0.54"}, {"asset_id": "52657166232134623290821106971243729012971210837922432211056635796074841723388", "price": "0.55", "size": "8.5", "side": "SELL", "hash": "b3a9bb52fbccfba4240f0c53ee7d3f405700990c", "best_bid": "0.46", "best_ask": "0.55"}], "timestamp": "1769384533368", "event_type": "price_change"}}
{"_local_timestamp": "2026-01-25T23:42:14.292360+00:00", "data": {"market": "0x75852c511f568cf2a6e853d5e81f61a72f5b73fa446e035760cd7e294b33d450", "price_changes": [{"asset_id": "6354356652197293692968693639725410416779430913330083636355426615586916351473", "price": "0.44", "size": "0", "side": "BUY", "hash": "b01f482b64082bc667d54e254f7f713c1373b50d", "best_bid": "0.45", "best_ask": "0.54"}, {"asset_id": "52657166232134623290821106971243729012971210837922432211056635796074841723388", "price": "0.56", "size": "0", "side": "SELL", "hash": "6ad7ccb49823d2f8f04a8db529ce2e7eb30877b6", "best_bid": "0.46", "best_ask": "0.55"}], "timestamp": "1769384534223", "event_type": "price_change"}}
{"_local_timestamp": "2026-01-25T23:42:14.807783+00:00", "data": {"market": "0x75852c511f568cf2a6e853d5e81f61a72f5b73fa446e035760cd7e294b33d450", "price_changes": [{"asset_id": "6354356652197293692968693639725410416779430913330083636355426615586916351473", "price": "0.46", "size": "150", "side": "BUY", "hash": "7425baf47a48c2f9ae14804625c8ea5ba9ec975b", "best_bid": "0.46", "best_ask": "0.54"}, {"asset_id": "52657166232134623290821106971243729012971210837922432211056635796074841723388", "price": "0.54", "size": "150", "side": "SELL", "hash": "6c7c727bfdf1c8c650e92fbb6460bff031250a9a", "best_bid": "0.46", "best_ask": "0.54"}], "timestamp": "1769384534734", "event_type": "price_change"}}
{"_local_timestamp": "2026-01-25T23:42:20.050410+00:00", "data": {"market": "0x75852c511f568cf2a6e853d5e81f61a72f5b73fa446e035760cd7e294b33d450", "price_changes": [{"asset_id": "6354356652197293692968693639725410416779430913330083636355426615586916351473", "price": "0.45", "size": "0", "side": "BUY", "hash": "76ff93badd881eff77498a3371fb4a9b10069a30", "best_bid": "0.46", "best_ask": "0.54"}, {"asset_id": "52657166232134623290821106971243729012971210837922432211056635796074841723388", "price": "0.55", "size": "0", "side": "SELL", "hash": "6c0af47768769e88807b67629d15ff94d23cfd2e", "best_bid": "0.46", "best_ask": "0.54"}], "timestamp": "1769384539985", "event_type": "price_change"}}
{"_local_timestamp": "2026-01-25T23:42:20.051559+00:00", "data": {"market": "0x75852c511f568cf2a6e853d5e81f61a72f5b73fa446e035760cd7e294b33d450", "price_changes": [{"asset_id": "52657166232134623290821106971243729012971210837922432211056635796074841723388", "price": "0.46", "size": "0", "side": "BUY", "hash": "6832fbee2a9979e6c16cbb95882e27c4c25cf9ad", "best_bid": "0.45", "best_ask": "0.54"}, {"asset_id": "6354356652197293692968693639725410416779430913330083636355426615586916351473", "price": "0.54", "size": "0", "side": "SELL", "hash": "e58dcc20d54bc30e9b1db218e60e1dc42ee5cf66", "best_bid": "0.46", "best_ask": "0.55"}], "timestamp": "1769384539985", "event_type": "price_change"}}
{"_local_timestamp": "2026-01-25T23:42:25.352291+00:00", "data": {"market": "0x75852c511f568cf2a6e853d5e81f61a72f5b73fa446e035760cd7e294b33d450", "price_changes": [{"asset_id": "6354356652197293692968693639725410416779430913330083636355426615586916351473", "price": "0.46", "size": "0", "side": "BUY", "hash": "89576466a3fe014d1b42c192cba8b88d994aec94", "best_bid": "0.43", "best_ask": "0.55"}, {"asset_id": "52657166232134623290821106971243729012971210837922432211056635796074841723388", "price": "0.54", "size": "0", "side": "SELL", "hash": "99ff3ff3df4928f2f10def8d7636313940a0edd0", "best_bid": "0.45", "best_ask": "0.57"}], "timestamp": "1769384545265", "event_type": "price_change"}}
{"_local_timestamp": "2026-01-25T23:42:25.972744+00:00", "data": {"market": "0x75852c511f568cf2a6e853d5e81f61a72f5b73fa446e035760cd7e294b33d450", "price_changes": [{"asset_id": "6354356652197293692968693639725410416779430913330083636355426615586916351473", "price": "0.44", "size": "150", "side": "BUY", "hash": "9059aa21e01019d80e82a556fed95452f240e9bd", "best_bid": "0.44", "best_ask": "0.55"}, {"asset_id": "52657166232134623290821106971243729012971210837922432211056635796074841723388", "price": "0.56", "size": "150", "side": "SELL", "hash": "84d8d4e81e693fbf4a3f1fb00f9ff54dbe9053a6", "best_bid": "0.45", "best_ask": "0.56"}], "timestamp": "1769384545901", "event_type": "price_change"}}
{"_local_timestamp": "2026-01-25T23:42:30.149886+00:00", "data": {"market": "0x75852c511f568cf2a6e853d5e81f61a72f5b73fa446e035760cd7e294b33d450", "price_changes": [{"asset_id": "6354356652197293692968693639725410416779430913330083636355426615586916351473", "price": "0.45", "size": "8.5", "side": "BUY", "hash": "f480990756d96160c570a07c530c2367d03e0c97", "best_bid": "0.45", "best_ask": "0.55"}, {"asset_id": "52657166232134623290821106971243729012971210837922432211056635796074841723388", "price": "0.55", "size": "8.5", "side": "SELL", "hash": "2a9aaf13c85567f78cea664066cb4a3a44844d3f", "best_bid": "0.45", "best_ask": "0.55"}], "timestamp": "1769384550082", "event_type": "price_change"}}
{"_local_timestamp": "2026-01-25T23:42:30.154674+00:00", "data": {"market": "0x75852c511f568cf2a6e853d5e81f61a72f5b73fa446e035760cd7e294b33d450", "price_changes": [{"asset_id": "52657166232134623290821106971243729012971210837922432211056635796074841723388", "price": "0.46", "size": "8.5", "side": "BUY", "hash": "2035eef5c1c0d08cdae06b9bb71e0e7f1189176b", "best_bid": "0.46", "best_ask": "0.55"}, {"asset_id": "6354356652197293692968693639725410416779430913330083636355426615586916351473", "price": "0.54", "size": "8.5", "side": "SELL", "hash": "9ffec9a041ece6238745dec0668fc4b5aba1774d", "best_bid": "0.45", "best_ask": "0.54"}], "timestamp": "1769384550083", "event_type": "price_change"}}
{"_local_timestamp": "2026-01-25T23:42:31.172639+00:00", "data": {"market": "0x75852c511f568cf2a6e853d5e81f61a72f5b73fa446e035760cd7e294b33d450", "price_changes": [{"asset_id": "6354356652197293692968693639725410416779430913330083636355426615586916351473", "price": "0.44", "size": "0", "side": "BUY", "hash": "a0b38dc0593c7e94ae4aaef1e9cf1698eabc02da", "best_bid": "0.45", "best_ask": "0.54"}, {"asset_id": "52657166232134623290821106971243729012971210837922432211056635796074841723388", "price": "0.56", "size": "0", "side": "SELL", "hash": "4ea2b313ceca0c5374076d723d78e06dfe0c71b5", "best_bid": "0.46", "best_ask": "0.55"}], "timestamp": "1769384551101", "event_type": "price_change"}}
{"_local_timestamp": "2026-01-25T23:42:32.203604+00:00", "data": {"market": "0x75852c511f568cf2a6e853d5e81f61a72f5b73fa446e035760cd7e294b33d450", "price_changes": [{"asset_id": "6354356652197293692968693639725410416779430913330083636355426615586916351473", "price": "0.46", "size": "150", "side": "BUY", "hash": "f09128b9e7c5235866df1f8cf2d3842ecdb3cf84", "best_bid": "0.46", "best_ask": "0.54"}, {"asset_id": "52657166232134623290821106971243729012971210837922432211056635796074841723388", "price": "0.54", "size": "150", "side": "SELL", "hash": "fc65af373a272b2f96c5bb0a408a6390ee34915a", "best_bid": "0.46", "best_ask": "0.54"}], "timestamp": "1769384552130", "event_type": "price_change"}}
{"_local_timestamp": "2026-01-25T23:42:35.625755+00:00", "data": {"market": "0x75852c511f568cf2a6e853d5e81f61a72f5b73fa446e035760cd7e294b33d450", "price_changes": [{"asset_id": "6354356652197293692968693639725410416779430913330083636355426615586916351473", "price": "0.45", "size": "0", "side": "BUY", "hash": "d2aeb14092843ac199486ccb161cab805d52233d", "best_bid": "0.46", "best_ask": "0.54"}, {"asset_id": "52657166232134623290821106971243729012971210837922432211056635796074841723388", "price": "0.55", "size": "0", "side": "SELL", "hash": "3cc2fcea26af0bfc7c33d11f46932f774a4723d7", "best_bid": "0.46", "best_ask": "0.54"}], "timestamp": "1769384555556", "event_type": "price_change"}}
{"_local_timestamp": "2026-01-25T23:42:35.658413+00:00", "data": {"market": "0x75852c511f568cf2a6e853d5e81f61a72f5b73fa446e035760cd7e294b33d450", "price_changes": [{"asset_id": "6354356652197293692968693639725410416779430913330083636355426615586916351473", "price": "0.42", "size": "8.5", "side": "BUY", "hash": "4bd722af190a38cc9a9748b323c21ef5b9c93ba1", "best_bid": "0.46", "best_ask": "0.54"}, {"asset_id": "52657166232134623290821106971243729012971210837922432211056635796074841723388", "price": "0.58", "size": "8.5", "side": "SELL", "hash": "eea091bfad7d977cecbd19babd446a15d11f76ae", "best_bid": "0.46", "best_ask": "0.54"}], "timestamp": "1769384555591", "event_type": "price_change"}}
{"_local_timestamp": "2026-01-25T23:42:37.648806+00:00", "data": {"market": "0x75852c511f568cf2a6e853d5e81f61a72f5b73fa446e035760cd7e294b33d450", "price_changes": [{"asset_id": "6354356652197293692968693639725410416779430913330083636355426615586916351473", "price": "0.46", "size": "0", "side": "BUY", "hash": "cb149eb329669b7ef71852d1e0278904e39d9b73", "best_bid": "0.43", "best_ask": "0.54"}, {"asset_id": "52657166232134623290821106971243729012971210837922432211056635796074841723388", "price": "0.54", "size": "0", "side": "SELL", "hash": "5b6903085e07a217f81f17e568d275bf6ad78eb4", "best_bid": "0.46", "best_ask": "0.57"}], "timestamp": "1769384557579", "event_type": "price_change"}}
{"_local_timestamp": "2026-01-25T23:42:38.065251+00:00", "data": {"market": "0x75852c511f568cf2a6e853d5e81f61a72f5b73fa446e035760cd7e294b33d450", "price_changes": [{"asset_id": "6354356652197293692968693639725410416779430913330083636355426615586916351473", "price": "0.44", "size": "150", "side": "BUY", "hash": "50186157e1f4c8e5139065774b38b3c63a35405e", "best_bid": "0.44", "best_ask": "0.54"}, {"asset_id": "52657166232134623290821106971243729012971210837922432211056635796074841723388", "price": "0.56", "size": "150", "side": "SELL", "hash": "37571a8871abf01f556beee544c95dab931d90e2", "best_bid": "0.46", "best_ask": "0.56"}], "timestamp": "1769384557991", "event_type": "price_change"}}
{"_local_timestamp": "2026-01-25T23:42:39.098378+00:00", "data": {"market": "0x078feddd53d2bf4e1d48a37abe77086a04d23f2a9565f23a87a7d0132544c6ce", "price_changes": [{"asset_id": "94275205971087937612779652982348513062469691809310167814380912506764672143942", "price": "0.69", "size": "50", "side": "BUY", "hash": "f09a797b2594a52ba58bd48cf9e8370484751ced", "best_bid": "0.69", "best_ask": "0.8"}, {"asset_id": "52827999196792401407850537040011344703891613077379868943806003994262769331897", "price": "0.31", "size": "50", "side": "SELL", "hash": "517e764fb8062aaa2c6d19bc5b940849f9654abb", "best_bid": "0.2", "best_ask": "0.31"}], "timestamp": "1769384559026", "event_type": "price_change"}}
{"_local_timestamp": "2026-01-25T23:42:39.840971+00:00", "data": {"market": "0x75852c511f568cf2a6e853d5e81f61a72f5b73fa446e035760cd7e294b33d450", "price_changes": [{"asset_id": "6354356652197293692968693639725410416779430913330083636355426615586916351473", "price": "0.42", "size": "0", "side": "BUY", "hash": "5cd54bb5c3c442f9d59aa31d12c256191dde5fa3", "best_bid": "0.44", "best_ask": "0.54"}, {"asset_id": "52657166232134623290821106971243729012971210837922432211056635796074841723388", "price": "0.58", "size": "0", "side": "SELL", "hash": "6ed518c495d31510f1e6e28b861b1daeb2394339", "best_bid": "0.46", "best_ask": "0.56"}], "timestamp": "1769384559777", "event_type": "price_change"}}
{"_local_timestamp": "2026-01-25T23:42:39.842069+00:00", "data": {"market": "0x75852c511f568cf2a6e853d5e81f61a72f5b73fa446e035760cd7e294b33d450", "price_changes": [{"asset_id": "52657166232134623290821106971243729012971210837922432211056635796074841723388", "price": "0.46", "size": "0", "side": "BUY", "hash": "e9d76701f6c18bb74f3b3c60d37a874a4cbecc90", "best_bid": "0.45", "best_ask": "0.56"}, {"asset_id": "6354356652197293692968693639725410416779430913330083636355426615586916351473", "price": "0.54", "size": "0", "side": "SELL", "hash": "593667a2ab6ba43c6f5de1cfc5653e898838add5", "best_bid": "0.44", "best_ask": "0.55"}], "timestamp": "1769384559777", "event_type": "price_change"}}
{"_local_timestamp": "2026-01-25T23:42:46.849138+00:00", "data": {"market": "0x75852c511f568cf2a6e853d5e81f61a72f5b73fa446e035760cd7e294b33d450", "price_changes": [{"asset_id": "6354356652197293692968693639725410416779430913330083636355426615586916351473", "price": "0.45", "size": "8.5", "side": "BUY", "hash": "483fe100cf70bf9dc8e32131111831844f373398", "best_bid": "0.45", "best_ask": "0.55"}, {"asset_id": "52657166232134623290821106971243729012971210837922432211056635796074841723388", "price": "0.55", "size": "8.5", "side": "SELL", "hash": "07bf0660e2e3a7b44e89228780b6a98158ec9e8d", "best_bid": "0.45", "best_ask": "0.55"}], "timestamp": "1769384566671", "event_type": "price_change"}}
{"_local_timestamp": "2026-01-25T23:42:46.850520+00:00", "data": {"market": "0x75852c511f568cf2a6e853d5e81f61a72f5b73fa446e035760cd7e294b33d450", "price_changes": [{"asset_id": "52657166232134623290821106971243729012971210837922432211056635796074841723388", "price": "0.46", "size": "8.5", "side": "BUY", "hash": "197ae15cbda4666e2310df09bfc06497cc854c77", "best_bid": "0.46", "best_ask": "0.55"}, {"asset_id": "6354356652197293692968693639725410416779430913330083636355426615586916351473", "price": "0.54", "size": "8.5", "side": "SELL", "hash": "d04bf0a5806b8ca0daf074a72745d3a4587a324b", "best_bid": "0.45", "best_ask": "0.54"}], "timestamp": "1769384566671", "event_type": "price_change"}}
{"_local_timestamp": "2026-01-25T23:42:49.353506+00:00", "data": {"market": "0x75852c511f568cf2a6e853d5e81f61a72f5b73fa446e035760cd7e294b33d450", "price_changes": [{"asset_id": "6354356652197293692968693639725410416779430913330083636355426615586916351473", "price": "0.44", "size": "0", "side": "BUY", "hash": "9cf39fba771bebfe4e0511505212a1849b5134af", "best_bid": "0.45", "best_ask": "0.54"}, {"asset_id": "52657166232134623290821106971243729012971210837922432211056635796074841723388", "price": "0.56", "size": "0", "side": "SELL", "hash": "146e70c870be022b334921dd3196055df89c2663", "best_bid": "0.46", "best_ask": "0.55"}], "timestamp": "1769384569195", "event_type": "price_change"}}
{"_local_timestamp": "2026-01-25T23:42:49.901691+00:00", "data": {"market": "0x75852c511f568cf2a6e853d5e81f61a72f5b73fa446e035760cd7e294b33d450", "price_changes": [{"asset_id": "6354356652197293692968693639725410416779430913330083636355426615586916351473", "price": "0.46", "size": "150", "side": "BUY", "hash": "0f7fbaaeac854dfca94a6a45f61ecfcc9c03c315", "best_bid": "0.46", "best_ask": "0.54"}, {"asset_id": "52657166232134623290821106971243729012971210837922432211056635796074841723388", "price": "0.54", "size": "150", "side": "SELL", "hash": "789ce8d2823dc8ac91c9806f993b880c0ca402e6", "best_bid": "0.46", "best_ask": "0.54"}], "timestamp": "1769384569727", "event_type": "price_change"}}
{"_local_timestamp": "2026-01-25T23:42:52.233172+00:00", "data": {"market": "0x078feddd53d2bf4e1d48a37abe77086a04d23f2a9565f23a87a7d0132544c6ce", "price_changes": [{"asset_id": "94275205971087937612779652982348513062469691809310167814380912506764672143942", "price": "0.69", "size": "82.79", "side": "BUY", "hash": "26504dbc85d614dd88c51f996c28eec6a37cb4d6", "best_bid": "0.69", "best_ask": "0.8"}, {"asset_id": "52827999196792401407850537040011344703891613077379868943806003994262769331897", "price": "0.31", "size": "82.79", "side": "SELL", "hash": "75e5499ecb39e288137638dc3ed768c8f66ebad8", "best_bid": "0.2", "best_ask": "0.31"}], "timestamp": "1769384572010", "event_type": "price_change"}}
{"_local_timestamp": "2026-01-25T23:42:52.557701+00:00", "data": {"market": "0x75852c511f568cf2a6e853d5e81f61a72f5b73fa446e035760cd7e294b33d450", "price_changes": [{"asset_id": "6354356652197293692968693639725410416779430913330083636355426615586916351473", "price": "0.45", "size": "0", "side": "BUY", "hash": "93888e1ae4b84e325c8ccff02f0bb2af7cbbf4e9", "best_bid": "0.46", "best_ask": "0.54"}, {"asset_id": "52657166232134623290821106971243729012971210837922432211056635796074841723388", "price": "0.55", "size": "0", "side": "SELL", "hash": "3afe4edcecdd909e32d732e3b2600967307c88ce", "best_bid": "0.46", "best_ask": "0.54"}], "timestamp": "1769384572376", "event_type": "price_change"}}
{"_local_timestamp": "2026-01-25T23:42:52.559081+00:00", "data": {"market": "0x75852c511f568cf2a6e853d5e81f61a72f5b73fa446e035760cd7e294b33d450", "price_changes": [{"asset_id": "52657166232134623290821106971243729012971210837922432211056635796074841723388", "price": "0.46", "size": "0", "side": "BUY", "hash": "c48fd3939e69ff842c764c8faae4b53c1f09abfe", "best_bid": "0.45", "best_ask": "0.54"}, {"asset_id": "6354356652197293692968693639725410416779430913330083636355426615586916351473", "price": "0.54", "size": "0", "side": "SELL", "hash": "73ec601b27403141c224f7f1d0c1640f903dce65", "best_bid": "0.46", "best_ask": "0.55"}], "timestamp": "1769384572376", "event_type": "price_change"}}
{"_local_timestamp": "2026-01-25T23:42:55.058239+00:00", "data": {"market": "0x75852c511f568cf2a6e853d5e81f61a72f5b73fa446e035760cd7e294b33d450", "price_changes": [{"asset_id": "6354356652197293692968693639725410416779430913330083636355426615586916351473", "price": "0.46", "size": "0", "side": "BUY", "hash": "e13110ecbf0650a9a8cde8d8bddbb7244772564c", "best_bid": "0.43", "best_ask": "0.55"}, {"asset_id": "52657166232134623290821106971243729012971210837922432211056635796074841723388", "price": "0.54", "size": "0", "side": "SELL", "hash": "7e48e124bcab9f825951562ed2147ec79091ac15", "best_bid": "0.45", "best_ask": "0.57"}], "timestamp": "1769384574886", "event_type": "price_change"}}
{"_local_timestamp": "2026-01-25T23:42:55.333926+00:00", "data": {"market": "0x75852c511f568cf2a6e853d5e81f61a72f5b73fa446e035760cd7e294b33d450", "price_changes": [{"asset_id": "6354356652197293692968693639725410416779430913330083636355426615586916351473", "price": "0.44", "size": "150", "side": "BUY", "hash": "a21aeff22bc6d93e9498d3dc92828e7a3fed9ec2", "best_bid": "0.44", "best_ask": "0.55"}, {"asset_id": "52657166232134623290821106971243729012971210837922432211056635796074841723388", "price": "0.56", "size": "150", "side": "SELL", "hash": "b39046f8bca721c2ee4f10212369a3723e39a59c", "best_bid": "0.45", "best_ask": "0.56"}], "timestamp": "1769384575165", "event_type": "price_change"}}
{"_local_timestamp": "2026-01-25T23:42:59.938287+00:00", "data": {"market": "0x75852c511f568cf2a6e853d5e81f61a72f5b73fa446e035760cd7e294b33d450", "price_changes": [{"asset_id": "6354356652197293692968693639725410416779430913330083636355426615586916351473", "price": "0.45", "size": "8.5", "side": "BUY", "hash": "a3036ad9ae56411131fddd1f3f3161b506d6ce3d", "best_bid": "0.45", "best_ask": "0.55"}, {"asset_id": "52657166232134623290821106971243729012971210837922432211056635796074841723388", "price": "0.55", "size": "8.5", "side": "SELL", "hash": "e5972d18019ab7b447c8b65662d67e15828295f6", "best_bid": "0.45", "best_ask": "0.55"}], "timestamp": "1769384579744", "event_type": "price_change"}}
{"_local_timestamp": "2026-01-25T23:42:59.939761+00:00", "data": {"market": "0x75852c511f568cf2a6e853d5e81f61a72f5b73fa446e035760cd7e294b33d450", "price_changes": [{"asset_id": "52657166232134623290821106971243729012971210837922432211056635796074841723388", "price": "0.46", "size": "8.5", "side": "BUY", "hash": "43f98c5baba361b0d2a57e6a818d2e94de9a39b7", "best_bid": "0.46", "best_ask": "0.55"}, {"asset_id": "6354356652197293692968693639725410416779430913330083636355426615586916351473", "price": "0.54", "size": "8.5", "side": "SELL", "hash": "d61ff485ffb53ffe9440116da3a4fb013246d759", "best_bid": "0.45", "best_ask": "0.54"}], "timestamp": "1769384579745", "event_type": "price_change"}}
{"_local_timestamp": "2026-01-25T23:43:00.531366+00:00", "data": {"market": "0x75852c511f568cf2a6e853d5e81f61a72f5b73fa446e035760cd7e294b33d450", "price_changes": [{"asset_id": "6354356652197293692968693639725410416779430913330083636355426615586916351473", "price": "0.44", "size": "0", "side": "BUY", "hash": "ca9109b3a109c6c8e2487fe42e1cfba3001fd35c", "best_bid": "0.45", "best_ask": "0.54"}, {"asset_id": "52657166232134623290821106971243729012971210837922432211056635796074841723388", "price": "0.56", "size": "0", "side": "SELL", "hash": "c44485a20ed8260dfad9bc320794df32fd4ee165", "best_bid": "0.46", "best_ask": "0.55"}], "timestamp": "1769384580305", "event_type": "price_change"}}
{"_local_timestamp": "2026-01-25T23:43:00.886734+00:00", "data": {"market": "0x75852c511f568cf2a6e853d5e81f61a72f5b73fa446e035760cd7e294b33d450", "price_changes": [{"asset_id": "6354356652197293692968693639725410416779430913330083636355426615586916351473", "price": "0.46", "size": "150", "side": "BUY", "hash": "a9a232117d2ed943b4af4b64834fab1a4bea1e88", "best_bid": "0.46", "best_ask": "0.54"}, {"asset_id": "52657166232134623290821106971243729012971210837922432211056635796074841723388", "price": "0.54", "size": "150", "side": "SELL", "hash": "4ecb4b4a51912dccb6a783266c1336c7f74afe6c", "best_bid": "0.46", "best_ask": "0.54"}], "timestamp": "1769384580666", "event_type": "price_change"}}
{"_local_timestamp": "2026-01-25T23:43:03.503004+00:00", "data": {"market": "0x75852c511f568cf2a6e853d5e81f61a72f5b73fa446e035760cd7e294b33d450", "price_changes": [{"asset_id": "6354356652197293692968693639725410416779430913330083636355426615586916351473", "price": "0.45", "size": "0", "side": "BUY", "hash": "80af793f14300b11f7d9f02c70f3a81114b157c8", "best_bid": "0.46", "best_ask": "0.54"}, {"asset_id": "52657166232134623290821106971243729012971210837922432211056635796074841723388", "price": "0.55", "size": "0", "side": "SELL", "hash": "176db12f631e316381b2545f6281520fb17bb6ad", "best_bid": "0.46", "best_ask": "0.54"}], "timestamp": "1769384583278", "event_type": "price_change"}}
{"_local_timestamp": "2026-01-25T23:43:03.504302+00:00", "data": {"market": "0x75852c511f568cf2a6e853d5e81f61a72f5b73fa446e035760cd7e294b33d450", "price_changes": [{"asset_id": "52657166232134623290821106971243729012971210837922432211056635796074841723388", "price": "0.46", "size": "0", "side": "BUY", "hash": "079d6fdd30e142a057ab7636a563a668a148dc1d", "best_bid": "0.45", "best_ask": "0.54"}, {"asset_id": "6354356652197293692968693639725410416779430913330083636355426615586916351473", "price": "0.54", "size": "0", "side": "SELL", "hash": "60d054b775ce57de2794796f7e74d3b847572705", "best_bid": "0.46", "best_ask": "0.55"}], "timestamp": "1769384583278", "event_type": "price_change"}}
{"_local_timestamp": "2026-01-25T23:43:06.057405+00:00", "data": {"market": "0x75852c511f568cf2a6e853d5e81f61a72f5b73fa446e035760cd7e294b33d450", "price_changes": [{"asset_id": "6354356652197293692968693639725410416779430913330083636355426615586916351473", "price": "0.46", "size": "0", "side": "BUY", "hash": "856483b77a84ee3067ca159f8d52ae453cd0f995", "best_bid": "0.43", "best_ask": "0.55"}, {"asset_id": "52657166232134623290821106971243729012971210837922432211056635796074841723388", "price": "0.54", "size": "0", "side": "SELL", "hash": "e9581faabc31cbcc5f3c08c7946f359ab5a8508e", "best_bid": "0.45", "best_ask": "0.57"}], "timestamp": "1769384585841", "event_type": "price_change"}}
{"_local_timestamp": "2026-01-25T23:43:06.346333+00:00", "data": {"market": "0x75852c511f568cf2a6e853d5e81f61a72f5b73fa446e035760cd7e294b33d450", "price_changes": [{"asset_id": "6354356652197293692968693639725410416779430913330083636355426615586916351473", "price": "0.44", "size": "150", "side": "BUY", "hash": "dc98dd348e195f91be52a4e715596845499bf1cd", "best_bid": "0.44", "best_ask": "0.55"}, {"asset_id": "52657166232134623290821106971243729012971210837922432211056635796074841723388", "price": "0.56", "size": "150", "side": "SELL", "hash": "4362f909f9682e491ed60b5380540297d1b30aa8", "best_bid": "0.45", "best_ask": "0.56"}], "timestamp": "1769384586153", "event_type": "price_change"}}
{"_local_timestamp": "2026-01-25T23:43:10.934672+00:00", "data": {"market": "0x75852c511f568cf2a6e853d5e81f61a72f5b73fa446e035760cd7e294b33d450", "price_changes": [{"asset_id": "52657166232134623290821106971243729012971210837922432211056635796074841723388", "price": "0.46", "size": "8.5", "side": "BUY", "hash": "8cb9a793e4dde937c29192451a98b072ce277340", "best_bid": "0.46", "best_ask": "0.56"}, {"asset_id": "6354356652197293692968693639725410416779430913330083636355426615586916351473", "price": "0.54", "size": "8.5", "side": "SELL", "hash": "a56d2163c63be6e1e92ccf5275df8f94c42172dd", "best_bid": "0.44", "best_ask": "0.54"}], "timestamp": "1769384590867", "event_type": "price_change"}}
{"_local_timestamp": "2026-01-25T23:43:10.935893+00:00", "data": {"market": "0x75852c511f568cf2a6e853d5e81f61a72f5b73fa446e035760cd7e294b33d450", "price_changes": [{"asset_id": "6354356652197293692968693639725410416779430913330083636355426615586916351473", "price": "0.45", "size": "8.5", "side": "BUY", "hash": "52230e46501544884facdfb937c125526d72a8ce", "best_bid": "0.45", "best_ask": "0.54"}, {"asset_id": "52657166232134623290821106971243729012971210837922432211056635796074841723388", "price": "0.55", "size": "8.5", "side": "SELL", "hash": "f97f16d0f2783fce271b957a18934bd9ec9b4a5b", "best_bid": "0.46", "best_ask": "0.55"}], "timestamp": "1769384590868", "event_type": "price_change"}}
{"_local_timestamp": "2026-01-25T23:43:11.374935+00:00", "data": {"market": "0x75852c511f568cf2a6e853d5e81f61a72f5b73fa446e035760cd7e294b33d450", "price_changes": [{"asset_id": "6354356652197293692968693639725410416779430913330083636355426615586916351473", "price": "0.44", "size": "0", "side": "BUY", "hash": "f55813495f69f147b82251a0c3e175b1e0a4b046", "best_bid": "0.45", "best_ask": "0.54"}, {"asset_id": "52657166232134623290821106971243729012971210837922432211056635796074841723388", "price": "0.56", "size": "0", "side": "SELL", "hash": "ee44dc4846a2f95e6121641d7194f89b24a6b8b3", "best_bid": "0.46", "best_ask": "0.55"}], "timestamp": "1769384591304", "event_type": "price_change"}}
{"_local_timestamp": "2026-01-25T23:43:12.424564+00:00", "data": {"market": "0x75852c511f568cf2a6e853d5e81f61a72f5b73fa446e035760cd7e294b33d450", "price_changes": [{"asset_id": "6354356652197293692968693639725410416779430913330083636355426615586916351473", "price": "0.46", "size": "150", "side": "BUY", "hash": "a884ab806ab3d1a3d67b1b0435288dc286cdad4e", "best_bid": "0.46", "best_ask": "0.54"}, {"asset_id": "52657166232134623290821106971243729012971210837922432211056635796074841723388", "price": "0.54", "size": "150", "side": "SELL", "hash": "7880d879e183335427491606efd8dabfafe15e6a", "best_bid": "0.46", "best_ask": "0.54"}], "timestamp": "1769384592354", "event_type": "price_change"}}
{"_local_timestamp": "2026-01-25T23:43:17.288891+00:00", "data": {"market": "0x75852c511f568cf2a6e853d5e81f61a72f5b73fa446e035760cd7e294b33d450", "price_changes": [{"asset_id": "6354356652197293692968693639725410416779430913330083636355426615586916351473", "price": "0.45", "size": "0", "side": "BUY", "hash": "bc7de79c416d94f53d5af0451eb0f2ea49d20e20", "best_bid": "0.46", "best_ask": "0.54"}, {"asset_id": "52657166232134623290821106971243729012971210837922432211056635796074841723388", "price": "0.55", "size": "0", "side": "SELL", "hash": "22640b304da7472e338125183f0577af51cd8a38", "best_bid": "0.46", "best_ask": "0.54"}], "timestamp": "1769384597224", "event_type": "price_change"}}
{"_local_timestamp": "2026-01-25T23:43:17.290195+00:00", "data": {"market": "0x75852c511f568cf2a6e853d5e81f61a72f5b73fa446e035760cd7e294b33d450", "price_changes": [{"asset_id": "52657166232134623290821106971243729012971210837922432211056635796074841723388", "price": "0.46", "size": "0", "side": "BUY", "hash": "b70ccf373367dd0115e5dfa42075fe0b0e41de2f", "best_bid": "0.45", "best_ask": "0.54"}, {"asset_id": "6354356652197293692968693639725410416779430913330083636355426615586916351473", "price": "0.54", "size": "0", "side": "SELL", "hash": "3ee9ab63670176e7ab48fb3174ab262039ac74af", "best_bid": "0.46", "best_ask": "0.55"}], "timestamp": "1769384597224", "event_type": "price_change"}}
{"_local_timestamp": "2026-01-25T23:43:31.122189+00:00", "data": {"market": "0x75852c511f568cf2a6e853d5e81f61a72f5b73fa446e035760cd7e294b33d450", "price_changes": [{"asset_id": "6354356652197293692968693639725410416779430913330083636355426615586916351473", "price": "0.46", "size": "0", "side": "BUY", "hash": "7db4eaa1a9df0e13db7bc0c1e79244565cda3233", "best_bid": "0.43", "best_ask": "0.55"}, {"asset_id": "52657166232134623290821106971243729012971210837922432211056635796074841723388", "price": "0.54", "size": "0", "side": "SELL", "hash": "1e70f308d88529c04c018a088a1e2010bb1a3ffe", "best_bid": "0.45", "best_ask": "0.57"}], "timestamp": "1769384611037", "event_type": "price_change"}}
{"_local_timestamp": "2026-01-25T23:43:32.180944+00:00", "data": {"market": "0x75852c511f568cf2a6e853d5e81f61a72f5b73fa446e035760cd7e294b33d450", "price_changes": [{"asset_id": "6354356652197293692968693639725410416779430913330083636355426615586916351473", "price": "0.44", "size": "150", "side": "BUY", "hash": "2861e33736198042053f39db7f6ebcc06175f2c9", "best_bid": "0.44", "best_ask": "0.55"}, {"asset_id": "52657166232134623290821106971243729012971210837922432211056635796074841723388", "price": "0.56", "size": "150", "side": "SELL", "hash": "638b90b122d1ca9c3ad5abedcd56839e0db51d07", "best_bid": "0.45", "best_ask": "0.56"}], "timestamp": "1769384612108", "event_type": "price_change"}}
{"_local_timestamp": "2026-01-25T23:43:36.774806+00:00", "data": {"market": "0x75852c511f568cf2a6e853d5e81f61a72f5b73fa446e035760cd7e294b33d450", "price_changes": [{"asset_id": "52657166232134623290821106971243729012971210837922432211056635796074841723388", "price": "0.46", "size": "8.5", "side": "BUY", "hash": "8983a7a0a2217f1186eefd8d40c360b8f85e9830", "best_bid": "0.46", "best_ask": "0.56"}, {"asset_id": "6354356652197293692968693639725410416779430913330083636355426615586916351473", "price": "0.54", "size": "8.5", "side": "SELL", "hash": "e231a10b701b04cd0a6c3673ba9f03bc61722bc9", "best_bid": "0.44", "best_ask": "0.54"}], "timestamp": "1769384616711", "event_type": "price_change"}}
{"_local_timestamp": "2026-01-25T23:43:36.775860+00:00", "data": {"market": "0x75852c511f568cf2a6e853d5e81f61a72f5b73fa446e035760cd7e294b33d450", "price_changes": [{"asset_id": "6354356652197293692968693639725410416779430913330083636355426615586916351473", "price": "0.45", "size": "8.5", "side": "BUY", "hash": "fbc92106deba9ec32b7f97fea36fae31063cbd15", "best_bid": "0.45", "best_ask": "0.54"}, {"asset_id": "52657166232134623290821106971243729012971210837922432211056635796074841723388", "price": "0.55", "size": "8.5", "side": "SELL", "hash": "8cf0b81fa47de4f5f50672a223f4791a20e83c41", "best_bid": "0.46", "best_ask": "0.55"}], "timestamp": "1769384616712", "event_type": "price_change"}}
{"_local_timestamp": "2026-01-25T23:43:37.980899+00:00", "data": {"market": "0x75852c511f568cf2a6e853d5e81f61a72f5b73fa446e035760cd7e294b33d450", "price_changes": [{"asset_id": "6354356652197293692968693639725410416779430913330083636355426615586916351473", "price": "0.44", "size": "0", "side": "BUY", "hash": "5fea30618caec36ad2767441f7bd5494ead8e8c4", "best_bid": "0.45", "best_ask": "0.54"}, {"asset_id": "52657166232134623290821106971243729012971210837922432211056635796074841723388", "price": "0.56", "size": "0", "side": "SELL", "hash": "927fd5c0a6cbc27c6ef2a9fb3651591393bb4392", "best_bid": "0.46", "best_ask": "0.55"}], "timestamp": "1769384617914", "event_type": "price_change"}}
{"_local_timestamp": "2026-01-25T23:43:38.358339+00:00", "data": {"market": "0x75852c511f568cf2a6e853d5e81f61a72f5b73fa446e035760cd7e294b33d450", "price_changes": [{"asset_id": "6354356652197293692968693639725410416779430913330083636355426615586916351473", "price": "0.46", "size": "150", "side": "BUY", "hash": "4b705c858e459c1fdfe2b9f7b0329c5d52718ed6", "best_bid": "0.46", "best_ask": "0.54"}, {"asset_id": "52657166232134623290821106971243729012971210837922432211056635796074841723388", "price": "0.54", "size": "150", "side": "SELL", "hash": "0ce479ce52fd57b3b6865f612904c24f954fd169", "best_bid": "0.46", "best_ask": "0.54"}], "timestamp": "1769384618286", "event_type": "price_change"}}
{"_local_timestamp": "2026-01-25T23:43:44.526576+00:00", "data": {"market": "0x75852c511f568cf2a6e853d5e81f61a72f5b73fa446e035760cd7e294b33d450", "price_changes": [{"asset_id": "6354356652197293692968693639725410416779430913330083636355426615586916351473", "price": "0.45", "size": "0", "side": "BUY", "hash": "2f74fcf3ad5c24bdb97e18ed5da717788afb1f24", "best_bid": "0.46", "best_ask": "0.54"}, {"asset_id": "52657166232134623290821106971243729012971210837922432211056635796074841723388", "price": "0.55", "size": "0", "side": "SELL", "hash": "031073930ab56da8369e93368350e6e3bef2f949", "best_bid": "0.46", "best_ask": "0.54"}], "timestamp": "1769384624455", "event_type": "price_change"}}
{"_local_timestamp": "2026-01-25T23:43:44.527653+00:00", "data": {"market": "0x75852c511f568cf2a6e853d5e81f61a72f5b73fa446e035760cd7e294b33d450", "price_changes": [{"asset_id": "52657166232134623290821106971243729012971210837922432211056635796074841723388", "price": "0.46", "size": "0", "side": "BUY", "hash": "6c409e556d14b71412f4dc5aff8838e1f332715a", "best_bid": "0.45", "best_ask": "0.54"}, {"asset_id": "6354356652197293692968693639725410416779430913330083636355426615586916351473", "price": "0.54", "size": "0", "side": "SELL", "hash": "25d7bd5f82fb2dbfcf166da12c01634656eb52b1", "best_bid": "0.46", "best_ask": "0.55"}], "timestamp": "1769384624455", "event_type": "price_change"}}
{"_local_timestamp": "2026-01-25T23:43:49.211512+00:00", "data": {"market": "0x75852c511f568cf2a6e853d5e81f61a72f5b73fa446e035760cd7e294b33d450", "price_changes": [{"asset_id": "6354356652197293692968693639725410416779430913330083636355426615586916351473", "price": "0.46", "size": "0", "side": "BUY", "hash": "b6601ad8c490a8624e726e716534ab3762949bba", "best_bid": "0.43", "best_ask": "0.55"}, {"asset_id": "52657166232134623290821106971243729012971210837922432211056635796074841723388", "price": "0.54", "size": "0", "side": "SELL", "hash": "0b0365efefeec81a1e2a407e4b4561d2795debd2", "best_bid": "0.45", "best_ask": "0.57"}], "timestamp": "1769384629133", "event_type": "price_change"}}
{"_local_timestamp": "2026-01-25T23:43:49.522415+00:00", "data": {"market": "0x75852c511f568cf2a6e853d5e81f61a72f5b73fa446e035760cd7e294b33d450", "price_changes": [{"asset_id": "6354356652197293692968693639725410416779430913330083636355426615586916351473", "price": "0.44", "size": "150", "side": "BUY", "hash": "27c21f54c81f987b799931c608d87d10a99595b6", "best_bid": "0.44", "best_ask": "0.55"}, {"asset_id": "52657166232134623290821106971243729012971210837922432211056635796074841723388", "price": "0.56", "size": "150", "side": "SELL", "hash": "628c4b0478d26b829a66471f9ca86e22a27e876a", "best_bid": "0.45", "best_ask": "0.56"}], "timestamp": "1769384629454", "event_type": "price_change"}}
{"_local_timestamp": "2026-01-25T23:43:51.705172+00:00", "data": {"market": "0x75852c511f568cf2a6e853d5e81f61a72f5b73fa446e035760cd7e294b33d450", "price_changes": [{"asset_id": "6354356652197293692968693639725410416779430913330083636355426615586916351473", "price": "0.42", "size": "8.5", "side": "BUY", "hash": "0e8110e26fad1300e721b32538b20d87666a8f76", "best_bid": "0.44", "best_ask": "0.55"}, {"asset_id": "52657166232134623290821106971243729012971210837922432211056635796074841723388", "price": "0.58", "size": "8.5", "side": "SELL", "hash": "05026df565186416f5990f5f44686eb33ee4f233", "best_bid": "0.45", "best_ask": "0.56"}], "timestamp": "1769384631638", "event_type": "price_change"}}
{"_local_timestamp": "2026-01-25T23:43:51.706182+00:00", "data": {"market": "0x75852c511f568cf2a6e853d5e81f61a72f5b73fa446e035760cd7e294b33d450", "price_changes": [{"asset_id": "52657166232134623290821106971243729012971210837922432211056635796074841723388", "price": "0.46", "size": "8.5", "side": "BUY", "hash": "e07dace96388178e1765f2d47fb22ecbdfe9cace", "best_bid": "0.46", "best_ask": "0.56"}, {"asset_id": "6354356652197293692968693639725410416779430913330083636355426615586916351473", "price": "0.54", "size": "8.5", "side": "SELL", "hash": "a28ea83f0ba39594824d3ac97a1b38d3e0f1ae6c", "best_bid": "0.44", "best_ask": "0.54"}], "timestamp": "1769384631639", "event_type": "price_change"}}
{"_local_timestamp": "2026-01-25T23:43:54.746998+00:00", "data": {"market": "0x75852c511f568cf2a6e853d5e81f61a72f5b73fa446e035760cd7e294b33d450", "price_changes": [{"asset_id": "6354356652197293692968693639725410416779430913330083636355426615586916351473", "price": "0.42", "size": "0", "side": "BUY", "hash": "ab5a2b90ceb1cce556ce953b9c07409a818ccec7", "best_bid": "0.44", "best_ask": "0.54"}, {"asset_id": "52657166232134623290821106971243729012971210837922432211056635796074841723388", "price": "0.58", "size": "0", "side": "SELL", "hash": "64787930c0ed98a531157c4bcab6dba78c130b0f", "best_bid": "0.46", "best_ask": "0.56"}], "timestamp": "1769384634677", "event_type": "price_change"}}
{"_local_timestamp": "2026-01-25T23:43:54.780288+00:00", "data": {"market": "0x75852c511f568cf2a6e853d5e81f61a72f5b73fa446e035760cd7e294b33d450", "price_changes": [{"asset_id": "6354356652197293692968693639725410416779430913330083636355426615586916351473", "price": "0.45", "size": "8.5", "side": "BUY", "hash": "e2fc8da1c32849f89efb421c05b4ce365fba0baf", "best_bid": "0.45", "best_ask": "0.54"}, {"asset_id": "52657166232134623290821106971243729012971210837922432211056635796074841723388", "price": "0.55", "size": "8.5", "side": "SELL", "hash": "97abfd43540f70c3bef03f3f3357963d4df07e64", "best_bid": "0.46", "best_ask": "0.55"}], "timestamp": "1769384634715", "event_type": "price_change"}}
{"_local_timestamp": "2026-01-25T23:44:00.087443+00:00", "data": {"market": "0x75852c511f568cf2a6e853d5e81f61a72f5b73fa446e035760cd7e294b33d450", "price_changes": [{"asset_id": "6354356652197293692968693639725410416779430913330083636355426615586916351473", "price": "0.44", "size": "0", "side": "BUY", "hash": "2ac88e7223d038bc68e6c129a98b6e9aac763f08", "best_bid": "0.45", "best_ask": "0.54"}, {"asset_id": "52657166232134623290821106971243729012971210837922432211056635796074841723388", "price": "0.56", "size": "0", "side": "SELL", "hash": "33b8508dcab3a0b6f6be425966f82c9c35e61414", "best_bid": "0.46", "best_ask": "0.55"}], "timestamp": "1769384640003", "event_type": "price_change"}}
{"_local_timestamp": "2026-01-25T23:44:00.746699+00:00", "data": {"market": "0x75852c511f568cf2a6e853d5e81f61a72f5b73fa446e035760cd7e294b33d450", "price_changes": [{"asset_id": "6354356652197293692968693639725410416779430913330083636355426615586916351473", "price": "0.46", "size": "150", "side": "BUY", "hash": "04c975ca5bfe2c568b1e40e98a263f44fd9057b0", "best_bid": "0.46", "best_ask": "0.54"}, {"asset_id": "52657166232134623290821106971243729012971210837922432211056635796074841723388", "price": "0.54", "size": "150", "side": "SELL", "hash": "15ce03ab38f28e077400480125e0bace1114c845", "best_bid": "0.46", "best_ask": "0.54"}], "timestamp": "1769384640675", "event_type": "price_change"}}
{"_local_timestamp": "2026-01-25T23:44:06.064144+00:00", "data": {"market": "0x75852c511f568cf2a6e853d5e81f61a72f5b73fa446e035760cd7e294b33d450", "price_changes": [{"asset_id": "6354356652197293692968693639725410416779430913330083636355426615586916351473", "price": "0.45", "size": "0", "side": "BUY", "hash": "09cd333ff7e46d824b287ffd77341f0e834e8515", "best_bid": "0.46", "best_ask": "0.54"}, {"asset_id": "52657166232134623290821106971243729012971210837922432211056635796074841723388", "price": "0.55", "size": "0", "side": "SELL", "hash": "b759e146ae944181a22bcdaea4d4f7dd11257613", "best_bid": "0.46", "best_ask": "0.54"}], "timestamp": "1769384645996", "event_type": "price_change"}}
{"_local_timestamp": "2026-01-25T23:44:06.065210+00:00", "data": {"market": "0x75852c511f568cf2a6e853d5e81f61a72f5b73fa446e035760cd7e294b33d450", "price_changes": [{"asset_id": "52657166232134623290821106971243729012971210837922432211056635796074841723388", "price": "0.46", "size": "0", "side": "BUY", "hash": "3f991f7aa61392eff227316fedd0e0b1631610eb", "best_bid": "0.45", "best_ask": "0.54"}, {"asset_id": "6354356652197293692968693639725410416779430913330083636355426615586916351473", "price": "0.54", "size": "0", "side": "SELL", "hash": "9ad96509d6aa5f657dc941b751221e3f74070342", "best_bid": "0.46", "best_ask": "0.55"}], "timestamp": "1769384645996", "event_type": "price_change"}}
{"_local_timestamp": "2026-01-25T23:44:11.525187+00:00", "data": {"market": "0x75852c511f568cf2a6e853d5e81f61a72f5b73fa446e035760cd7e294b33d450", "price_changes": [{"asset_id": "6354356652197293692968693639725410416779430913330083636355426615586916351473", "price": "0.46", "size": "0", "side": "BUY", "hash": "89fe98dad781cb780550cc21a89c0b6c587dda2b", "best_bid": "0.43", "best_ask": "0.55"}, {"asset_id": "52657166232134623290821106971243729012971210837922432211056635796074841723388", "price": "0.54", "size": "0", "side": "SELL", "hash": "51767e1f844d75d4cedd3b2e957b163ef86df91f", "best_bid": "0.45", "best_ask": "0.57"}], "timestamp": "1769384651459", "event_type": "price_change"}}
{"_local_timestamp": "2026-01-25T23:44:11.742885+00:00", "data": {"market": "0x75852c511f568cf2a6e853d5e81f61a72f5b73fa446e035760cd7e294b33d450", "price_changes": [{"asset_id": "6354356652197293692968693639725410416779430913330083636355426615586916351473", "price": "0.44", "size": "150", "side": "BUY", "hash": "62f377da1906ecfb227da657fc9abac585ad256a", "best_bid": "0.44", "best_ask": "0.55"}, {"asset_id": "52657166232134623290821106971243729012971210837922432211056635796074841723388", "price": "0.56", "size": "150", "side": "SELL", "hash": "6ede85204c7f44e0fd581a3aeff597cb8cdf42ce", "best_bid": "0.45", "best_ask": "0.56"}], "timestamp": "1769384651672", "event_type": "price_change"}}
{"_local_timestamp": "2026-01-25T23:44:15.858832+00:00", "data": {"market": "0x75852c511f568cf2a6e853d5e81f61a72f5b73fa446e035760cd7e294b33d450", "price_changes": [{"asset_id": "6354356652197293692968693639725410416779430913330083636355426615586916351473", "price": "0.45", "size": "8.5", "side": "BUY", "hash": "191a9424f4950026d2dd75eb826102e92a6b5aa7", "best_bid": "0.45", "best_ask": "0.55"}, {"asset_id": "52657166232134623290821106971243729012971210837922432211056635796074841723388", "price": "0.55", "size": "8.5", "side": "SELL", "hash": "ea5e6430777eb0742fa373fdc8c3279f6d04b98b", "best_bid": "0.45", "best_ask": "0.55"}], "timestamp": "1769384655793", "event_type": "price_change"}}
{"_local_timestamp": "2026-01-25T23:44:15.864565+00:00", "data": {"market": "0x75852c511f568cf2a6e853d5e81f61a72f5b73fa446e035760cd7e294b33d450", "price_changes": [{"asset_id": "52657166232134623290821106971243729012971210837922432211056635796074841723388", "price": "0.46", "size": "8.5", "side": "BUY", "hash": "3a7d9ed9e98758dc5f6b9d08643ae384eb0584bc", "best_bid": "0.46", "best_ask": "0.55"}, {"asset_id": "6354356652197293692968693639725410416779430913330083636355426615586916351473", "price": "0.54", "size": "8.5", "side": "SELL", "hash": "4689a17709316decc3af17e54d431aa9b43c65c1", "best_bid": "0.45", "best_ask": "0.54"}], "timestamp": "1769384655793", "event_type": "price_change"}}
{"_local_timestamp": "2026-01-25T23:44:16.916313+00:00", "data": {"market": "0x75852c511f568cf2a6e853d5e81f61a72f5b73fa446e035760cd7e294b33d450", "price_changes": [{"asset_id": "6354356652197293692968693639725410416779430913330083636355426615586916351473", "price": "0.44", "size": "0", "side": "BUY", "hash": "77417afc423a64316b96506d41e60bb67272512e", "best_bid": "0.45", "best_ask": "0.54"}, {"asset_id": "52657166232134623290821106971243729012971210837922432211056635796074841723388", "price": "0.56", "size": "0", "side": "SELL", "hash": "cb08140c0830ac766db47bd49ff5486f120756c2", "best_bid": "0.46", "best_ask": "0.55"}], "timestamp": "1769384656846", "event_type": "price_change"}}
{"_local_timestamp": "2026-01-25T23:44:17.920577+00:00", "data": {"market": "0x75852c511f568cf2a6e853d5e81f61a72f5b73fa446e035760cd7e294b33d450", "price_changes": [{"asset_id": "6354356652197293692968693639725410416779430913330083636355426615586916351473", "price": "0.46", "size": "150", "side": "BUY", "hash": "2ba4c15d7ed48409f57ff943bf5a80478507e158", "best_bid": "0.46", "best_ask": "0.54"}, {"asset_id": "52657166232134623290821106971243729012971210837922432211056635796074841723388", "price": "0.54", "size": "150", "side": "SELL", "hash": "881579ed1832ae5cbafcbbe1b721d08beed4a825", "best_bid": "0.46", "best_ask": "0.54"}], "timestamp": "1769384657852", "event_type": "price_change"}}
{"_local_timestamp": "2026-01-25T23:44:23.932632+00:00", "data": {"market": "0x75852c511f568cf2a6e853d5e81f61a72f5b73fa446e035760cd7e294b33d450", "price_changes": [{"asset_id": "6354356652197293692968693639725410416779430913330083636355426615586916351473", "price": "0.45", "size": "0", "side": "BUY", "hash": "3edec3024608283b60b33a3aeb77346416f6ee6b", "best_bid": "0.46", "best_ask": "0.54"}, {"asset_id": "52657166232134623290821106971243729012971210837922432211056635796074841723388", "price": "0.55", "size": "0", "side": "SELL", "hash": "64174e8c600015bdf63e2cb870daba2cba148143", "best_bid": "0.46", "best_ask": "0.54"}], "timestamp": "1769384663852", "event_type": "price_change"}}
{"_local_timestamp": "2026-01-25T23:44:23.934224+00:00", "data": {"market": "0x75852c511f568cf2a6e853d5e81f61a72f5b73fa446e035760cd7e294b33d450", "price_changes": [{"asset_id": "52657166232134623290821106971243729012971210837922432211056635796074841723388", "price": "0.46", "size": "0", "side": "BUY", "hash": "0519713ac0668d07e6e77c75cccb82a0f6afa74c", "best_bid": "0.45", "best_ask": "0.54"}, {"asset_id": "6354356652197293692968693639725410416779430913330083636355426615586916351473", "price": "0.54", "size": "0", "side": "SELL", "hash": "807acd73bcc37443e566827750dfaa08fb716fb3", "best_bid": "0.46", "best_ask": "0.55"}], "timestamp": "1769384663852", "event_type": "price_change"}}
{"_local_timestamp": "2026-01-25T23:44:29.939073+00:00", "data": {"market": "0x75852c511f568cf2a6e853d5e81f61a72f5b73fa446e035760cd7e294b33d450", "price_changes": [{"asset_id": "6354356652197293692968693639725410416779430913330083636355426615586916351473", "price": "0.46", "size": "0", "side": "BUY", "hash": "165fad3b8b85509399b4a458f447791fa832393a", "best_bid": "0.43", "best_ask": "0.55"}, {"asset_id": "52657166232134623290821106971243729012971210837922432211056635796074841723388", "price": "0.54", "size": "0", "side": "SELL", "hash": "bb7b548009caa595d709ecd852930087e3276e58", "best_bid": "0.45", "best_ask": "0.57"}], "timestamp": "1769384669861", "event_type": "price_change"}}
{"_local_timestamp": "2026-01-25T23:44:30.355136+00:00", "data": {"market": "0x75852c511f568cf2a6e853d5e81f61a72f5b73fa446e035760cd7e294b33d450", "price_changes": [{"asset_id": "6354356652197293692968693639725410416779430913330083636355426615586916351473", "price": "0.44", "size": "150", "side": "BUY", "hash": "2e019872862c524233db51a0d48ce6da903c4e77", "best_bid": "0.44", "best_ask": "0.55"}, {"asset_id": "52657166232134623290821106971243729012971210837922432211056635796074841723388", "price": "0.56", "size": "150", "side": "SELL", "hash": "b46083b8fcf51ba3f738817512c1ab935ac5a664", "best_bid": "0.45", "best_ask": "0.56"}], "timestamp": "1769384670285", "event_type": "price_change"}}
{"_local_timestamp": "2026-01-25T23:44:35.633444+00:00", "data": {"market": "0x75852c511f568cf2a6e853d5e81f61a72f5b73fa446e035760cd7e294b33d450", "price_changes": [{"asset_id": "6354356652197293692968693639725410416779430913330083636355426615586916351473", "price": "0.45", "size": "8.5", "side": "BUY", "hash": "47739b7dbe78de27344e09e6ea63307637d7aa23", "best_bid": "0.45", "best_ask": "0.55"}, {"asset_id": "52657166232134623290821106971243729012971210837922432211056635796074841723388", "price": "0.55", "size": "8.5", "side": "SELL", "hash": "a2599830e3890081dc39389baeaa1e24743df235", "best_bid": "0.45", "best_ask": "0.55"}], "timestamp": "1769384675526", "event_type": "price_change"}}
{"_local_timestamp": "2026-01-25T23:44:35.634673+00:00", "data": {"market": "0x75852c511f568cf2a6e853d5e81f61a72f5b73fa446e035760cd7e294b33d450", "price_changes": [{"asset_id": "52657166232134623290821106971243729012971210837922432211056635796074841723388", "price": "0.46", "size": "8.5", "side": "BUY", "hash": "265eca15858c71990c60fd2afcebcc5f6424ddf2", "best_bid": "0.46", "best_ask": "0.55"}, {"asset_id": "6354356652197293692968693639725410416779430913330083636355426615586916351473", "price": "0.54", "size": "8.5", "side": "SELL", "hash": "a254b0fc67d3cf8695bb2b9f8f63830bd7aa99b5", "best_bid": "0.45", "best_ask": "0.54"}], "timestamp": "1769384675527", "event_type": "price_change"}}
{"_local_timestamp": "2026-01-25T23:44:40.829302+00:00", "data": {"market": "0x75852c511f568cf2a6e853d5e81f61a72f5b73fa446e035760cd7e294b33d450", "price_changes": [{"asset_id": "6354356652197293692968693639725410416779430913330083636355426615586916351473", "price": "0.44", "size": "0", "side": "BUY", "hash": "cf46a249a1a16f6b194e79df571028b4878c5793", "best_bid": "0.45", "best_ask": "0.54"}, {"asset_id": "52657166232134623290821106971243729012971210837922432211056635796074841723388", "price": "0.56", "size": "0", "side": "SELL", "hash": "8148dc9f8ef9cd498ac9d4ef795886f3ac136f8c", "best_bid": "0.46", "best_ask": "0.55"}], "timestamp": "1769384680760", "event_type": "price_change"}}
{"_local_timestamp": "2026-01-25T23:44:41.193752+00:00", "data": {"market": "0x75852c511f568cf2a6e853d5e81f61a72f5b73fa446e035760cd7e294b33d450", "price_changes": [{"asset_id": "6354356652197293692968693639725410416779430913330083636355426615586916351473", "price": "0.46", "size": "150", "side": "BUY", "hash": "9847f31341e0039fe14acd9aa5271aa63d633cff", "best_bid": "0.46", "best_ask": "0.54"}, {"asset_id": "52657166232134623290821106971243729012971210837922432211056635796074841723388", "price": "0.54", "size": "150", "side": "SELL", "hash": "da30e2809ba38a6e4a2e09df0b7ae4cbe7e56b10", "best_bid": "0.46", "best_ask": "0.54"}], "timestamp": "1769384681111", "event_type": "price_change"}}
{"_local_timestamp": "2026-01-25T23:44:47.176369+00:00", "data": {"market": "0x75852c511f568cf2a6e853d5e81f61a72f5b73fa446e035760cd7e294b33d450", "price_changes": [{"asset_id": "52657166232134623290821106971243729012971210837922432211056635796074841723388", "price": "0.46", "size": "0", "side": "BUY", "hash": "031682885dc1da70cf17e9ca8246dec3d1684dd3", "best_bid": "0.45", "best_ask": "0.54"}, {"asset_id": "6354356652197293692968693639725410416779430913330083636355426615586916351473", "price": "0.54", "size": "0", "side": "SELL", "hash": "1aa72829970da8f0662396f4f1a63f61d4970a8c", "best_bid": "0.46", "best_ask": "0.55"}], "timestamp": "1769384687104", "event_type": "price_change"}}
{"_local_timestamp": "2026-01-25T23:44:47.177464+00:00", "data": {"market": "0x75852c511f568cf2a6e853d5e81f61a72f5b73fa446e035760cd7e294b33d450", "price_changes": [{"asset_id": "6354356652197293692968693639725410416779430913330083636355426615586916351473", "price": "0.45", "size": "0", "side": "BUY", "hash": "269beae03b31b994c1401fb28c4aec6b46e1adde", "best_bid": "0.46", "best_ask": "0.55"}, {"asset_id": "52657166232134623290821106971243729012971210837922432211056635796074841723388", "price": "0.55", "size": "0", "side": "SELL", "hash": "87652e43a3de49cdcf3aed67c172b60ce7e20e69", "best_bid": "0.45", "best_ask": "0.54"}], "timestamp": "1769384687104", "event_type": "price_change"}}
{"_local_timestamp": "2026-01-25T23:44:51.668136+00:00", "data": {"market": "0x75852c511f568cf2a6e853d5e81f61a72f5b73fa446e035760cd7e294b33d450", "price_changes": [{"asset_id": "6354356652197293692968693639725410416779430913330083636355426615586916351473", "price": "0.46", "size": "0", "side": "BUY", "hash": "15f1658fb30a7eb94a58f804f17f8c5d11afcfdc", "best_bid": "0.43", "best_ask": "0.55"}, {"asset_id": "52657166232134623290821106971243729012971210837922432211056635796074841723388", "price": "0.54", "size": "0", "side": "SELL", "hash": "cff851cb6b3c6fe4214a71bb78411fc039a2a4ba", "best_bid": "0.45", "best_ask": "0.57"}], "timestamp": "1769384691597", "event_type": "price_change"}}
{"_local_timestamp": "2026-01-25T23:44:52.035649+00:00", "data": {"market": "0x75852c511f568cf2a6e853d5e81f61a72f5b73fa446e035760cd7e294b33d450", "price_changes": [{"asset_id": "6354356652197293692968693639725410416779430913330083636355426615586916351473", "price": "0.44", "size": "150", "side": "BUY", "hash": "75889480ea63cf427c3a1b24f74e434768232641", "best_bid": "0.44", "best_ask": "0.55"}, {"asset_id": "52657166232134623290821106971243729012971210837922432211056635796074841723388", "price": "0.56", "size": "150", "side": "SELL", "hash": "871bda39fb18d27defbb3ffd81f082c85d056138", "best_bid": "0.45", "best_ask": "0.56"}], "timestamp": "1769384691968", "event_type": "price_change"}}
{"_local_timestamp": "2026-01-25T23:44:56.965954+00:00", "data": {"market": "0x75852c511f568cf2a6e853d5e81f61a72f5b73fa446e035760cd7e294b33d450", "price_changes": [{"asset_id": "6354356652197293692968693639725410416779430913330083636355426615586916351473", "price": "0.45", "size": "8.5", "side": "BUY", "hash": "9c170a208c58b268c856235d9bedfbce734f1f48", "best_bid": "0.45", "best_ask": "0.55"}, {"asset_id": "52657166232134623290821106971243729012971210837922432211056635796074841723388", "price": "0.55", "size": "8.5", "side": "SELL", "hash": "2b4edc195fc735768b6d929ffb3663d9e6614783", "best_bid": "0.45", "best_ask": "0.55"}], "timestamp": "1769384696894", "event_type": "price_change"}}
{"_local_timestamp": "2026-01-25T23:44:56.966980+00:00", "data": {"market": "0x75852c511f568cf2a6e853d5e81f61a72f5b73fa446e035760cd7e294b33d450", "price_changes": [{"asset_id": "52657166232134623290821106971243729012971210837922432211056635796074841723388", "price": "0.46", "size": "8.5", "side": "BUY", "hash": "59668bc6ed3539339a76d9b37ae070cdfb69cb09", "best_bid": "0.46", "best_ask": "0.55"}, {"asset_id": "6354356652197293692968693639725410416779430913330083636355426615586916351473", "price": "0.54", "size": "8.5", "side": "SELL", "hash": "5bceb3944a3c6534933799c8581fd1abf39c4597", "best_bid": "0.45", "best_ask": "0.54"}], "timestamp": "1769384696894", "event_type": "price_change"}}
{"_local_timestamp": "2026-01-25T23:44:57.205086+00:00", "data": {"market": "0x75852c511f568cf2a6e853d5e81f61a72f5b73fa446e035760cd7e294b33d450", "price_changes": [{"asset_id": "6354356652197293692968693639725410416779430913330083636355426615586916351473", "price": "0.44", "size": "0", "side": "BUY", "hash": "c4b5e849188e073c49797412cb4f7a111ecc0186", "best_bid": "0.45", "best_ask": "0.54"}, {"asset_id": "52657166232134623290821106971243729012971210837922432211056635796074841723388", "price": "0.56", "size": "0", "side": "SELL", "hash": "f22b436cd796a6f3252ccab19a969ace388304d8", "best_bid": "0.46", "best_ask": "0.55"}], "timestamp": "1769384697137", "event_type": "price_change"}}
{"_local_timestamp": "2026-01-25T23:44:57.533616+00:00", "data": {"market": "0x75852c511f568cf2a6e853d5e81f61a72f5b73fa446e035760cd7e294b33d450", "price_changes": [{"asset_id": "6354356652197293692968693639725410416779430913330083636355426615586916351473", "price": "0.46", "size": "150", "side": "BUY", "hash": "593d1aafee88013da866407e96db67931cd702d0", "best_bid": "0.46", "best_ask": "0.54"}, {"asset_id": "52657166232134623290821106971243729012971210837922432211056635796074841723388", "price": "0.54", "size": "150", "side": "SELL", "hash": "5d04242dab23b6479fe5ff35377951813281aa4f", "best_bid": "0.46", "best_ask": "0.54"}], "timestamp": "1769384697459", "event_type": "price_change"}}
{"_local_timestamp": "2026-01-25T23:45:05.598436+00:00", "data": {"market": "0x75852c511f568cf2a6e853d5e81f61a72f5b73fa446e035760cd7e294b33d450", "price_changes": [{"asset_id": "6354356652197293692968693639725410416779430913330083636355426615586916351473", "price": "0.45", "size": "0", "side": "BUY", "hash": "19e288c9ab3a959497ebbc9cc991b3928f4b3438", "best_bid": "0.46", "best_ask": "0.54"}, {"asset_id": "52657166232134623290821106971243729012971210837922432211056635796074841723388", "price": "0.55", "size": "0", "side": "SELL", "hash": "6c168e0ba54a1c155f3d1dcd21aca6767f352a33", "best_bid": "0.46", "best_ask": "0.54"}], "timestamp": "1769384705522", "event_type": "price_change"}}
{"_local_timestamp": "2026-01-25T23:45:05.599528+00:00", "data": {"market": "0x75852c511f568cf2a6e853d5e81f61a72f5b73fa446e035760cd7e294b33d450", "price_changes": [{"asset_id": "52657166232134623290821106971243729012971210837922432211056635796074841723388", "price": "0.46", "size": "0", "side": "BUY", "hash": "279e8700b489106f6cb12421568fb42c4380e254", "best_bid": "0.45", "best_ask": "0.54"}, {"asset_id": "6354356652197293692968693639725410416779430913330083636355426615586916351473", "price": "0.54", "size": "0", "side": "SELL", "hash": "4bf37e2121ac6f3bc38bfb595e06e8895783137c", "best_bid": "0.46", "best_ask": "0.55"}], "timestamp": "1769384705522", "event_type": "price_change"}}
{"_local_timestamp": "2026-01-25T23:45:08.128938+00:00", "data": {"market": "0x75852c511f568cf2a6e853d5e81f61a72f5b73fa446e035760cd7e294b33d450", "price_changes": [{"asset_id": "6354356652197293692968693639725410416779430913330083636355426615586916351473", "price": "0.46", "size": "0", "side": "BUY", "hash": "bd784338ec41a680a3974d920f741d710cfa8305", "best_bid": "0.43", "best_ask": "0.55"}, {"asset_id": "52657166232134623290821106971243729012971210837922432211056635796074841723388", "price": "0.54", "size": "0", "side": "SELL", "hash": "8c7170df93d2cca24e376ee95334990222238583", "best_bid": "0.45", "best_ask": "0.57"}], "timestamp": "1769384708043", "event_type": "price_change"}}
{"_local_timestamp": "2026-01-25T23:45:08.835891+00:00", "data": {"market": "0x75852c511f568cf2a6e853d5e81f61a72f5b73fa446e035760cd7e294b33d450", "price_changes": [{"asset_id": "6354356652197293692968693639725410416779430913330083636355426615586916351473", "price": "0.44", "size": "150", "side": "BUY", "hash": "7765cdafaf9253be5c5aa1d71ca2fbc0c0785713", "best_bid": "0.44", "best_ask": "0.55"}, {"asset_id": "52657166232134623290821106971243729012971210837922432211056635796074841723388", "price": "0.56", "size": "150", "side": "SELL", "hash": "15630894fab4dca76b2d91250eec3e3306bddf1f", "best_bid": "0.45", "best_ask": "0.56"}], "timestamp": "1769384708753", "event_type": "price_change"}}
{"_local_timestamp": "2026-01-25T23:45:14.473045+00:00", "data": {"market": "0x75852c511f568cf2a6e853d5e81f61a72f5b73fa446e035760cd7e294b33d450", "price_changes": [{"asset_id": "6354356652197293692968693639725410416779430913330083636355426615586916351473", "price": "0.45", "size": "8.5", "side": "BUY", "hash": "97a0153d2300d4b623363ae1ba017c35f1069fba", "best_bid": "0.45", "best_ask": "0.55"}, {"asset_id": "52657166232134623290821106971243729012971210837922432211056635796074841723388", "price": "0.55", "size": "8.5", "side": "SELL", "hash": "7f9f620bf16e7bab46389817f39e7d9ea4ce02c5", "best_bid": "0.45", "best_ask": "0.55"}], "timestamp": "1769384714406", "event_type": "price_change"}}
{"_local_timestamp": "2026-01-25T23:45:14.474189+00:00", "data": {"market": "0x75852c511f568cf2a6e853d5e81f61a72f5b73fa446e035760cd7e294b33d450", "price_changes": [{"asset_id": "52657166232134623290821106971243729012971210837922432211056635796074841723388", "price": "0.46", "size": "8.5", "side": "BUY", "hash": "a922e5e6a3402abd8d679f5831596da61f71b235", "best_bid": "0.46", "best_ask": "0.55"}, {"asset_id": "6354356652197293692968693639725410416779430913330083636355426615586916351473", "price": "0.54", "size": "8.5", "side": "SELL", "hash": "c5d4b44c81162fa78c8c754603027a35d2c23cac", "best_bid": "0.45", "best_ask": "0.54"}], "timestamp": "1769384714407", "event_type": "price_change"}}
{"_local_timestamp": "2026-01-25T23:45:19.448599+00:00", "data": {"market": "0x75852c511f568cf2a6e853d5e81f61a72f5b73fa446e035760cd7e294b33d450", "price_changes": [{"asset_id": "6354356652197293692968693639725410416779430913330083636355426615586916351473", "price": "0.44", "size": "0", "side": "BUY", "hash": "7597af6a0b10e8d01cb650024bfc55c87ba6e5cc", "best_bid": "0.45", "best_ask": "0.54"}, {"asset_id": "52657166232134623290821106971243729012971210837922432211056635796074841723388", "price": "0.56", "size": "0", "side": "SELL", "hash": "a61d327ae0b8997aacab311aa67725f3d99b1573", "best_bid": "0.46", "best_ask": "0.55"}], "timestamp": "1769384719386", "event_type": "price_change"}}
{"_local_timestamp": "2026-01-25T23:45:20.037311+00:00", "data": {"market": "0x75852c511f568cf2a6e853d5e81f61a72f5b73fa446e035760cd7e294b33d450", "price_changes": [{"asset_id": "6354356652197293692968693639725410416779430913330083636355426615586916351473", "price": "0.46", "size": "150", "side": "BUY", "hash": "0cf43ac0cf66bbecba9f7e6bdb7bd98afa153cee", "best_bid": "0.46", "best_ask": "0.54"}, {"asset_id": "52657166232134623290821106971243729012971210837922432211056635796074841723388", "price": "0.54", "size": "150", "side": "SELL", "hash": "1e3fb4f2347b180195287adaca2bf1a40b4c532f", "best_bid": "0.46", "best_ask": "0.54"}], "timestamp": "1769384719966", "event_type": "price_change"}}
{"_local_timestamp": "2026-01-25T23:45:25.134076+00:00", "data": {"market": "0x75852c511f568cf2a6e853d5e81f61a72f5b73fa446e035760cd7e294b33d450", "price_changes": [{"asset_id": "6354356652197293692968693639725410416779430913330083636355426615586916351473", "price": "0.45", "size": "0", "side": "BUY", "hash": "4725658a2b3927335374306d1000a2dfd7d007c1", "best_bid": "0.46", "best_ask": "0.54"}, {"asset_id": "52657166232134623290821106971243729012971210837922432211056635796074841723388", "price": "0.55", "size": "0", "side": "SELL", "hash": "ee6337917ba49dd148d1f87d3ef5f7ef4b9b7d6d", "best_bid": "0.46", "best_ask": "0.54"}], "timestamp": "1769384725064", "event_type": "price_change"}}
{"_local_timestamp": "2026-01-25T23:45:25.135152+00:00", "data": {"market": "0x75852c511f568cf2a6e853d5e81f61a72f5b73fa446e035760cd7e294b33d450", "price_changes": [{"asset_id": "52657166232134623290821106971243729012971210837922432211056635796074841723388", "price": "0.46", "size": "0", "side": "BUY", "hash": "1960a90665a2bcc8d37e99fbfbf8f17a53aaaf5f", "best_bid": "0.45", "best_ask": "0.54"}, {"asset_id": "6354356652197293692968693639725410416779430913330083636355426615586916351473", "price": "0.54", "size": "0", "side": "SELL", "hash": "95cd6917744ab5a6ce5c84bc6e84c3416cfdf48c", "best_bid": "0.46", "best_ask": "0.55"}], "timestamp": "1769384725064", "event_type": "price_change"}}
{"_local_timestamp": "2026-01-25T23:45:30.655280+00:00", "data": {"market": "0x75852c511f568cf2a6e853d5e81f61a72f5b73fa446e035760cd7e294b33d450", "price_changes": [{"asset_id": "6354356652197293692968693639725410416779430913330083636355426615586916351473", "price": "0.46", "size": "0", "side": "BUY", "hash": "8d909878e4a357be0d608d76da510cdce20ac2f6", "best_bid": "0.43", "best_ask": "0.55"}, {"asset_id": "52657166232134623290821106971243729012971210837922432211056635796074841723388", "price": "0.54", "size": "0", "side": "SELL", "hash": "0df29df55a544270cbeb4c2aca14334d7d72dab6", "best_bid": "0.45", "best_ask": "0.57"}], "timestamp": "1769384730585", "event_type": "price_change"}}
{"_local_timestamp": "2026-01-25T23:45:30.894552+00:00", "data": {"market": "0x75852c511f568cf2a6e853d5e81f61a72f5b73fa446e035760cd7e294b33d450", "price_changes": [{"asset_id": "6354356652197293692968693639725410416779430913330083636355426615586916351473", "price": "0.44", "size": "150", "side": "BUY", "hash": "fd80a69cbe8014009efc6c093e32db8b801b26ca", "best_bid": "0.44", "best_ask": "0.55"}, {"asset_id": "52657166232134623290821106971243729012971210837922432211056635796074841723388", "price": "0.56", "size": "150", "side": "SELL", "hash": "0628bc773f82190099d904c53bce885d752cffdc", "best_bid": "0.45", "best_ask": "0.56"}], "timestamp": "1769384730823", "event_type": "price_change"}}
{"_local_timestamp": "2026-01-25T23:45:37.005045+00:00", "data": {"market": "0x75852c511f568cf2a6e853d5e81f61a72f5b73fa446e035760cd7e294b33d450", "price_changes": [{"asset_id": "6354356652197293692968693639725410416779430913330083636355426615586916351473", "price": "0.45", "size": "8.5", "side": "BUY", "hash": "f035cd28c0dc966046082fa32f04370ee163f295", "best_bid": "0.45", "best_ask": "0.55"}, {"asset_id": "52657166232134623290821106971243729012971210837922432211056635796074841723388", "price": "0.55", "size": "8.5", "side": "SELL", "hash": "3734ae4276b9fb0d7a9af2a5d56506f37ac923cd", "best_bid": "0.45", "best_ask": "0.55"}], "timestamp": "1769384736940", "event_type": "price_change"}}
