{"_local_timestamp": "2026-01-25T23:33:45.483735+00:00", "data": [{"market": "0xf74cb0a061cefd961c1cf25e01049535932475e70f71f195ea722f186d196d53", "asset_id": "93201806067253828093075485814084103779068660859522529359715011769149465909731", "timestamp": "1769383843610", "hash": "950c1657d0d8cbc3eea9030471dc4814cb8bd01b", "bids": [{"price": "0.01", "size": "1034.6"}, {"price": "0.02", "size": "11.93"}, {"price": "0.03", "size": "300"}, {"price": "0.04", "size": "1108.17"}, {"price": "0.05", "size": "30"}, {"price": "0.06", "size": "33"}, {"price": "0.07", "size": "6.34"}, {"price": "0.1", "size": "130"}, {"price": "0.12", "size": "91.66"}, {"price": "0.13", "size": "6.65"}, {"price": "0.16", "size": "116"}, {"price": "0.27", "size": "10"}, {"price": "0.28", "size": "150"}], "asks": [{"price": "0.99", "size": "1035.33"}, {"price": "0.98", "size": "500"}, {"price": "0.97", "size": "905.83"}, {"price": "0.96", "size": "42"}, {"price": "0.95", "size": "20"}, {"price": "0.93", "size": "12"}, {"price": "0.92", "size": "5.1"}, {"price": "0.83", "size": "76.47"}, {"price": "0.82", "size": "61.11"}, {"price": "0.71", "size": "10"}, {"price": "0.7", "size": "150"}], "event_type": "book", "last_trade_price": ""}, {"market": "0x76038b9ce5d79ddaa39c03d61b2d95fee86ebd25ef030666e285ae8fb5954238", "asset_id": "45911579746569815526314522648824978945248417250261286795382233368143495038147", "timestamp": "1769383838824", "hash": "6be5b432677cf50ff3257407136763995dee40b4", "bids": [{"price": "0.01", "size": "126.64"}, {"price": "0.02", "size": "21.55"}, {"price": "0.04", "size": "1200"}, {"price": "0.05", "size": "230"}, {"price": "0.06", "size": "33"}, {"price": "0.07", "size": "8.43"}, {"price": "0.11", "size": "218.18"}, {"price": "0.13", "size": "84.61"}, {"price": "0.14", "size": "42"}, {"price": "0.15", "size": "5.75"}, {"price": "0.3", "size": "10"}, {"price": "0.31", "size": "150"}], "asks": [{"price": "0.99", "size": "131.52"}, {"price": "0.98", "size": "700"}, {"price": "0.97", "size": "5.08"}, {"price": "0.96", "size": "73.83"}, {"price": "0.94", "size": "6.64"}, {"price": "0.93", "size": "12.27"}, {"price": "0.92", "size": "162.5"}, {"price": "0.9", "size": "110"}, {"price": "0.89", "size": "55"}, {"price": "0.84", "size": "10"}, {"price": "0.83", "size": "150"}], "event_type": "book", "last_trade_price": ""}, {"market": "0xf62c465e9375bf565eda493fd92ed9c55f58340c726dbbf06f49d79c11e61b89", "asset_id": "87122443366615906205431831335561310496113663773105620735177394679592401307873", "timestamp": "1769383838824", "hash": "1bbebf5d26d2774d64851a9ea3343157f0e2446a", "bids": [{"price": "0.01", "size": "1027"}, {"price": "0.02", "size": "509.07"}, {"price": "0.03", "size": "900"}, {"price": "0.04", "size": "42"}, {"price": "0.05", "size": "20"}, {"price": "0.06", "size": "8.08"}, {"price": "0.07", "size": "17.47"}, {"price": "0.16", "size": "81.25"}, {"price": "0.17", "size": "64.7"}, {"price": "0.23", "size": "10"}, {"price": "0.24", "size": "150"}], "asks": [{"price": "0.99", "size": "1034.94"}, {"price": "0.98", "size": "46.34"}, {"price": "0.97", "size": "300"}, {"price": "0.96", "size": "1108.4"}, {"price": "0.95", "size": "30"}, {"price": "0.94", "size": "33"}, {"price": "0.93", "size": "8.68"}, {"price": "0.87", "size": "200"}, {"price": "0.86", "size": "78.57"}, {"price": "0.85", "size": "64"}, {"price": "0.74", "size": "10"}, {"price": "0.73", "size": "150"}], "event_type": "book", "last_trade_price": ""}, {"market": "0xf62c465e9375bf565eda493fd92ed9c55f58340c726dbbf06f49d79c11e61b89", "asset_id": "48529156804303955621433547170524391602069839051037161980333156833727384439785", "timestamp": "1769383838824", "hash": "f32517bab3fa98fee04161bed433974f91127023", "bids": [{"price": "0.01", "size": "1034.94"}, {"price": "0.02", "size": "46.34"}, {"price": "0.03", "size": "300"}, {"price": "0.04", "size": "1108.4"}, {"price": "0.05", "size": "30"}, {"price": "0.06", "size": "33"}, {"price": "0.07", "size": "8.68"}, {"price": "0.13", "size": "200"}, {"price": "0.14", "size": "78.57"}, {"price": "0.15", "size": "64"}, {"price": "0.26", "size": "10"}, {"price": "0.27", "size": "150"}], "asks": [{"price": "0.99", "size": "1027"}, {"price": "0.98", "size": "509.07"}, {"price": "0.97", "size": "900"}, {"price": "0.96", "size": "42"}, {"price": "0.95", "size": "20"}, {"price": "0.94", "size": "8.08"}, {"price": "0.93", "size": "17.47"}, {"price": "0.84", "size": "81.25"}, {"price": "0.83", "size": "64.7"}, {"price": "0.77", "size": "10"}, {"price": "0.76", "size": "150"}], "event_type": "book", "last_trade_price": ""}, {"market": "0x76038b9ce5d79ddaa39c03d61b2d95fee86ebd25ef030666e285ae8fb5954238", "asset_id": "97014202602137775264043312108936296839602935754164280253569515335320864037203", "timestamp": "1769383838824", "hash": "ef47c3f12ee317485cb59b3325b00754fbe0eafc", "bids": [{"price": "0.01", "size": "131.52"}, {"price": "0.02", "size": "700"}, {"price": "0.03", "size": "5.08"}, {"price": "0.04", "size": "73.83"}, {"price": "0.06", "size": "6.64"}, {"price": "0.07", "size": "12.27"}, {"price": "0.08", "size": "162.5"}, {"price": "0.1", "size": "110"}, {"price": "0.11", "size": "55"}, {"price": "0.16", "size": "10"}, {"price": "0.17", "size": "150"}], "asks": [{"price": "0.99", "size": "126.64"}, {"price": "0.98", "size": "21.55"}, {"price": "0.96", "size": "1200"}, {"price": "0.95", "size": "230"}, {"price": "0.94", "size": "33"}, {"price": "0.93", "size": "8.43"}, {"price": "0.89", "size": "218.18"}, {"price": "0.87", "size": "84.61"}, {"price": "0.86", "size": "42"}, {"price": "0.85", "size": "5.75"}, {"price": "0.7", "size": "10"}, {"price": "0.69", "size": "150"}], "event_type": "book", "last_trade_price": ""}, {"market": "0xf74cb0a061cefd961c1cf25e01049535932475e70f71f195ea722f186d196d53", "asset_id": "96751645511849306171172138950813401619642835600671118162965751657515742075854", "timestamp": "1769383843610", "hash": "fe5be9f88fc659e11380ac1b4b84e7e0c22de1f1", "bids": [{"price": "0.01", "size": "1035.33"}, {"price": "0.02", "size": "500"}, {"price": "0.03", "size": "905.83"}, {"price": "0.04", "size": "42"}, {"price": "0.05", "size": "20"}, {"price": "0.07", "size": "12"}, {"price": "0.08", "size": "5.1"}, {"price": "0.17", "size": "76.47"}, {"price": "0.18", "size": "61.11"}, {"price": "0.29", "size": "10"}, {"price": "0.3", "size": "150"}], "asks": [{"price": "0.99", "size": "1034.6"}, {"price": "0.98", "size": "11.93"}, {"price": "0.97", "size": "300"}, {"price": "0.96", "size": "1108.17"}, {"price": "0.95", "size": "30"}, {"price": "0.94", "size": "33"}, {"price": "0.93", "size": "6.34"}, {"price": "0.9", "size": "130"}, {"price": "0.88", "size": "91.66"}, {"price": "0.87", "size": "6.65"}, {"price": "0.84", "size": "116"}, {"price": "0.73", "size": "10"}, {"price": "0.72", "size": "150"}], "event_type": "book", "last_trade_price": ""}]}
{"_local_timestamp": "2026-01-25T23:34:25.795925+00:00", "data": {"market": "0x76038b9ce5d79ddaa39c03d61b2d95fee86ebd25ef030666e285ae8fb5954238", "price_changes": [{"asset_id": "45911579746569815526314522648824978945248417250261286795382233368143495038147", "price": "0.31", "size": "308", "side": "BUY", "hash": "b97144d32093e4a11ecaaa2c808a93cce8466282", "best_bid": "0.31", "best_ask": "0.83"}, {"asset_id": "97014202602137775264043312108936296839602935754164280253569515335320864037203", "price": "0.69", "size": "308", "side": "SELL", "hash": "4b9c5a299ef33b2b9f6af0ac14236a717ab30635", "best_bid": "0.17", "best_ask": "0.69"}], "timestamp": "1769384065546", "event_type": "price_change"}}
{"_local_timestamp": "2026-01-25T23:34:25.800119+00:00", "data": {"market": "0xf74cb0a061cefd961c1cf25e01049535932475e70f71f195ea722f186d196d53", "price_changes": [{"asset_id": "93201806067253828093075485814084103779068660859522529359715011769149465909731", "price": "0.29", "size": "316.66", "side": "BUY", "hash": "bd191bf515ccc90288c527b3b41b7dbe9b19e0a5", "best_bid": "0.29", "best_ask": "0.7"}, {"asset_id": "96751645511849306171172138950813401619642835600671118162965751657515742075854", "price": "0.71", "size": "316.66", "side": "SELL", "hash": "6f1b1a62e1c72501022bff76012a0468a99afd5f", "best_bid": "0.3", "best_ask": "0.71"}], "timestamp": "1769384065546", "event_type": "price_change"}}
{"_local_timestamp": "2026-01-25T23:34:25.800888+00:00", "data": {"market": "0xf74cb0a061cefd961c1cf25e01049535932475e70f71f195ea722f186d196d53", "price_changes": [{"asset_id": "93201806067253828093075485814084103779068660859522529359715011769149465909731", "price": "0.28", "size": "229", "side": "BUY", "hash": "0eb2b2fd97ca9707e15bd55222b87a552419903f", "best_bid": "0.29", "best_ask": "0.7"}, {"asset_id": "96751645511849306171172138950813401619642835600671118162965751657515742075854", "price": "0.72", "size": "229", "side": "SELL", "hash": "b21a0722822c883ca1a9683219d32b0c7d5d9ff4", "best_bid": "0.3", "best_ask": "0.71"}], "timestamp": "1769384065547", "event_type": "price_change"}}
{"_local_timestamp": "2026-01-25T23:34:25.802139+00:00", "data": {"market": "0xf62c465e9375bf565eda493fd92ed9c55f58340c726dbbf06f49d79c11e61b89", "price_changes": [{"asset_id": "48529156804303955621433547170524391602069839051037161980333156833727384439785", "price": "0.28", "size": "316.66", "side": "BUY", "hash": "548ef5295d18922a90a38736d18a82d613604d94", "best_bid": "0.28", "best_ask": "0.76"}, {"asset_id": "87122443366615906205431831335561310496113663773105620735177394679592401307873", "price": "0.72", "size": "316.66", "side": "SELL", "hash": "107276bb0b552e0b99e2cf096f66707cdc65f05d", "best_bid": "0.24", "best_ask": "0.72"}], "timestamp": "1769384065546", "event_type": "price_change"}}
{"_local_timestamp": "2026-01-25T23:34:25.803085+00:00", "data": {"market": "0x76038b9ce5d79ddaa39c03d61b2d95fee86ebd25ef030666e285ae8fb5954238", "price_changes": [{"asset_id": "45911579746569815526314522648824978945248417250261286795382233368143495038147", "price": "0.32", "size": "316.66", "side": "BUY", "hash": "c03432cac6d7f3a36d0dacd7e71eb759eff9d852", "best_bid": "0.32", "best_ask": "0.83"}, {"asset_id": "97014202602137775264043312108936296839602935754164280253569515335320864037203", "price": "0.68", "size": "316.66", "side": "SELL", "hash": "7853caff230556366a433700feacdccf69e84a51", "best_bid": "0.17", "best_ask": "0.68"}], "timestamp": "1769384065547", "event_type": "price_change"}}
{"_local_timestamp": "2026-01-25T23:34:25.803461+00:00", "data": {"market": "0xf62c465e9375bf565eda493fd92ed9c55f58340c726dbbf06f49d79c11e61b89", "price_changes": [{"asset_id": "48529156804303955621433547170524391602069839051037161980333156833727384439785", "price": "0.27", "size": "308", "side": "BUY", "hash": "1859cb6490ad6a6891c9e7bba8c3c6faf65b399a", "best_bid": "0.28", "best_ask": "0.76"}, {"asset_id": "87122443366615906205431831335561310496113663773105620735177394679592401307873", "price": "0.73", "size": "308", "side": "SELL", "hash": "c701391f13e78bb85325f90caeeb61813e8c7d28", "best_bid": "0.24", "best_ask": "0.72"}], "timestamp": "1769384065547", "event_type": "price_change"}}
{"_local_timestamp": "2026-01-25T23:34:29.743769+00:00", "data": {"market": "0xf74cb0a061cefd961c1cf25e01049535932475e70f71f195ea722f186d196d53", "price_changes": [{"asset_id": "93201806067253828093075485814084103779068660859522529359715011769149465909731", "price": "0.28", "size": "79", "side": "BUY", "hash": "9e04d20a4794e7d2aafddc2c37e3b471d422ba51", "best_bid": "0.29", "best_ask": "0.7"}, {"asset_id": "96751645511849306171172138950813401619642835600671118162965751657515742075854", "price": "0.72", "size": "79", "side": "SELL", "hash": "8f952a8efec95fda9176a9c934cc7f621d0cd18f", "best_bid": "0.3", "best_ask": "0.71"}], "timestamp": "1769384069524", "event_type": "price_change"}}
{"_local_timestamp": "2026-01-25T23:34:29.744283+00:00", "data": {"market": "0x76038b9ce5d79ddaa39c03d61b2d95fee86ebd25ef030666e285ae8fb5954238", "price_changes": [{"asset_id": "45911579746569815526314522648824978945248417250261286795382233368143495038147", "price": "0.31", "size": "158", "side": "BUY", "hash": "e2a10c2d1b17b3b4dfae657aec05dbf44813fd29", "best_bid": "0.32", "best_ask": "0.83"}, {"asset_id": "97014202602137775264043312108936296839602935754164280253569515335320864037203", "price": "0.69", "size": "158", "side": "SELL", "hash": "18cf1b49bb89dd3b5fac6f8f15bef66d3e33f6d0", "best_bid": "0.17", "best_ask": "0.68"}], "timestamp": "1769384069524", "event_type": "price_change"}}
{"_local_timestamp": "2026-01-25T23:34:29.744865+00:00", "data": {"market": "0xf62c465e9375bf565eda493fd92ed9c55f58340c726dbbf06f49d79c11e61b89", "price_changes": [{"asset_id": "48529156804303955621433547170524391602069839051037161980333156833727384439785", "price": "0.27", "size": "158", "side": "BUY", "hash": "65cc212f35a89e525732bf6aecc928c994f0a03a", "best_bid": "0.28", "best_ask": "0.76"}, {"asset_id": "87122443366615906205431831335561310496113663773105620735177394679592401307873", "price": "0.73", "size": "158", "side": "SELL", "hash": "711f092765cc63cbd57c0a065658a51199c2dbc8", "best_bid": "0.24", "best_ask": "0.72"}], "timestamp": "1769384069524", "event_type": "price_change"}}
{"_local_timestamp": "2026-01-25T23:34:30.453516+00:00", "data": {"market": "0xf62c465e9375bf565eda493fd92ed9c55f58340c726dbbf06f49d79c11e61b89", "price_changes": [{"asset_id": "48529156804303955621433547170524391602069839051037161980333156833727384439785", "price": "0.29", "size": "150", "side": "BUY", "hash": "9c4437ef0ec50c39c0f4be3b6701907225e5f870", "best_bid": "0.29", "best_ask": "0.76"}, {"asset_id": "87122443366615906205431831335561310496113663773105620735177394679592401307873", "price": "0.71", "size": "150", "side": "SELL", "hash": "83c300b5de21bde385c0d0d0caf9922d853ffd8f", "best_bid": "0.24", "best_ask": "0.71"}], "timestamp": "1769384070120", "event_type": "price_change"}}
{"_local_timestamp": "2026-01-25T23:34:30.471158+00:00", "data": {"market": "0xf74cb0a061cefd961c1cf25e01049535932475e70f71f195ea722f186d196d53", "price_changes": [{"asset_id": "93201806067253828093075485814084103779068660859522529359715011769149465909731", "price": "0.3", "size": "150", "side": "BUY", "hash": "7eac8585069d35f633e440681e5fd7314c332a23", "best_bid": "0.3", "best_ask": "0.7"}, {"asset_id": "96751645511849306171172138950813401619642835600671118162965751657515742075854", "price": "0.7", "size": "150", "side": "SELL", "hash": "0dd8ea67d786e8c2297ae3bb287890b8b894bf50", "best_bid": "0.3", "best_ask": "0.7"}], "timestamp": "1769384070143", "event_type": "price_change"}}
{"_local_timestamp": "2026-01-25T23:34:30.474902+00:00", "data": {"market": "0x76038b9ce5d79ddaa39c03d61b2d95fee86ebd25ef030666e285ae8fb5954238", "price_changes": [{"asset_id": "45911579746569815526314522648824978945248417250261286795382233368143495038147", "price": "0.33", "size": "150", "side": "BUY", "hash": "ba6d932b2fa56e7532447b5f063c1bd577aa27ff", "best_bid": "0.33", "best_ask": "0.83"}, {"asset_id": "97014202602137775264043312108936296839602935754164280253569515335320864037203", "price": "0.67", "size": "150", "side": "SELL", "hash": "ff55a8135b33e949980da823256f4dd47d49dc50", "best_bid": "0.17", "best_ask": "0.67"}], "timestamp": "1769384070144", "event_type": "price_change"}}
