{"_local_timestamp": "2026-01-25T23:34:13.078742+00:00", "data": [{"market": "0x8a15583967994b37c2909b6f4e833ebc260c69c39d515d4af626fbe61f53a360", "asset_id": "92360297240212285092702016354787872303314813006199811850933791311393537763023", "timestamp": "1769383071553", "hash": "a1ce2f19a3c5c401d711667b78276168c1bb9528", "bids": [{"price": "0.01", "size": "522.75"}, {"price": "0.02", "size": "159.99"}, {"price": "0.03", "size": "86.99"}, {"price": "0.05", "size": "12.73"}], "asks": [{"price": "0.99", "size": "550"}, {"price": "0.98", "size": "388"}], "event_type": "book", "last_trade_price": ""}, {"market": "0xdb5447855ecad081b9ad22c543b36d1012e2ae7dc4f1bc3249378a52c6868437", "asset_id": "114337478566159839296373206879770820391591368298169467453150387132061435632564", "timestamp": "1769382540682", "hash": "d57e720dca0af14f9130fb92e9b08b242404a7f2", "bids": [{"price": "0.01", "size": "550"}, {"price": "0.02", "size": "292"}], "asks": [{"price": "0.99", "size": "550"}, {"price": "0.98", "size": "160.48"}, {"price": "0.97", "size": "232.65"}, {"price": "0.95", "size": "12.73"}], "event_type": "book", "last_trade_price": ""}, {"market": "0xce7711eff8200c3345d4b04ad39ad772f772640e030a36223777dd21524e9173", "asset_id": "106837059269584996243836026053513424017593833099130483153908431541112449402575", "timestamp": "1769383116874", "hash": "6a552f113cc54da32545fcffef7d9035c25d7c2e", "bids": [{"price": "0.01", "size": "714.9"}, {"price": "0.02", "size": "156.7"}, {"price": "0.03", "size": "12.84"}, {"price": "0.04", "size": "500"}, {"price": "0.05", "size": "350"}, {"price": "0.06", "size": "38.52"}], "asks": [{"price": "0.99", "size": "714.79"}, {"price": "0.98", "size": "163.72"}, {"price": "0.97", "size": "666.66"}, {"price": "0.96", "size": "6.21"}, {"price": "0.95", "size": "253"}, {"price": "0.94", "size": "43.95"}], "event_type": "book", "last_trade_price": ""}, {"market": "0x0dc3ad2ac4b81c68823179fff80d5fd7faae67b877c9ec9ca091dde7f50820b9", "asset_id": "27247961702066650259133483988656319750832133366552749114586105538583766009576", "timestamp": "1769382623702", "hash": "064126990b432539b42811468c9d3754d16385ee", "bids": [{"price": "0.01", "size": "550"}, {"price": "0.02", "size": "388"}], "asks": [{"price": "0.99", "size": "550"}, {"price": "0.98", "size": "160.48"}, {"price": "0.97", "size": "86.65"}, {"price": "0.95", "size": "12.73"}], "event_type": "book", "last_trade_price": ""}, {"market": "0x0dc3ad2ac4b81c68823179fff80d5fd7faae67b877c9ec9ca091dde7f50820b9", "asset_id": "97809863686036809205792248823856656812665260256189047503871571459828531550717", "timestamp": "1769382623702", "hash": "fcc99a58df41ed0ac4ab74e59fb4bdeb60807ab6", "bids": [{"price": "0.01", "size": "550"}, {"price": "0.02", "size": "160.48"}, {"price": "0.03", "size": "86.65"}, {"price": "0.05", "size": "12.73"}], "asks": [{"price": "0.99", "size": "550"}, {"price": "0.98", "size": "388"}], "event_type": "book", "last_trade_price": ""}, {"market": "0xdb5447855ecad081b9ad22c543b36d1012e2ae7dc4f1bc3249378a52c6868437", "asset_id": "106938493631571653869427621422611372327827025938422279820756640233281452193148", "timestamp": "1769382540682", "hash": "9acda893eafdc25dc57708d15a147857adf58434", "bids": [{"price": "0.01", "size": "550"}, {"price": "0.02", "size": "160.48"}, {"price": "0.03", "size": "232.65"}, {"price": "0.05", "size": "12.73"}], "asks": [{"price": "0.99", "size": "550"}, {"price": "0.98", "size": "292"}], "event_type": "book", "last_trade_price": ""}, {"market": "0xd3eaa3d04b83ec5305e265268e389b0cccd12ac9182c27db81b38fc3e7fb41e7", "asset_id": "107631570991108974004642501656094671537013573163993882162236889399965558443737", "timestamp": "1769382483680", "hash": "23f02e042451b771fe2e085e1aec22e30b7f5426", "bids": [{"price": "0.01", "size": "564.79"}, {"price": "0.02", "size": "157.03"}, {"price": "0.03", "size": "675.36"}, {"price": "0.04", "size": "250"}, {"price": "0.05", "size": "9"}, {"price": "0.06", "size": "5.47"}], "asks": [{"price": "0.99", "size": "572.04"}, {"price": "0.98", "size": "160.48"}, {"price": "0.97", "size": "94.65"}, {"price": "0.96", "size": "509.25"}], "event_type": "book", "last_trade_price": ""}, {"market": "0x8a15583967994b37c2909b6f4e833ebc260c69c39d515d4af626fbe61f53a360", "asset_id": "79313583971369292637729296718424731087547715993172601040883974758088168618521", "timestamp": "1769383071553", "hash": "0cef1f5cd12291121b08adcbcb976c57a66dae36", "bids": [{"price": "0.01", "size": "550"}, {"price": "0.02", "size": "388"}], "asks": [{"price": "0.99", "size": "522.75"}, {"price": "0.98", "size": "159.99"}, {"price": "0.97", "size": "86.99"}, {"price": "0.95", "size": "12.73"}], "event_type": "book", "last_trade_price": ""}, {"market": "0xd3eaa3d04b83ec5305e265268e389b0cccd12ac9182c27db81b38fc3e7fb41e7", "asset_id": "29963681976066018389178821046129570122310823520634479788788667635126401232365", "timestamp": "1769382483680", "hash": "20007c2b8bacafb6e55550d3bdbcbca2d2395aaf", "bids": [{"price": "0.01", "size": "572.04"}, {"price": "0.02", "size": "160.48"}, {"price": "0.03", "size": "94.65"}, {"price": "0.04", "size": "509.25"}], "asks": [{"price": "0.99", "size": "564.79"}, {"price": "0.98", "size": "157.03"}, {"price": "0.97", "size": "675.36"}, {"price": "0.96", "size": "250"}, {"price": "0.95", "size": "9"}, {"price": "0.94", "size": "5.47"}], "event_type": "book", "last_trade_price": ""}, {"market": "0xce7711eff8200c3345d4b04ad39ad772f772640e030a36223777dd21524e9173", "asset_id": "81486175666004705008313092040661266229539841555464792825932495984312246801725", "timestamp": "1769383116874", "hash": "0df2ba5c837a039cbf43e800fbdc57739979f5bb", "bids": [{"price": "0.01", "size": "714.79"}, {"price": "0.02", "size": "163.72"}, {"price": "0.03", "size": "666.66"}, {"price": "0.04", "size": "6.21"}, {"price": "0.05", "size": "253"}, {"price": "0.06", "size": "43.95"}], "asks": [{"price": "0.99", "size": "714.9"}, {"price": "0.98", "size": "156.7"}, {"price": "0.97", "size": "12.84"}, {"price": "0.96", "size": "500"}, {"price": "0.95", "size": "350"}, {"price": "0.94", "size": "38.52"}], "event_type": "book", "last_trade_price": ""}]}
