{"_local_timestamp": "2026-01-25T23:41:39.171225+00:00", "data": [{"market": "0x22b41c8074d069f1edbb5c38906d70c952803f9de0c31fef6e61d237d1e6a419", "asset_id": "114079901607148516505423532687047034344259612481350685268311827551391932771715", "timestamp": "1769383751098", "hash": "977a061b33fd44e00d5c84e9a593619d8f356221", "bids": [{"price": "0.01", "size": "3151.79"}, {"price": "0.02", "size": "49.1"}], "asks": [{"price": "0.99", "size": "50"}, {"price": "0.98", "size": "5.47"}], "event_type": "book", "last_trade_price": ""}, {"market": "0x80850be202d9ed8ff25bd8b01992e3100e6a9e2104745f5b831047b6659d926d", "asset_id": "56032881669788030478145818744845557211252912368439964407205318497586632752400", "timestamp": "1769383751098", "hash": "bce98b085c58f3d39f1f74e9268008c7d914e345", "bids": [{"price": "0.01", "size": "50"}, {"price": "0.02", "size": "5.47"}], "asks": [{"price": "0.99", "size": "3151.79"}, {"price": "0.98", "size": "49.1"}], "event_type": "book", "last_trade_price": ""}, {"market": "0x22b41c8074d069f1edbb5c38906d70c952803f9de0c31fef6e61d237d1e6a419", "asset_id": "36572881435031189366330573557398441924924911537680910015179593295177132125004", "timestamp": "1769383751098", "hash": "6f34c722ae08a755cc5f07ede598f7f264fd66e0", "bids": [{"price": "0.01", "size": "50"}, {"price": "0.02", "size": "5.47"}], "asks": [{"price": "0.99", "size": "3151.79"}, {"price": "0.98", "size": "49.1"}], "event_type": "book", "last_trade_price": ""}, {"market": "0x188e53b9e7f7cccf5d1f6cc219132ee2da6ad4cb6098e3f1ad843800dfbb8a9b", "asset_id": "28440515321368243812224814029062924424954864802750353192682991435014272227071", "timestamp": "1769383751098", "hash": "a03fc817fecf9e3d726064c5a68be98ed1b7f6ec", "bids": [{"price": "0.01", "size": "3151.79"}, {"price": "0.02", "size": "49.1"}], "asks": [{"price": "0.99", "size": "50"}, {"price": "0.98", "size": "5.47"}], "event_type": "book", "last_trade_price": ""}, {"market": "0x188e53b9e7f7cccf5d1f6cc219132ee2da6ad4cb6098e3f1ad843800dfbb8a9b", "asset_id": "56731469362873839782728813415769707557354949136040949629878769683631927538427", "timestamp": "1769383751098", "hash": "d8f69650e0389d196d7ef81702e417e00ca9d0a4", "bids": [{"price": "0.01", "size": "50"}, {"price": "0.02", "size": "5.47"}], "asks": [{"price": "0.99", "size": "3151.79"}, {"price": "0.98", "size": "49.1"}], "event_type": "book", "last_trade_price": ""}, {"market": "0x80850be202d9ed8ff25bd8b01992e3100e6a9e2104745f5b831047b6659d926d", "asset_id": "74170233821884431521675435763612812650604402103388640334532783281617154938215", "timestamp": "1769383751098", "hash": "516455b3002dd03d3e9db771bf25ea14946a67f5", "bids": [{"price": "0.01", "size": "3151.79"}, {"price": "0.02", "size": "49.1"}], "asks": [{"price": "0.99", "size": "50"}, {"price": "0.98", "size": "5.47"}], "event_type": "book", "last_trade_price": ""}]}
