{"_local_timestamp": "2026-01-25T23:41:19.221526+00:00", "data": [{"market": "0x7d0f42e65cdbe376b0a12db90751dda4d6170b5aa316c867bab451fb2bbd2a8d", "asset_id": "54280649061306387065727540010135543777158797946395069420276146779068518827690", "timestamp": "1769382483677", "hash": "b64e9ebabd618b64eb079f7ceb5f90a93c7e5dac", "bids": [{"price": "0.01", "size": "664.79"}, {"price": "0.02", "size": "163.72"}, {"price": "0.03", "size": "666.66"}, {"price": "0.04", "size": "6.21"}, {"price": "0.05", "size": "228"}, {"price": "0.06", "size": "43.95"}], "asks": [{"price": "0.99", "size": "664.79"}, {"price": "0.98", "size": "157.03"}, {"price": "0.97", "size": "12.74"}, {"price": "0.96", "size": "500"}, {"price": "0.95", "size": "350"}, {"price": "0.94", "size": "38.48"}], "event_type": "book", "last_trade_price": ""}, {"market": "0x2e21088ffe58ed9eed24c1eab4b6e146209e457a139afdfa847ca3d5d35737e1", "asset_id": "97280791635728314552209394866771139876058539812291790901908512546513758275798", "timestamp": "1769382783902", "hash": "a9cd2e49ba4edd0e055248e74e6fd3f901c867e9", "bids": [{"price": "0.01", "size": "519.87"}, {"price": "0.02", "size": "156.69"}, {"price": "0.03", "size": "171.18"}, {"price": "0.05", "size": "15.11"}], "asks": [{"price": "0.99", "size": "500"}, {"price": "0.98", "size": "267"}], "event_type": "book", "last_trade_price": ""}, {"market": "0x1f2fbdc6ac5831fac11ab3849d801750f74e0fa9cdb97a993c038beb759c0427", "asset_id": "23599643298113576173223348665612204667684822037044393355129723845718241368625", "timestamp": "1769382483671", "hash": "82c0b4288c256733428566aca884c82503073c41", "bids": [{"price": "0.01", "size": "522.24"}, {"price": "0.02", "size": "256.69"}, {"price": "0.03", "size": "239.79"}, {"price": "0.04", "size": "14.97"}], "asks": [{"price": "0.99", "size": "500"}, {"price": "0.98", "size": "150"}], "event_type": "book", "last_trade_price": ""}, {"market": "0x6e5c9b5d11b8e4919991fc22677299d870c43e90ff61d9c38caf781a7fd54048", "asset_id": "8670668467170245006612191462481792105550630633656349289411809333597889552986", "timestamp": "1769384420478", "hash": "cee974b2446abb7859338143c9b2801704edfc4c", "bids": [{"price": "0.01", "size": "514.79"}, {"price": "0.02", "size": "156.69"}, {"price": "0.03", "size": "675.45"}, {"price": "0.04", "size": "250"}, {"price": "0.05", "size": "9.09"}, {"price": "0.07", "size": "15.47"}], "asks": [{"price": "0.99", "size": "518.81"}, {"price": "0.98", "size": "158.94"}, {"price": "0.97", "size": "19.08"}, {"price": "0.96", "size": "500"}, {"price": "0.95", "size": "16.01"}], "event_type": "book", "last_trade_price": "0.940"}, {"market": "0x1f2fbdc6ac5831fac11ab3849d801750f74e0fa9cdb97a993c038beb759c0427", "asset_id": "63543585258000057607931892999797434340989337871809088533767996460657539113285", "timestamp": "1769382483687", "hash": "492feaef8c46693c8c3f6d2dc8a1a870dc14aec3", "bids": [{"price": "0.01", "size": "500"}, {"price": "0.02", "size": "150"}], "asks": [{"price": "0.99", "size": "522.24"}, {"price": "0.98", "size": "156.69"}, {"price": "0.97", "size": "239.79"}, {"price": "0.96", "size": "14.97"}], "event_type": "book", "last_trade_price": ""}, {"market": "0xdb6e6c0e0a727b9169d6414628f71c7908f356348071cf7d20c6feaed9a43f5f", "asset_id": "40612777471412246023042793296284888687129100511682312177179555805250126966028", "timestamp": "1769382483691", "hash": "5564e3a721c3437ec56e4cb80c3386009dd71c8e", "bids": [{"price": "0.01", "size": "500"}, {"price": "0.02", "size": "267"}], "asks": [{"price": "0.99", "size": "519.87"}, {"price": "0.98", "size": "156.69"}, {"price": "0.97", "size": "171.18"}, {"price": "0.95", "size": "15.11"}], "event_type": "book", "last_trade_price": ""}, {"market": "0x7d0f42e65cdbe376b0a12db90751dda4d6170b5aa316c867bab451fb2bbd2a8d", "asset_id": "74778151629556576009546069455444527699810961731567513313421700358443860920189", "timestamp": "1769382483677", "hash": "97267909c23c270aa49b61ff1984c21d537e9b2f", "bids": [{"price": "0.01", "size": "664.79"}, {"price": "0.02", "size": "157.03"}, {"price": "0.03", "size": "12.74"}, {"price": "0.04", "size": "500"}, {"price": "0.05", "size": "350"}, {"price": "0.06", "size": "38.48"}], "asks": [{"price": "0.99", "size": "664.79"}, {"price": "0.98", "size": "163.72"}, {"price": "0.97", "size": "666.66"}, {"price": "0.96", "size": "6.21"}, {"price": "0.95", "size": "228"}, {"price": "0.94", "size": "43.95"}], "event_type": "book", "last_trade_price": ""}, {"market": "0x2e21088ffe58ed9eed24c1eab4b6e146209e457a139afdfa847ca3d5d35737e1", "asset_id": "87912536312267670693690301222194709746650625597795563957531616179122831031986", "timestamp": "1769382783902", "hash": "62039210117c2b55527a269037831d8822e5f1c9", "bids": [{"price": "0.01", "size": "500"}, {"price": "0.02", "size": "267"}], "asks": [{"price": "0.99", "size": "519.87"}, {"price": "0.98", "size": "156.69"}, {"price": "0.97", "size": "171.18"}, {"price": "0.95", "size": "15.11"}], "event_type": "book", "last_trade_price": ""}, {"market": "0xdb6e6c0e0a727b9169d6414628f71c7908f356348071cf7d20c6feaed9a43f5f", "asset_id": "106568809492324731454551258308982782600366574979012134908881682238354325180994", "timestamp": "1769382483691", "hash": "c5353b4a735a1d1f6d2c986b5354bc114562e18d", "bids": [{"price": "0.01", "size": "519.87"}, {"price": "0.02", "size": "156.69"}, {"price": "0.03", "size": "171.18"}, {"price": "0.05", "size": "15.11"}], "asks": [{"price": "0.99", "size": "500"}, {"price": "0.98", "size": "267"}], "event_type": "book", "last_trade_price": ""}, {"market": "0x6e5c9b5d11b8e4919991fc22677299d870c43e90ff61d9c38caf781a7fd54048", "asset_id": "19046456091211046167612346741285320769372307342803794322465261218937991537359", "timestamp": "1769384420478", "hash": "c1aaa83d9c586d6afd8dd0e44efeac4fd17ea1e8", "bids": [{"price": "0.01", "size": "518.81"}, {"price": "0.02", "size": "158.94"}, {"price": "0.03", "size": "19.08"}, {"price": "0.04", "size": "500"}, {"price": "0.05", "size": "16.01"}], "asks": [{"price": "0.99", "size": "514.79"}, {"price": "0.98", "size": "156.69"}, {"price": "0.97", "size": "675.45"}, {"price": "0.96", "size": "250"}, {"price": "0.95", "size": "9.09"}, {"price": "0.93", "size": "15.47"}], "event_type": "book", "last_trade_price": "0.940"}]}
