{"_local_timestamp": "2026-01-25T23:40:49.220754+00:00", "data": [{"market": "0x078feddd53d2bf4e1d48a37abe77086a04d23f2a9565f23a87a7d0132544c6ce", "asset_id": "94275205971087937612779652982348513062469691809310167814380912506764672143942", "timestamp": "1769384314685", "hash": "b1d453216e85c7c6058313055ef4d4fd27048e8a", "bids": [{"price": "0.01", "size": "75.77"}, {"price": "0.02", "size": "725"}, {"price": "0.03", "size": "7.17"}, {"price": "0.05", "size": "520"}, {"price": "0.06", "size": "6.05"}, {"price": "0.11", "size": "350"}, {"price": "0.12", "size": "10.53"}, {"price": "0.35", "size": "300"}, {"price": "0.4", "size": "200"}, {"price": "0.43", "size": "125"}, {"price": "0.46", "size": "75"}, {"price": "0.57", "size": "22.8"}, {"price": "0.58", "size": "18.96"}, {"price": "0.68", "size": "507"}, {"price": "0.69", "size": "82.79"}], "asks": [{"price": "0.99", "size": "70"}, {"price": "0.97", "size": "250"}, {"price": "0.96", "size": "12"}, {"price": "0.91", "size": "300"}, {"price": "0.9", "size": "200"}, {"price": "0.89", "size": "125"}, {"price": "0.88", "size": "257.11"}, {"price": "0.87", "size": "184.61"}, {"price": "0.83", "size": "10"}, {"price": "0.81", "size": "411"}, {"price": "0.8", "size": "150"}], "event_type": "book", "last_trade_price": ""}, {"market": "0x078feddd53d2bf4e1d48a37abe77086a04d23f2a9565f23a87a7d0132544c6ce", "asset_id": "52827999196792401407850537040011344703891613077379868943806003994262769331897", "timestamp": "1769384314685", "hash": "5b1471a4ba10066c65239e349a05148d71f95a73", "bids": [{"price": "0.01", "size": "70"}, {"price": "0.03", "size": "250"}, {"price": "0.04", "size": "12"}, {"price": "0.09", "size": "300"}, {"price": "0.1", "size": "200"}, {"price": "0.11", "size": "125"}, {"price": "0.12", "size": "257.11"}, {"price": "0.13", "size": "184.61"}, {"price": "0.17", "size": "10"}, {"price": "0.19", "size": "411"}, {"price": "0.2", "size": "150"}], "asks": [{"price": "0.99", "size": "75.77"}, {"price": "0.98", "size": "725"}, {"price": "0.97", "size": "7.17"}, {"price": "0.95", "size": "520"}, {"price": "0.94", "size": "6.05"}, {"price": "0.89", "size": "350"}, {"price": "0.88", "size": "10.53"}, {"price": "0.65", "size": "300"}, {"price": "0.6", "size": "200"}, {"price": "0.57", "size": "125"}, {"price": "0.54", "size": "75"}, {"price": "0.43", "size": "22.8"}, {"price": "0.42", "size": "18.96"}, {"price": "0.32", "size": "507"}, {"price": "0.31", "size": "82.79"}], "event_type": "book", "last_trade_price": ""}, {"market": "0x681899b44e4012e2e967271002962acc3392e7e8358c28d9018d27cb655a1089", "asset_id": "89628227630969644837754597335413173437116597140248341732455392373015853266252", "timestamp": "1769383290633", "hash": "fdcfcdd0f216153025296b8dd42756256dfa20e0", "bids": [{"price": "0.01", "size": "1778.68"}, {"price": "0.02", "size": "700"}, {"price": "0.03", "size": "7.13"}, {"price": "0.05", "size": "530"}, {"price": "0.06", "size": "6.89"}, {"price": "0.12", "size": "275"}, {"price": "0.13", "size": "9.35"}, {"price": "0.36", "size": "300"}, {"price": "0.41", "size": "200"}, {"price": "0.44", "size": "125"}, {"price": "0.48", "size": "75"}, {"price": "0.6", "size": "21.66"}, {"price": "0.61", "size": "18.03"}, {"price": "0.69", "size": "150"}, {"price": "0.7", "size": "7"}, {"price": "0.71", "size": "350"}], "asks": [{"price": "0.99", "size": "973"}, {"price": "0.96", "size": "262"}, {"price": "0.9", "size": "300"}, {"price": "0.89", "size": "200"}, {"price": "0.88", "size": "216.66"}, {"price": "0.87", "size": "175"}, {"price": "0.83", "size": "360"}, {"price": "0.82", "size": "50"}, {"price": "0.81", "size": "10"}, {"price": "0.8", "size": "150"}], "event_type": "book", "last_trade_price": ""}, {"market": "0x681899b44e4012e2e967271002962acc3392e7e8358c28d9018d27cb655a1089", "asset_id": "36825784478990567912303849073085422660530138247268407862204290915941659771833", "timestamp": "1769383290633", "hash": "1dd575a5ba8278b57c599d33bd25025e72eb01b3", "bids": [{"price": "0.01", "size": "973"}, {"price": "0.04", "size": "262"}, {"price": "0.1", "size": "300"}, {"price": "0.11", "size": "200"}, {"price": "0.12", "size": "216.66"}, {"price": "0.13", "size": "175"}, {"price": "0.17", "size": "360"}, {"price": "0.18", "size": "50"}, {"price": "0.19", "size": "10"}, {"price": "0.2", "size": "150"}], "asks": [{"price": "0.99", "size": "1778.68"}, {"price": "0.98", "size": "700"}, {"price": "0.97", "size": "7.13"}, {"price": "0.95", "size": "530"}, {"price": "0.94", "size": "6.89"}, {"price": "0.88", "size": "275"}, {"price": "0.87", "size": "9.35"}, {"price": "0.64", "size": "300"}, {"price": "0.59", "size": "200"}, {"price": "0.56", "size": "125"}, {"price": "0.52", "size": "75"}, {"price": "0.4", "size": "21.66"}, {"price": "0.39", "size": "18.03"}, {"price": "0.31", "size": "150"}, {"price": "0.3", "size": "7"}, {"price": "0.29", "size": "350"}], "event_type": "book", "last_trade_price": ""}, {"market": "0x75852c511f568cf2a6e853d5e81f61a72f5b73fa446e035760cd7e294b33d450", "asset_id": "52657166232134623290821106971243729012971210837922432211056635796074841723388", "timestamp": "1769384448754", "hash": "ce950ce87c9f14698bf00efee54f74fc26eb230e", "bids": [{"price": "0.01", "size": "1773"}, {"price": "0.02", "size": "700"}, {"price": "0.04", "size": "12"}, {"price": "0.05", "size": "500"}, {"price": "0.11", "size": "350"}, {"price": "0.26", "size": "300"}, {"price": "0.29", "size": "200"}, {"price": "0.31", "size": "125"}, {"price": "0.32", "size": "75"}, {"price": "0.37", "size": "35.13"}, {"price": "0.38", "size": "28.94"}, {"price": "0.45", "size": "550"}, {"price": "0.46", "size": "8.5"}], "asks": [{"price": "0.99", "size": "1780.64"}, {"price": "0.98", "size": "700"}, {"price": "0.97", "size": "24.05"}, {"price": "0.95", "size": "520"}, {"price": "0.94", "size": "6.84"}, {"price": "0.89", "size": "350"}, {"price": "0.88", "size": "9.76"}, {"price": "0.72", "size": "300"}, {"price": "0.68", "size": "200"}, {"price": "0.67", "size": "125"}, {"price": "0.65", "size": "112.14"}, {"price": "0.64", "size": "30.55"}, {"price": "0.59", "size": "350"}, {"price": "0.57", "size": "50"}, {"price": "0.56", "size": "150"}, {"price": "0.55", "size": "8.5"}], "event_type": "book", "last_trade_price": ""}, {"market": "0x75852c511f568cf2a6e853d5e81f61a72f5b73fa446e035760cd7e294b33d450", "asset_id": "6354356652197293692968693639725410416779430913330083636355426615586916351473", "timestamp": "1769384448754", "hash": "cabe11293161f677632ab781fbd06746ee551207", "bids": [{"price": "0.01", "size": "1780.64"}, {"price": "0.02", "size": "700"}, {"price": "0.03", "size": "24.05"}, {"price": "0.05", "size": "520"}, {"price": "0.06", "size": "6.84"}, {"price": "0.11", "size": "350"}, {"price": "0.12", "size": "9.76"}, {"price": "0.28", "size": "300"}, {"price": "0.32", "size": "200"}, {"price": "0.33", "size": "125"}, {"price": "0.35", "size": "112.14"}, {"price": "0.36", "size": "30.55"}, {"price": "0.41", "size": "350"}, {"price": "0.43", "size": "50"}, {"price": "0.44", "size": "150"}, {"price": "0.45", "size": "8.5"}], "asks": [{"price": "0.99", "size": "1773"}, {"price": "0.98", "size": "700"}, {"price": "0.96", "size": "12"}, {"price": "0.95", "size": "500"}, {"price": "0.89", "size": "350"}, {"price": "0.74", "size": "300"}, {"price": "0.71", "size": "200"}, {"price": "0.69", "size": "125"}, {"price": "0.68", "size": "75"}, {"price": "0.63", "size": "35.13"}, {"price": "0.62", "size": "28.94"}, {"price": "0.55", "size": "550"}, {"price": "0.54", "size": "8.5"}], "event_type": "book", "last_trade_price": ""}]}
{"_local_timestamp": "2026-01-25T23:40:53.947135+00:00", "data": {"market": "0x75852c511f568cf2a6e853d5e81f61a72f5b73fa446e035760cd7e294b33d450", "price_changes": [{"asset_id": "6354356652197293692968693639725410416779430913330083636355426615586916351473", "price": "0.44", "size": "0", "side": "BUY", "hash": "0ed2f4982848c97d48f6a5278ba71e1082c4e146", "best_bid": "0.45", "best_ask": "0.54"}, {"asset_id": "52657166232134623290821106971243729012971210837922432211056635796074841723388", "price": "0.56", "size": "0", "side": "SELL", "hash": "80c5f7fdc0ddcac97307dbbfaa3edda9a39acecf", "best_bid": "0.46", "best_ask": "0.55"}], "timestamp": "1769384453876", "event_type": "price_change"}}
{"_local_timestamp": "2026-01-25T23:40:54.244391+00:00", "data": {"market": "0x75852c511f568cf2a6e853d5e81f61a72f5b73fa446e035760cd7e294b33d450", "price_changes": [{"asset_id": "6354356652197293692968693639725410416779430913330083636355426615586916351473", "price": "0.46", "size": "150", "side": "BUY", "hash": "998b8be5d4b0d9146a3c07af179e983766c3ef7c", "best_bid": "0.46", "best_ask": "0.54"}, {"asset_id": "52657166232134623290821106971243729012971210837922432211056635796074841723388", "price": "0.54", "size": "150", "side": "SELL", "hash": "7dd34f43cd432ba8a8905dd5ef8a0db4af0fc22d", "best_bid": "0.46", "best_ask": "0.54"}], "timestamp": "1769384454180", "event_type": "price_change"}}
{"_local_timestamp": "2026-01-25T23:40:58.265288+00:00", "data": {"market": "0x75852c511f568cf2a6e853d5e81f61a72f5b73fa446e035760cd7e294b33d450", "price_changes": [{"asset_id": "6354356652197293692968693639725410416779430913330083636355426615586916351473", "price": "0.45", "size": "0", "side": "BUY", "hash": "14c4d37aeb96c0d018b14b4ec8d02e497bf9cceb", "best_bid": "0.46", "best_ask": "0.54"}, {"asset_id": "52657166232134623290821106971243729012971210837922432211056635796074841723388", "price": "0.55", "size": "0", "side": "SELL", "hash": "9e547ffc6f469b950a7ff200ed32060621457026", "best_bid": "0.46", "best_ask": "0.54"}], "timestamp": "1769384458190", "event_type": "price_change"}}
{"_local_timestamp": "2026-01-25T23:40:58.266826+00:00", "data": {"market": "0x75852c511f568cf2a6e853d5e81f61a72f5b73fa446e035760cd7e294b33d450", "price_changes": [{"asset_id": "52657166232134623290821106971243729012971210837922432211056635796074841723388", "price": "0.46", "size": "0", "side": "BUY", "hash": "d958e9c10821dc5b08c3843ca4281bf961e6f24c", "best_bid": "0.45", "best_ask": "0.54"}, {"asset_id": "6354356652197293692968693639725410416779430913330083636355426615586916351473", "price": "0.54", "size": "0", "side": "SELL", "hash": "f6abf0329eca364553766efb507ee94700afb2bf", "best_bid": "0.46", "best_ask": "0.55"}], "timestamp": "1769384458190", "event_type": "price_change"}}
{"_local_timestamp": "2026-01-25T23:40:59.401658+00:00", "data": {"market": "0x75852c511f568cf2a6e853d5e81f61a72f5b73fa446e035760cd7e294b33d450", "price_changes": [{"asset_id": "6354356652197293692968693639725410416779430913330083636355426615586916351473", "price": "0.46", "size": "0", "side": "BUY", "hash": "5da85f4e375540760b55df3183073311a52e4d1f", "best_bid": "0.43", "best_ask": "0.55"}, {"asset_id": "52657166232134623290821106971243729012971210837922432211056635796074841723388", "price": "0.54", "size": "0", "side": "SELL", "hash": "6b4373b3ebfcd8afc07417532b33c6e3375c4e43", "best_bid": "0.45", "best_ask": "0.57"}], "timestamp": "1769384459328", "event_type": "price_change"}}
{"_local_timestamp": "2026-01-25T23:40:59.650975+00:00", "data": {"market": "0x75852c511f568cf2a6e853d5e81f61a72f5b73fa446e035760cd7e294b33d450", "price_changes": [{"asset_id": "6354356652197293692968693639725410416779430913330083636355426615586916351473", "price": "0.44", "size": "150", "side": "BUY", "hash": "27801381d77c4204a237c25d34205b4ad6dcef99", "best_bid": "0.44", "best_ask": "0.55"}, {"asset_id": "52657166232134623290821106971243729012971210837922432211056635796074841723388", "price": "0.56", "size": "150", "side": "SELL", "hash": "935711a1e25234ed4ecea3dffc7955469b8536f6", "best_bid": "0.45", "best_ask": "0.56"}], "timestamp": "1769384459575", "event_type": "price_change"}}
{"_local_timestamp": "2026-01-25T23:41:04.817116+00:00", "data": {"market": "0x75852c511f568cf2a6e853d5e81f61a72f5b73fa446e035760cd7e294b33d450", "price_changes": [{"asset_id": "6354356652197293692968693639725410416779430913330083636355426615586916351473", "price": "0.45", "size": "8.5", "side": "BUY", "hash": "6fdda1f41524832ff55a3012983a66bcd4484d56", "best_bid": "0.45", "best_ask": "0.55"}, {"asset_id": "52657166232134623290821106971243729012971210837922432211056635796074841723388", "price": "0.55", "size": "8.5", "side": "SELL", "hash": "2c0d38640c71cccd7941bbe05787cc1d9c71da43", "best_bid": "0.45", "best_ask": "0.55"}], "timestamp": "1769384464740", "event_type": "price_change"}}
{"_local_timestamp": "2026-01-25T23:41:04.818311+00:00", "data": {"market": "0x75852c511f568cf2a6e853d5e81f61a72f5b73fa446e035760cd7e294b33d450", "price_changes": [{"asset_id": "52657166232134623290821106971243729012971210837922432211056635796074841723388", "price": "0.46", "size": "8.5", "side": "BUY", "hash": "64c1636cc78ccea404d1523a70858cbda975e968", "best_bid": "0.46", "best_ask": "0.55"}, {"asset_id": "6354356652197293692968693639725410416779430913330083636355426615586916351473", "price": "0.54", "size": "8.5", "side": "SELL", "hash": "728cd8db6412b3b0d6480d6fa8eabf78a2ac862c", "best_bid": "0.45", "best_ask": "0.54"}], "timestamp": "1769384464741", "event_type": "price_change"}}
{"_local_timestamp": "2026-01-25T23:41:10.231091+00:00", "data": {"market": "0x75852c511f568cf2a6e853d5e81f61a72f5b73fa446e035760cd7e294b33d450", "price_changes": [{"asset_id": "6354356652197293692968693639725410416779430913330083636355426615586916351473", "price": "0.44", "size": "0", "side": "BUY", "hash": "6d3b61f65284d5ee9397a0a0af13eb1e747e79cd", "best_bid": "0.45", "best_ask": "0.54"}, {"asset_id": "52657166232134623290821106971243729012971210837922432211056635796074841723388", "price": "0.56", "size": "0", "side": "SELL", "hash": "0387bd2529abc2e9b19af61fe0be1d280a972e0d", "best_bid": "0.46", "best_ask": "0.55"}], "timestamp": "1769384470149", "event_type": "price_change"}}
{"_local_timestamp": "2026-01-25T23:41:10.438055+00:00", "data": {"market": "0x75852c511f568cf2a6e853d5e81f61a72f5b73fa446e035760cd7e294b33d450", "price_changes": [{"asset_id": "6354356652197293692968693639725410416779430913330083636355426615586916351473", "price": "0.46", "size": "150", "side": "BUY", "hash": "47225d602842cfcaedb33445840f79e7077bc14a", "best_bid": "0.46", "best_ask": "0.54"}, {"asset_id": "52657166232134623290821106971243729012971210837922432211056635796074841723388", "price": "0.54", "size": "150", "side": "SELL", "hash": "c92c4f0151cc6a8e98eb7cfa4652d85caa7d7084", "best_bid": "0.46", "best_ask": "0.54"}], "timestamp": "1769384470368", "event_type": "price_change"}}
{"_local_timestamp": "2026-01-25T23:41:14.597892+00:00", "data": {"market": "0x75852c511f568cf2a6e853d5e81f61a72f5b73fa446e035760cd7e294b33d450", "price_changes": [{"asset_id": "6354356652197293692968693639725410416779430913330083636355426615586916351473", "price": "0.45", "size": "0", "side": "BUY", "hash": "55e59607522abe8093d353abb0c140e5f7862930", "best_bid": "0.46", "best_ask": "0.54"}, {"asset_id": "52657166232134623290821106971243729012971210837922432211056635796074841723388", "price": "0.55", "size": "0", "side": "SELL", "hash": "5bf75ede73ac34dfea1cc8898edea317dc172ed7", "best_bid": "0.46", "best_ask": "0.54"}], "timestamp": "1769384474512", "event_type": "price_change"}}
{"_local_timestamp": "2026-01-25T23:41:14.599523+00:00", "data": {"market": "0x75852c511f568cf2a6e853d5e81f61a72f5b73fa446e035760cd7e294b33d450", "price_changes": [{"asset_id": "52657166232134623290821106971243729012971210837922432211056635796074841723388", "price": "0.46", "size": "0", "side": "BUY", "hash": "cc9a1bd204042c84bdd183a1ddb56d01a55c4f90", "best_bid": "0.45", "best_ask": "0.54"}, {"asset_id": "6354356652197293692968693639725410416779430913330083636355426615586916351473", "price": "0.54", "size": "0", "side": "SELL", "hash": "674c0983dbf3ee18d18b7ca8d2a0afa63d5fae9c", "best_bid": "0.46", "best_ask": "0.55"}], "timestamp": "1769384474512", "event_type": "price_change"}}
{"_local_timestamp": "2026-01-25T23:41:15.578217+00:00", "data": {"market": "0x75852c511f568cf2a6e853d5e81f61a72f5b73fa446e035760cd7e294b33d450", "price_changes": [{"asset_id": "6354356652197293692968693639725410416779430913330083636355426615586916351473", "price": "0.46", "size": "0", "side": "BUY", "hash": "bcb8eb1ebb4cc3020a79c40afdad462721dcf9dd", "best_bid": "0.43", "best_ask": "0.55"}, {"asset_id": "52657166232134623290821106971243729012971210837922432211056635796074841723388", "price": "0.54", "size": "0", "side": "SELL", "hash": "1be0de6404997fe2b01cd4d6b6daf1933c666953", "best_bid": "0.45", "best_ask": "0.57"}], "timestamp": "1769384475486", "event_type": "price_change"}}
{"_local_timestamp": "2026-01-25T23:41:15.879056+00:00", "data": {"market": "0x75852c511f568cf2a6e853d5e81f61a72f5b73fa446e035760cd7e294b33d450", "price_changes": [{"asset_id": "6354356652197293692968693639725410416779430913330083636355426615586916351473", "price": "0.44", "size": "150", "side": "BUY", "hash": "d1c7850bc7762c4579de6d25ee66f7231d5954c8", "best_bid": "0.44", "best_ask": "0.55"}, {"asset_id": "52657166232134623290821106971243729012971210837922432211056635796074841723388", "price": "0.56", "size": "150", "side": "SELL", "hash": "eee1cccb868e17b7ddc5bc23e31da464fa59c324", "best_bid": "0.45", "best_ask": "0.56"}], "timestamp": "1769384475782", "event_type": "price_change"}}
{"_local_timestamp": "2026-01-25T23:41:21.281546+00:00", "data": {"market": "0x75852c511f568cf2a6e853d5e81f61a72f5b73fa446e035760cd7e294b33d450", "price_changes": [{"asset_id": "6354356652197293692968693639725410416779430913330083636355426615586916351473", "price": "0.45", "size": "8.5", "side": "BUY", "hash": "07a177abcc325ccc7e7fbe26e9b962f9d2abfc96", "best_bid": "0.45", "best_ask": "0.55"}, {"asset_id": "52657166232134623290821106971243729012971210837922432211056635796074841723388", "price": "0.55", "size": "8.5", "side": "SELL", "hash": "bbb5f69414d7507af1e13753a6170da3401e1a18", "best_bid": "0.45", "best_ask": "0.55"}], "timestamp": "1769384481171", "event_type": "price_change"}}
{"_local_timestamp": "2026-01-25T23:41:21.283075+00:00", "data": {"market": "0x75852c511f568cf2a6e853d5e81f61a72f5b73fa446e035760cd7e294b33d450", "price_changes": [{"asset_id": "52657166232134623290821106971243729012971210837922432211056635796074841723388", "price": "0.46", "size": "8.5", "side": "BUY", "hash": "ca3d3e27631e5368d7048f159246ec7e0e0e8ade", "best_bid": "0.46", "best_ask": "0.55"}, {"asset_id": "6354356652197293692968693639725410416779430913330083636355426615586916351473", "price": "0.54", "size": "8.5", "side": "SELL", "hash": "feef287d13d63a65e73efa4413796f8f3b5a0638", "best_bid": "0.45", "best_ask": "0.54"}], "timestamp": "1769384481172", "event_type": "price_change"}}
{"_local_timestamp": "2026-01-25T23:41:26.941782+00:00", "data": {"market": "0x75852c511f568cf2a6e853d5e81f61a72f5b73fa446e035760cd7e294b33d450", "price_changes": [{"asset_id": "6354356652197293692968693639725410416779430913330083636355426615586916351473", "price": "0.44", "size": "0", "side": "BUY", "hash": "8f48bb7ced4528f0c65a93ae0f7380fae1f11db0", "best_bid": "0.45", "best_ask": "0.54"}, {"asset_id": "52657166232134623290821106971243729012971210837922432211056635796074841723388", "price": "0.56", "size": "0", "side": "SELL", "hash": "0cc66167aee7d0cc9c643405e3d81940281e3a5e", "best_bid": "0.46", "best_ask": "0.55"}], "timestamp": "1769384486846", "event_type": "price_change"}}
{"_local_timestamp": "2026-01-25T23:41:27.297948+00:00", "data": {"market": "0x75852c511f568cf2a6e853d5e81f61a72f5b73fa446e035760cd7e294b33d450", "price_changes": [{"asset_id": "6354356652197293692968693639725410416779430913330083636355426615586916351473", "price": "0.46", "size": "150", "side": "BUY", "hash": "eb7ec54c0e82ea2750805fa7d1cdbcfe8de822fb", "best_bid": "0.46", "best_ask": "0.54"}, {"asset_id": "52657166232134623290821106971243729012971210837922432211056635796074841723388", "price": "0.54", "size": "150", "side": "SELL", "hash": "1ca5aae58dc8a575d84f7d01604fd2b029827c7c", "best_bid": "0.46", "best_ask": "0.54"}], "timestamp": "1769384487184", "event_type": "price_change"}}
{"_local_timestamp": "2026-01-25T23:41:33.807245+00:00", "data": {"market": "0x75852c511f568cf2a6e853d5e81f61a72f5b73fa446e035760cd7e294b33d450", "price_changes": [{"asset_id": "6354356652197293692968693639725410416779430913330083636355426615586916351473", "price": "0.45", "size": "0", "side": "BUY", "hash": "4b9e84fb062c27121829a0a63650ef46db25b426", "best_bid": "0.46", "best_ask": "0.54"}, {"asset_id": "52657166232134623290821106971243729012971210837922432211056635796074841723388", "price": "0.55", "size": "0", "side": "SELL", "hash": "e9d5147ec2aae320d9dd8ca891c3b0ba65bb157c", "best_bid": "0.46", "best_ask": "0.54"}], "timestamp": "1769384493589", "event_type": "price_change"}}
{"_local_timestamp": "2026-01-25T23:41:33.863086+00:00", "data": {"market": "0x75852c511f568cf2a6e853d5e81f61a72f5b73fa446e035760cd7e294b33d450", "price_changes": [{"asset_id": "52657166232134623290821106971243729012971210837922432211056635796074841723388", "price": "0.46", "size": "0", "side": "BUY", "hash": "c05e493c096b701318d45f267d84a49b17727954", "best_bid": "0.45", "best_ask": "0.54"}, {"asset_id": "6354356652197293692968693639725410416779430913330083636355426615586916351473", "price": "0.54", "size": "0", "side": "SELL", "hash": "f7382038412c296f01c780bfeb56d40300bea262", "best_bid": "0.46", "best_ask": "0.55"}], "timestamp": "1769384493589", "event_type": "price_change"}}
{"_local_timestamp": "2026-01-25T23:41:46.340681+00:00", "data": {"market": "0x75852c511f568cf2a6e853d5e81f61a72f5b73fa446e035760cd7e294b33d450", "price_changes": [{"asset_id": "6354356652197293692968693639725410416779430913330083636355426615586916351473", "price": "0.46", "size": "0", "side": "BUY", "hash": "9b2a14c870f99cbeca23f90392d9bec88dd46cfa", "best_bid": "0.43", "best_ask": "0.55"}, {"asset_id": "52657166232134623290821106971243729012971210837922432211056635796074841723388", "price": "0.54", "size": "0", "side": "SELL", "hash": "30a6ae2bbc76570698a718efc2de5b5ba2d79bcb", "best_bid": "0.45", "best_ask": "0.57"}], "timestamp": "1769384506270", "event_type": "price_change"}}
{"_local_timestamp": "2026-01-25T23:41:46.705191+00:00", "data": {"market": "0x75852c511f568cf2a6e853d5e81f61a72f5b73fa446e035760cd7e294b33d450", "price_changes": [{"asset_id": "6354356652197293692968693639725410416779430913330083636355426615586916351473", "price": "0.44", "size": "150", "side": "BUY", "hash": "a367326178207cc887250b1ff492aa7fbffceb1f", "best_bid": "0.44", "best_ask": "0.55"}, {"asset_id": "52657166232134623290821106971243729012971210837922432211056635796074841723388", "price": "0.56", "size": "150", "side": "SELL", "hash": "a8e56d92702fb9923b277b51b3d3e02f4f876826", "best_bid": "0.45", "best_ask": "0.56"}], "timestamp": "1769384506634", "event_type": "price_change"}}
{"_local_timestamp": "2026-01-25T23:41:51.578395+00:00", "data": {"market": "0x75852c511f568cf2a6e853d5e81f61a72f5b73fa446e035760cd7e294b33d450", "price_changes": [{"asset_id": "6354356652197293692968693639725410416779430913330083636355426615586916351473", "price": "0.45", "size": "8.5", "side": "BUY", "hash": "79752e8b05593f64357b21a18bbcd89211c8b135", "best_bid": "0.45", "best_ask": "0.55"}, {"asset_id": "52657166232134623290821106971243729012971210837922432211056635796074841723388", "price": "0.55", "size": "8.5", "side": "SELL", "hash": "d0ca8652a8e9b88f0f743071ab3aebd341be5a06", "best_bid": "0.45", "best_ask": "0.55"}], "timestamp": "1769384511514", "event_type": "price_change"}}
{"_local_timestamp": "2026-01-25T23:41:51.582492+00:00", "data": {"market": "0x75852c511f568cf2a6e853d5e81f61a72f5b73fa446e035760cd7e294b33d450", "price_changes": [{"asset_id": "52657166232134623290821106971243729012971210837922432211056635796074841723388", "price": "0.46", "size": "8.5", "side": "BUY", "hash": "d1ad7a3a17a1e8f25cac7849d07d92c954adcca6", "best_bid": "0.46", "best_ask": "0.55"}, {"asset_id": "6354356652197293692968693639725410416779430913330083636355426615586916351473", "price": "0.54", "size": "8.5", "side": "SELL", "hash": "60f9547be7b4762a40ae44819c10642d41f79620", "best_bid": "0.45", "best_ask": "0.54"}], "timestamp": "1769384511515", "event_type": "price_change"}}
{"_local_timestamp": "2026-01-25T23:41:51.927305+00:00", "data": {"market": "0x75852c511f568cf2a6e853d5e81f61a72f5b73fa446e035760cd7e294b33d450", "price_changes": [{"asset_id": "6354356652197293692968693639725410416779430913330083636355426615586916351473", "price": "0.44", "size": "0", "side": "BUY", "hash": "68ad1e81c2120c2097fc6a926a744b955e0037b4", "best_bid": "0.45", "best_ask": "0.54"}, {"asset_id": "52657166232134623290821106971243729012971210837922432211056635796074841723388", "price": "0.56", "size": "0", "side": "SELL", "hash": "7c18ed0d20d49644f0925a681d6131324fd59e5c", "best_bid": "0.46", "best_ask": "0.55"}], "timestamp": "1769384511831", "event_type": "price_change"}}
{"_local_timestamp": "2026-01-25T23:41:52.176674+00:00", "data": {"market": "0x75852c511f568cf2a6e853d5e81f61a72f5b73fa446e035760cd7e294b33d450", "price_changes": [{"asset_id": "6354356652197293692968693639725410416779430913330083636355426615586916351473", "price": "0.46", "size": "150", "side": "BUY", "hash": "2c70afc8f726304d76aa5904c8d7d645f6e1cbc2", "best_bid": "0.46", "best_ask": "0.54"}, {"asset_id": "52657166232134623290821106971243729012971210837922432211056635796074841723388", "price": "0.54", "size": "150", "side": "SELL", "hash": "ff040206f2eae4aac5987b0b94dade598d37a2bc", "best_bid": "0.46", "best_ask": "0.54"}], "timestamp": "1769384512108", "event_type": "price_change"}}
{"_local_timestamp": "2026-01-25T23:41:55.888648+00:00", "data": {"market": "0x75852c511f568cf2a6e853d5e81f61a72f5b73fa446e035760cd7e294b33d450", "price_changes": [{"asset_id": "6354356652197293692968693639725410416779430913330083636355426615586916351473", "price": "0.45", "size": "0", "side": "BUY", "hash": "f46d8e21d7f72e18dd79b30306dfec3ccee5bea8", "best_bid": "0.46", "best_ask": "0.54"}, {"asset_id": "52657166232134623290821106971243729012971210837922432211056635796074841723388", "price": "0.55", "size": "0", "side": "SELL", "hash": "0a791a86293798767d61422546973ea8ffb2406c", "best_bid": "0.46", "best_ask": "0.54"}], "timestamp": "1769384515815", "event_type": "price_change"}}
{"_local_timestamp": "2026-01-25T23:41:55.889917+00:00", "data": {"market": "0x75852c511f568cf2a6e853d5e81f61a72f5b73fa446e035760cd7e294b33d450", "price_changes": [{"asset_id": "52657166232134623290821106971243729012971210837922432211056635796074841723388", "price": "0.46", "size": "0", "side": "BUY", "hash": "60d18b9a5a7c229ec55938862ebf44e5cdce09cc", "best_bid": "0.45", "best_ask": "0.54"}, {"asset_id": "6354356652197293692968693639725410416779430913330083636355426615586916351473", "price": "0.54", "size": "0", "side": "SELL", "hash": "c73c78508596c2877a0482cad5569ab2ccaf5f59", "best_bid": "0.46", "best_ask": "0.55"}], "timestamp": "1769384515815", "event_type": "price_change"}}
{"_local_timestamp": "2026-01-25T23:41:57.352768+00:00", "data": {"market": "0x75852c511f568cf2a6e853d5e81f61a72f5b73fa446e035760cd7e294b33d450", "price_changes": [{"asset_id": "6354356652197293692968693639725410416779430913330083636355426615586916351473", "price": "0.46", "size": "0", "side": "BUY", "hash": "08557f1655a95a7d7bcb658d7f62d204c0a60c9d", "best_bid": "0.43", "best_ask": "0.55"}, {"asset_id": "52657166232134623290821106971243729012971210837922432211056635796074841723388", "price": "0.54", "size": "0", "side": "SELL", "hash": "02c6b14f32d6cb16e6cd698a6a3a4c6134a950cd", "best_bid": "0.45", "best_ask": "0.57"}], "timestamp": "1769384517278", "event_type": "price_change"}}
{"_local_timestamp": "2026-01-25T23:41:58.121320+00:00", "data": {"market": "0x75852c511f568cf2a6e853d5e81f61a72f5b73fa446e035760cd7e294b33d450", "price_changes": [{"asset_id": "6354356652197293692968693639725410416779430913330083636355426615586916351473", "price": "0.44", "size": "150", "side": "BUY", "hash": "f647e0ac8cc9b8ff3f0aa141fd3d517dfbca7a98", "best_bid": "0.44", "best_ask": "0.55"}, {"asset_id": "52657166232134623290821106971243729012971210837922432211056635796074841723388", "price": "0.56", "size": "150", "side": "SELL", "hash": "d2e253d0bccbaab9bbd59be4b49660aebb795fa3", "best_bid": "0.45", "best_ask": "0.56"}], "timestamp": "1769384518049", "event_type": "price_change"}}
{"_local_timestamp": "2026-01-25T23:42:01.731876+00:00", "data": {"market": "0x75852c511f568cf2a6e853d5e81f61a72f5b73fa446e035760cd7e294b33d450", "price_changes": [{"asset_id": "6354356652197293692968693639725410416779430913330083636355426615586916351473", "price": "0.45", "size": "8.5", "side": "BUY", "hash": "eeacb41608634a84da0931ff80273e72b9c6a4a9", "best_bid": "0.45", "best_ask": "0.55"}, {"asset_id": "52657166232134623290821106971243729012971210837922432211056635796074841723388", "price": "0.55", "size": "8.5", "side": "SELL", "hash": "d7116d5736b97b938144a097e1dd311ba76e42a4", "best_bid": "0.45", "best_ask": "0.55"}], "timestamp": "1769384521665", "event_type": "price_change"}}
{"_local_timestamp": "2026-01-25T23:42:01.740601+00:00", "data": {"market": "0x75852c511f568cf2a6e853d5e81f61a72f5b73fa446e035760cd7e294b33d450", "price_changes": [{"asset_id": "52657166232134623290821106971243729012971210837922432211056635796074841723388", "price": "0.46", "size": "8.5", "side": "BUY", "hash": "921a8d1ece602ffd80a3c99b2ef6cc80932926d3", "best_bid": "0.46", "best_ask": "0.55"}, {"asset_id": "6354356652197293692968693639725410416779430913330083636355426615586916351473", "price": "0.54", "size": "8.5", "side": "SELL", "hash": "eb739b1480783bf6b28cba8f6d5ec3c67ce979a6", "best_bid": "0.45", "best_ask": "0.54"}], "timestamp": "1769384521666", "event_type": "price_change"}}
{"_local_timestamp": "2026-01-25T23:42:03.307300+00:00", "data": {"market": "0x75852c511f568cf2a6e853d5e81f61a72f5b73fa446e035760cd7e294b33d450", "price_changes": [{"asset_id": "6354356652197293692968693639725410416779430913330083636355426615586916351473", "price": "0.44", "size": "0", "side": "BUY", "hash": "856c8eb74fc97526849365e92a205c2b42ae61fb", "best_bid": "0.45", "best_ask": "0.54"}, {"asset_id": "52657166232134623290821106971243729012971210837922432211056635796074841723388", "price": "0.56", "size": "0", "side": "SELL", "hash": "6f8b6467fb445217df9635342bb1a92c326a36a7", "best_bid": "0.46", "best_ask": "0.55"}], "timestamp": "1769384523242", "event_type": "price_change"}}
{"_local_timestamp": "2026-01-25T23:42:03.645776+00:00", "data": {"market": "0x75852c511f568cf2a6e853d5e81f61a72f5b73fa446e035760cd7e294b33d450", "price_changes": [{"asset_id": "6354356652197293692968693639725410416779430913330083636355426615586916351473", "price": "0.46", "size": "150", "side": "BUY", "hash": "a68066b14e062e16a09dbe3d5821b29fb8eca0ff", "best_bid": "0.46", "best_ask": "0.54"}, {"asset_id": "52657166232134623290821106971243729012971210837922432211056635796074841723388", "price": "0.54", "size": "150", "side": "SELL", "hash": "983dbb5a12f8225d19d60dd492146846d56a4414", "best_bid": "0.46", "best_ask": "0.54"}], "timestamp": "1769384523571", "event_type": "price_change"}}
{"_local_timestamp": "2026-01-25T23:42:08.168407+00:00", "data": {"market": "0x75852c511f568cf2a6e853d5e81f61a72f5b73fa446e035760cd7e294b33d450", "price_changes": [{"asset_id": "6354356652197293692968693639725410416779430913330083636355426615586916351473", "price": "0.45", "size": "0", "side": "BUY", "hash": "9093aceed070512bf6ff7782ec02dc1cddc25675", "best_bid": "0.46", "best_ask": "0.54"}, {"asset_id": "52657166232134623290821106971243729012971210837922432211056635796074841723388", "price": "0.55", "size": "0", "side": "SELL", "hash": "90fc63da663a64b50b4dce9fee91cf8389469fde", "best_bid": "0.46", "best_ask": "0.54"}], "timestamp": "1769384528103", "event_type": "price_change"}}
{"_local_timestamp": "2026-01-25T23:42:08.169485+00:00", "data": {"market": "0x75852c511f568cf2a6e853d5e81f61a72f5b73fa446e035760cd7e294b33d450", "price_changes": [{"asset_id": "52657166232134623290821106971243729012971210837922432211056635796074841723388", "price": "0.46", "size": "0", "side": "BUY", "hash": "61e24faf9eb0e3aacf7ad036fd0e35bb9111aeff", "best_bid": "0.45", "best_ask": "0.54"}, {"asset_id": "6354356652197293692968693639725410416779430913330083636355426615586916351473", "price": "0.54", "size": "0", "side": "SELL", "hash": "990f109ae391ee47105c7ccd2151dca88d469d54", "best_bid": "0.46", "best_ask": "0.55"}], "timestamp": "1769384528104", "event_type": "price_change"}}
{"_local_timestamp": "2026-01-25T23:42:08.820877+00:00", "data": {"market": "0x75852c511f568cf2a6e853d5e81f61a72f5b73fa446e035760cd7e294b33d450", "price_changes": [{"asset_id": "6354356652197293692968693639725410416779430913330083636355426615586916351473", "price": "0.46", "size": "0", "side": "BUY", "hash": "318791b68a5fe32f80a7c53662935d3de911c220", "best_bid": "0.43", "best_ask": "0.55"}, {"asset_id": "52657166232134623290821106971243729012971210837922432211056635796074841723388", "price": "0.54", "size": "0", "side": "SELL", "hash": "740c0086465a218f322b7575cf3b95521c9ccdcc", "best_bid": "0.45", "best_ask": "0.57"}], "timestamp": "1769384528750", "event_type": "price_change"}}
{"_local_timestamp": "2026-01-25T23:42:09.108111+00:00", "data": {"market": "0x75852c511f568cf2a6e853d5e81f61a72f5b73fa446e035760cd7e294b33d450", "price_changes": [{"asset_id": "6354356652197293692968693639725410416779430913330083636355426615586916351473", "price": "0.44", "size": "150", "side": "BUY", "hash": "f63d7ad31af78699014ca2690ad3024bb8e12dfa", "best_bid": "0.44", "best_ask": "0.55"}, {"asset_id": "52657166232134623290821106971243729012971210837922432211056635796074841723388", "price": "0.56", "size": "150", "side": "SELL", "hash": "e4d6a591f453f3ee4d4dbda9bb997048b73930f3", "best_bid": "0.45", "best_ask": "0.56"}], "timestamp": "1769384529034", "event_type": "price_change"}}
{"_local_timestamp": "2026-01-25T23:42:13.438924+00:00", "data": {"market": "0x75852c511f568cf2a6e853d5e81f61a72f5b73fa446e035760cd7e294b33d450", "price_changes": [{"asset_id": "52657166232134623290821106971243729012971210837922432211056635796074841723388", "price": "0.46", "size": "8.5", "side": "BUY", "hash": "8181fc10a2800d048c7b4cde21608300ce09fb66", "best_bid": "0.46", "best_ask": "0.56"}, {"asset_id": "6354356652197293692968693639725410416779430913330083636355426615586916351473", "price": "0.54", "size": "8.5", "side": "SELL", "hash": "b8371c476421e633c8e5023191cced2b932f0667", "best_bid": "0.44", "best_ask": "0.54"}], "timestamp": "1769384533367", "event_type": "price_change"}}
{"_local_timestamp": "2026-01-25T23:42:13.440189+00:00", "data": {"market": "0x75852c511f568cf2a6e853d5e81f61a72f5b73fa446e035760cd7e294b33d450", "price_changes": [{"asset_id": "6354356652197293692968693639725410416779430913330083636355426615586916351473", "price": "0.45", "size": "8.5", "side": "BUY", "hash": "68f3c0a90c66d1789e9cb8e284f669cbf020cc11", "best_bid": "0.45", "best_ask": "0.54"}, {"asset_id": "52657166232134623290821106971243729012971210837922432211056635796074841723388", "price": "0.55", "size": "8.5", "side": "SELL", "hash": "b3a9bb52fbccfba4240f0c53ee7d3f405700990c", "best_bid": "0.46", "best_ask": "0.55"}], "timestamp": "1769384533368", "event_type": "price_change"}}
{"_local_timestamp": "2026-01-25T23:42:14.292360+00:00", "data": {"market": "0x75852c511f568cf2a6e853d5e81f61a72f5b73fa446e035760cd7e294b33d450", "price_changes": [{"asset_id": "6354356652197293692968693639725410416779430913330083636355426615586916351473", "price": "0.44", "size": "0", "side": "BUY", "hash": "b01f482b64082bc667d54e254f7f713c1373b50d", "best_bid": "0.45", "best_ask": "0.54"}, {"asset_id": "52657166232134623290821106971243729012971210837922432211056635796074841723388", "price": "0.56", "size": "0", "side": "SELL", "hash": "6ad7ccb49823d2f8f04a8db529ce2e7eb30877b6", "best_bid": "0.46", "best_ask": "0.55"}], "timestamp": "1769384534223", "event_type": "price_change"}}
{"_local_timestamp": "2026-01-25T23:42:14.807783+00:00", "data": {"market": "0x75852c511f568cf2a6e853d5e81f61a72f5b73fa446e035760cd7e294b33d450", "price_changes": [{"asset_id": "6354356652197293692968693639725410416779430913330083636355426615586916351473", "price": "0.46", "size": "150", "side": "BUY", "hash": "7425baf47a48c2f9ae14804625c8ea5ba9ec975b", "best_bid": "0.46", "best_ask": "0.54"}, {"asset_id": "52657166232134623290821106971243729012971210837922432211056635796074841723388", "price": "0.54", "size": "150", "side": "SELL", "hash": "6c7c727bfdf1c8c650e92fbb6460bff031250a9a", "best_bid": "0.46", "best_ask": "0.54"}], "timestamp": "1769384534734", "event_type": "price_change"}}
{"_local_timestamp": "2026-01-25T23:42:20.050410+00:00", "data": {"market": "0x75852c511f568cf2a6e853d5e81f61a72f5b73fa446e035760cd7e294b33d450", "price_changes": [{"asset_id": "6354356652197293692968693639725410416779430913330083636355426615586916351473", "price": "0.45", "size": "0", "side": "BUY", "hash": "76ff93badd881eff77498a3371fb4a9b10069a30", "best_bid": "0.46", "best_ask": "0.54"}, {"asset_id": "52657166232134623290821106971243729012971210837922432211056635796074841723388", "price": "0.55", "size": "0", "side": "SELL", "hash": "6c0af47768769e88807b67629d15ff94d23cfd2e", "best_bid": "0.46", "best_ask": "0.54"}], "timestamp": "1769384539985", "event_type": "price_change"}}
{"_local_timestamp": "2026-01-25T23:42:20.051559+00:00", "data": {"market": "0x75852c511f568cf2a6e853d5e81f61a72f5b73fa446e035760cd7e294b33d450", "price_changes": [{"asset_id": "52657166232134623290821106971243729012971210837922432211056635796074841723388", "price": "0.46", "size": "0", "side": "BUY", "hash": "6832fbee2a9979e6c16cbb95882e27c4c25cf9ad", "best_bid": "0.45", "best_ask": "0.54"}, {"asset_id": "6354356652197293692968693639725410416779430913330083636355426615586916351473", "price": "0.54", "size": "0", "side": "SELL", "hash": "e58dcc20d54bc30e9b1db218e60e1dc42ee5cf66", "best_bid": "0.46", "best_ask": "0.55"}], "timestamp": "1769384539985", "event_type": "price_change"}}
{"_local_timestamp": "2026-01-25T23:42:25.352291+00:00", "data": {"market": "0x75852c511f568cf2a6e853d5e81f61a72f5b73fa446e035760cd7e294b33d450", "price_changes": [{"asset_id": "6354356652197293692968693639725410416779430913330083636355426615586916351473", "price": "0.46", "size": "0", "side": "BUY", "hash": "89576466a3fe014d1b42c192cba8b88d994aec94", "best_bid": "0.43", "best_ask": "0.55"}, {"asset_id": "52657166232134623290821106971243729012971210837922432211056635796074841723388", "price": "0.54", "size": "0", "side": "SELL", "hash": "99ff3ff3df4928f2f10def8d7636313940a0edd0", "best_bid": "0.45", "best_ask": "0.57"}], "timestamp": "1769384545265", "event_type": "price_change"}}
{"_local_timestamp": "2026-01-25T23:42:25.972744+00:00", "data": {"market": "0x75852c511f568cf2a6e853d5e81f61a72f5b73fa446e035760cd7e294b33d450", "price_changes": [{"asset_id": "6354356652197293692968693639725410416779430913330083636355426615586916351473", "price": "0.44", "size": "150", "side": "BUY", "hash": "9059aa21e01019d80e82a556fed95452f240e9bd", "best_bid": "0.44", "best_ask": "0.55"}, {"asset_id": "52657166232134623290821106971243729012971210837922432211056635796074841723388", "price": "0.56", "size": "150", "side": "SELL", "hash": "84d8d4e81e693fbf4a3f1fb00f9ff54dbe9053a6", "best_bid": "0.45", "best_ask": "0.56"}], "timestamp": "1769384545901", "event_type": "price_change"}}
