{"_local_timestamp": "2026-01-25T23:33:39.992491+00:00", "data": [{"market": "0x75852c511f568cf2a6e853d5e81f61a72f5b73fa446e035760cd7e294b33d450", "asset_id": "52657166232134623290821106971243729012971210837922432211056635796074841723388", "timestamp": "1769384014816", "hash": "49b17eea39f5b58cf9ccefb4f7c68a9f8c26895a", "bids": [{"price": "0.01", "size": "1773"}, {"price": "0.02", "size": "700"}, {"price": "0.04", "size": "12"}, {"price": "0.05", "size": "500"}, {"price": "0.11", "size": "350"}, {"price": "0.26", "size": "300"}, {"price": "0.29", "size": "200"}, {"price": "0.31", "size": "125"}, {"price": "0.32", "size": "75"}, {"price": "0.37", "size": "35.13"}, {"price": "0.38", "size": "28.94"}, {"price": "0.45", "size": "550"}], "asks": [{"price": "0.99", "size": "1780.64"}, {"price": "0.98", "size": "700"}, {"price": "0.97", "size": "24.05"}, {"price": "0.95", "size": "520"}, {"price": "0.94", "size": "6.84"}, {"price": "0.89", "size": "350"}, {"price": "0.88", "size": "9.76"}, {"price": "0.72", "size": "300"}, {"price": "0.68", "size": "200"}, {"price": "0.67", "size": "125"}, {"price": "0.65", "size": "112.14"}, {"price": "0.64", "size": "30.55"}, {"price": "0.59", "size": "350"}, {"price": "0.57", "size": "50"}, {"price": "0.56", "size": "150"}], "event_type": "book", "last_trade_price": ""}, {"market": "0x078feddd53d2bf4e1d48a37abe77086a04d23f2a9565f23a87a7d0132544c6ce", "asset_id": "52827999196792401407850537040011344703891613077379868943806003994262769331897", "timestamp": "1769383668701", "hash": "777580ffa49ab97c93b630e1203d94fb18f7c9a9", "bids": [{"price": "0.01", "size": "70"}, {"price": "0.03", "size": "250"}, {"price": "0.04", "size": "12"}, {"price": "0.09", "size": "300"}, {"price": "0.1", "size": "200"}, {"price": "0.11", "size": "125"}, {"price": "0.12", "size": "257.11"}, {"price": "0.13", "size": "184.61"}, {"price": "0.17", "size": "10"}, {"price": "0.19", "size": "411"}, {"price": "0.2", "size": "150"}], "asks": [{"price": "0.99", "size": "75.77"}, {"price": "0.98", "size": "725"}, {"price": "0.97", "size": "7.17"}, {"price": "0.95", "size": "520"}, {"price": "0.94", "size": "6.05"}, {"price": "0.89", "size": "350"}, {"price": "0.88", "size": "10.53"}, {"price": "0.65", "size": "300"}, {"price": "0.6", "size": "200"}, {"price": "0.57", "size": "125"}, {"price": "0.54", "size": "75"}, {"price": "0.43", "size": "22.8"}, {"price": "0.42", "size": "18.96"}, {"price": "0.32", "size": "507"}, {"price": "0.31", "size": "82.79"}], "event_type": "book", "last_trade_price": ""}, {"market": "0x681899b44e4012e2e967271002962acc3392e7e8358c28d9018d27cb655a1089", "asset_id": "36825784478990567912303849073085422660530138247268407862204290915941659771833", "timestamp": "1769383290633", "hash": "1dd575a5ba8278b57c599d33bd25025e72eb01b3", "bids": [{"price": "0.01", "size": "973"}, {"price": "0.04", "size": "262"}, {"price": "0.1", "size": "300"}, {"price": "0.11", "size": "200"}, {"price": "0.12", "size": "216.66"}, {"price": "0.13", "size": "175"}, {"price": "0.17", "size": "360"}, {"price": "0.18", "size": "50"}, {"price": "0.19", "size": "10"}, {"price": "0.2", "size": "150"}], "asks": [{"price": "0.99", "size": "1778.68"}, {"price": "0.98", "size": "700"}, {"price": "0.97", "size": "7.13"}, {"price": "0.95", "size": "530"}, {"price": "0.94", "size": "6.89"}, {"price": "0.88", "size": "275"}, {"price": "0.87", "size": "9.35"}, {"price": "0.64", "size": "300"}, {"price": "0.59", "size": "200"}, {"price": "0.56", "size": "125"}, {"price": "0.52", "size": "75"}, {"price": "0.4", "size": "21.66"}, {"price": "0.39", "size": "18.03"}, {"price": "0.31", "size": "150"}, {"price": "0.3", "size": "7"}, {"price": "0.29", "size": "350"}], "event_type": "book", "last_trade_price": ""}, {"market": "0x75852c511f568cf2a6e853d5e81f61a72f5b73fa446e035760cd7e294b33d450", "asset_id": "6354356652197293692968693639725410416779430913330083636355426615586916351473", "timestamp": "1769384014816", "hash": "e271d602f52e1b776fdc66f813749a4e1af8563f", "bids": [{"price": "0.01", "size": "1780.64"}, {"price": "0.02", "size": "700"}, {"price": "0.03", "size": "24.05"}, {"price": "0.05", "size": "520"}, {"price": "0.06", "size": "6.84"}, {"price": "0.11", "size": "350"}, {"price": "0.12", "size": "9.76"}, {"price": "0.28", "size": "300"}, {"price": "0.32", "size": "200"}, {"price": "0.33", "size": "125"}, {"price": "0.35", "size": "112.14"}, {"price": "0.36", "size": "30.55"}, {"price": "0.41", "size": "350"}, {"price": "0.43", "size": "50"}, {"price": "0.44", "size": "150"}], "asks": [{"price": "0.99", "size": "1773"}, {"price": "0.98", "size": "700"}, {"price": "0.96", "size": "12"}, {"price": "0.95", "size": "500"}, {"price": "0.89", "size": "350"}, {"price": "0.74", "size": "300"}, {"price": "0.71", "size": "200"}, {"price": "0.69", "size": "125"}, {"price": "0.68", "size": "75"}, {"price": "0.63", "size": "35.13"}, {"price": "0.62", "size": "28.94"}, {"price": "0.55", "size": "550"}], "event_type": "book", "last_trade_price": ""}, {"market": "0x078feddd53d2bf4e1d48a37abe77086a04d23f2a9565f23a87a7d0132544c6ce", "asset_id": "94275205971087937612779652982348513062469691809310167814380912506764672143942", "timestamp": "1769383668701", "hash": "e2a82199f54183a159d68597a6168752841afae5", "bids": [{"price": "0.01", "size": "75.77"}, {"price": "0.02", "size": "725"}, {"price": "0.03", "size": "7.17"}, {"price": "0.05", "size": "520"}, {"price": "0.06", "size": "6.05"}, {"price": "0.11", "size": "350"}, {"price": "0.12", "size": "10.53"}, {"price": "0.35", "size": "300"}, {"price": "0.4", "size": "200"}, {"price": "0.43", "size": "125"}, {"price": "0.46", "size": "75"}, {"price": "0.57", "size": "22.8"}, {"price": "0.58", "size": "18.96"}, {"price": "0.68", "size": "507"}, {"price": "0.69", "size": "82.79"}], "asks": [{"price": "0.99", "size": "70"}, {"price": "0.97", "size": "250"}, {"price": "0.96", "size": "12"}, {"price": "0.91", "size": "300"}, {"price": "0.9", "size": "200"}, {"price": "0.89", "size": "125"}, {"price": "0.88", "size": "257.11"}, {"price": "0.87", "size": "184.61"}, {"price": "0.83", "size": "10"}, {"price": "0.81", "size": "411"}, {"price": "0.8", "size": "150"}], "event_type": "book", "last_trade_price": ""}, {"market": "0x681899b44e4012e2e967271002962acc3392e7e8358c28d9018d27cb655a1089", "asset_id": "89628227630969644837754597335413173437116597140248341732455392373015853266252", "timestamp": "1769383290633", "hash": "fdcfcdd0f216153025296b8dd42756256dfa20e0", "bids": [{"price": "0.01", "size": "1778.68"}, {"price": "0.02", "size": "700"}, {"price": "0.03", "size": "7.13"}, {"price": "0.05", "size": "530"}, {"price": "0.06", "size": "6.89"}, {"price": "0.12", "size": "275"}, {"price": "0.13", "size": "9.35"}, {"price": "0.36", "size": "300"}, {"price": "0.41", "size": "200"}, {"price": "0.44", "size": "125"}, {"price": "0.48", "size": "75"}, {"price": "0.6", "size": "21.66"}, {"price": "0.61", "size": "18.03"}, {"price": "0.69", "size": "150"}, {"price": "0.7", "size": "7"}, {"price": "0.71", "size": "350"}], "asks": [{"price": "0.99", "size": "973"}, {"price": "0.96", "size": "262"}, {"price": "0.9", "size": "300"}, {"price": "0.89", "size": "200"}, {"price": "0.88", "size": "216.66"}, {"price": "0.87", "size": "175"}, {"price": "0.83", "size": "360"}, {"price": "0.82", "size": "50"}, {"price": "0.81", "size": "10"}, {"price": "0.8", "size": "150"}], "event_type": "book", "last_trade_price": ""}]}
{"_local_timestamp": "2026-01-25T23:33:40.379228+00:00", "data": {"market": "0x75852c511f568cf2a6e853d5e81f61a72f5b73fa446e035760cd7e294b33d450", "price_changes": [{"asset_id": "6354356652197293692968693639725410416779430913330083636355426615586916351473", "price": "0.45", "size": "8.5", "side": "BUY", "hash": "b0c82ec483b3e04fa453f5364148ed83866c4472", "best_bid": "0.45", "best_ask": "0.55"}, {"asset_id": "52657166232134623290821106971243729012971210837922432211056635796074841723388", "price": "0.55", "size": "8.5", "side": "SELL", "hash": "45ae58503b954f382de2c25f9c788c0becffb201", "best_bid": "0.45", "best_ask": "0.55"}], "timestamp": "1769384020153", "event_type": "price_change"}}
{"_local_timestamp": "2026-01-25T23:33:40.380047+00:00", "data": {"market": "0x75852c511f568cf2a6e853d5e81f61a72f5b73fa446e035760cd7e294b33d450", "price_changes": [{"asset_id": "52657166232134623290821106971243729012971210837922432211056635796074841723388", "price": "0.46", "size": "8.5", "side": "BUY", "hash": "b4495752411f3473aed9f788f8ce2b1b9b63317c", "best_bid": "0.46", "best_ask": "0.55"}, {"asset_id": "6354356652197293692968693639725410416779430913330083636355426615586916351473", "price": "0.54", "size": "8.5", "side": "SELL", "hash": "8425db5a4b40c45d0f47076266860661d421166e", "best_bid": "0.45", "best_ask": "0.54"}], "timestamp": "1769384020154", "event_type": "price_change"}}
{"_local_timestamp": "2026-01-25T23:33:45.545606+00:00", "data": {"market": "0x75852c511f568cf2a6e853d5e81f61a72f5b73fa446e035760cd7e294b33d450", "price_changes": [{"asset_id": "6354356652197293692968693639725410416779430913330083636355426615586916351473", "price": "0.44", "size": "0", "side": "BUY", "hash": "ed62d32354bc0a004ada93952f600eb47e4d72c9", "best_bid": "0.45", "best_ask": "0.54"}, {"asset_id": "52657166232134623290821106971243729012971210837922432211056635796074841723388", "price": "0.56", "size": "0", "side": "SELL", "hash": "c495a0b44f77ea9a8b62518150f75ec0a83017b2", "best_bid": "0.46", "best_ask": "0.55"}], "timestamp": "1769384025474", "event_type": "price_change"}}
{"_local_timestamp": "2026-01-25T23:33:45.936098+00:00", "data": {"market": "0x75852c511f568cf2a6e853d5e81f61a72f5b73fa446e035760cd7e294b33d450", "price_changes": [{"asset_id": "6354356652197293692968693639725410416779430913330083636355426615586916351473", "price": "0.46", "size": "150", "side": "BUY", "hash": "929d6344909dcef4ba52d00cd8f8bb0ec76c2abd", "best_bid": "0.46", "best_ask": "0.54"}, {"asset_id": "52657166232134623290821106971243729012971210837922432211056635796074841723388", "price": "0.54", "size": "150", "side": "SELL", "hash": "ae867f35f94977a4fb5c764084f965e8e826c1c0", "best_bid": "0.46", "best_ask": "0.54"}], "timestamp": "1769384025832", "event_type": "price_change"}}
{"_local_timestamp": "2026-01-25T23:33:49.586567+00:00", "data": {"market": "0x75852c511f568cf2a6e853d5e81f61a72f5b73fa446e035760cd7e294b33d450", "price_changes": [{"asset_id": "6354356652197293692968693639725410416779430913330083636355426615586916351473", "price": "0.45", "size": "0", "side": "BUY", "hash": "073d3f01a9a108e6c733b03e768caf4065acb6fc", "best_bid": "0.46", "best_ask": "0.54"}, {"asset_id": "52657166232134623290821106971243729012971210837922432211056635796074841723388", "price": "0.55", "size": "0", "side": "SELL", "hash": "ce3aee1a42d71a229c74738d9505c157ec43bc85", "best_bid": "0.46", "best_ask": "0.54"}], "timestamp": "1769384029517", "event_type": "price_change"}}
{"_local_timestamp": "2026-01-25T23:33:49.630430+00:00", "data": {"market": "0x75852c511f568cf2a6e853d5e81f61a72f5b73fa446e035760cd7e294b33d450", "price_changes": [{"asset_id": "6354356652197293692968693639725410416779430913330083636355426615586916351473", "price": "0.42", "size": "8.5", "side": "BUY", "hash": "745345ef870c94dc4640ee5247c8136ccd1f7322", "best_bid": "0.46", "best_ask": "0.54"}, {"asset_id": "52657166232134623290821106971243729012971210837922432211056635796074841723388", "price": "0.58", "size": "8.5", "side": "SELL", "hash": "2255441c50b91e468a7b7ecf8f7030d002ef6380", "best_bid": "0.46", "best_ask": "0.54"}], "timestamp": "1769384029556", "event_type": "price_change"}}
{"_local_timestamp": "2026-01-25T23:33:51.077467+00:00", "data": {"market": "0x75852c511f568cf2a6e853d5e81f61a72f5b73fa446e035760cd7e294b33d450", "price_changes": [{"asset_id": "6354356652197293692968693639725410416779430913330083636355426615586916351473", "price": "0.46", "size": "0", "side": "BUY", "hash": "2c4cfd71cf53e30391100907d883e0af6b436320", "best_bid": "0.43", "best_ask": "0.54"}, {"asset_id": "52657166232134623290821106971243729012971210837922432211056635796074841723388", "price": "0.54", "size": "0", "side": "SELL", "hash": "654121720b56176c8e5e544287b5e964194a9b83", "best_bid": "0.46", "best_ask": "0.57"}], "timestamp": "1769384030988", "event_type": "price_change"}}
{"_local_timestamp": "2026-01-25T23:33:51.437980+00:00", "data": {"market": "0x75852c511f568cf2a6e853d5e81f61a72f5b73fa446e035760cd7e294b33d450", "price_changes": [{"asset_id": "6354356652197293692968693639725410416779430913330083636355426615586916351473", "price": "0.44", "size": "150", "side": "BUY", "hash": "de4e984a5a41bc22e99c35483e2db2430ce95d1a", "best_bid": "0.44", "best_ask": "0.54"}, {"asset_id": "52657166232134623290821106971243729012971210837922432211056635796074841723388", "price": "0.56", "size": "150", "side": "SELL", "hash": "07cb316d7d89e770c7ea2a0baed64957e4521b66", "best_bid": "0.46", "best_ask": "0.56"}], "timestamp": "1769384031366", "event_type": "price_change"}}
{"_local_timestamp": "2026-01-25T23:33:52.328089+00:00", "data": {"market": "0x75852c511f568cf2a6e853d5e81f61a72f5b73fa446e035760cd7e294b33d450", "price_changes": [{"asset_id": "6354356652197293692968693639725410416779430913330083636355426615586916351473", "price": "0.42", "size": "0", "side": "BUY", "hash": "952df111ae11bcbfc89e4ce9dd7c77f55dc1b4a5", "best_bid": "0.44", "best_ask": "0.54"}, {"asset_id": "52657166232134623290821106971243729012971210837922432211056635796074841723388", "price": "0.58", "size": "0", "side": "SELL", "hash": "c3cf336137cbfaec233ce1edc4541c32bb7e3677", "best_bid": "0.46", "best_ask": "0.56"}], "timestamp": "1769384032240", "event_type": "price_change"}}
{"_local_timestamp": "2026-01-25T23:33:52.329190+00:00", "data": {"market": "0x75852c511f568cf2a6e853d5e81f61a72f5b73fa446e035760cd7e294b33d450", "price_changes": [{"asset_id": "52657166232134623290821106971243729012971210837922432211056635796074841723388", "price": "0.46", "size": "0", "side": "BUY", "hash": "1ca21e565e1557a92c2c019712108fa300c913d5", "best_bid": "0.45", "best_ask": "0.56"}, {"asset_id": "6354356652197293692968693639725410416779430913330083636355426615586916351473", "price": "0.54", "size": "0", "side": "SELL", "hash": "6b39b22bcf1f64fccc7fba22cd3ffe1da3dc1656", "best_bid": "0.44", "best_ask": "0.55"}], "timestamp": "1769384032241", "event_type": "price_change"}}
{"_local_timestamp": "2026-01-25T23:33:57.659542+00:00", "data": {"market": "0x75852c511f568cf2a6e853d5e81f61a72f5b73fa446e035760cd7e294b33d450", "price_changes": [{"asset_id": "6354356652197293692968693639725410416779430913330083636355426615586916351473", "price": "0.45", "size": "8.5", "side": "BUY", "hash": "a86910701eeac59eec009646c728539a50ff0b8c", "best_bid": "0.45", "best_ask": "0.55"}, {"asset_id": "52657166232134623290821106971243729012971210837922432211056635796074841723388", "price": "0.55", "size": "8.5", "side": "SELL", "hash": "12638c32d95d54932f4b3c0e5741e3d74261eb01", "best_bid": "0.45", "best_ask": "0.55"}], "timestamp": "1769384037586", "event_type": "price_change"}}
{"_local_timestamp": "2026-01-25T23:33:57.660160+00:00", "data": {"market": "0x75852c511f568cf2a6e853d5e81f61a72f5b73fa446e035760cd7e294b33d450", "price_changes": [{"asset_id": "52657166232134623290821106971243729012971210837922432211056635796074841723388", "price": "0.46", "size": "8.5", "side": "BUY", "hash": "dcdee9ae678986cd0232593b9277e4c937307961", "best_bid": "0.46", "best_ask": "0.55"}, {"asset_id": "6354356652197293692968693639725410416779430913330083636355426615586916351473", "price": "0.54", "size": "8.5", "side": "SELL", "hash": "b5b915e5852f249e67b552cbd3ea37c7a01315a0", "best_bid": "0.45", "best_ask": "0.54"}], "timestamp": "1769384037587", "event_type": "price_change"}}
{"_local_timestamp": "2026-01-25T23:34:02.063163+00:00", "data": {"market": "0x75852c511f568cf2a6e853d5e81f61a72f5b73fa446e035760cd7e294b33d450", "price_changes": [{"asset_id": "6354356652197293692968693639725410416779430913330083636355426615586916351473", "price": "0.44", "size": "0", "side": "BUY", "hash": "a06d4a14a5cc2805bee35b3850a02769fc73fe00", "best_bid": "0.45", "best_ask": "0.54"}, {"asset_id": "52657166232134623290821106971243729012971210837922432211056635796074841723388", "price": "0.56", "size": "0", "side": "SELL", "hash": "5deeb8dd318417c0968438c8192a231aa9db5754", "best_bid": "0.46", "best_ask": "0.55"}], "timestamp": "1769384041967", "event_type": "price_change"}}
{"_local_timestamp": "2026-01-25T23:34:02.407845+00:00", "data": {"market": "0x75852c511f568cf2a6e853d5e81f61a72f5b73fa446e035760cd7e294b33d450", "price_changes": [{"asset_id": "6354356652197293692968693639725410416779430913330083636355426615586916351473", "price": "0.46", "size": "150", "side": "BUY", "hash": "dd24cb6f32629c35986c291a71b3484482689e98", "best_bid": "0.46", "best_ask": "0.54"}, {"asset_id": "52657166232134623290821106971243729012971210837922432211056635796074841723388", "price": "0.54", "size": "150", "side": "SELL", "hash": "b173dcc951d8bc7269e1bb035cb219339381c6e4", "best_bid": "0.46", "best_ask": "0.54"}], "timestamp": "1769384042312", "event_type": "price_change"}}
{"_local_timestamp": "2026-01-25T23:34:07.573627+00:00", "data": {"market": "0x75852c511f568cf2a6e853d5e81f61a72f5b73fa446e035760cd7e294b33d450", "price_changes": [{"asset_id": "6354356652197293692968693639725410416779430913330083636355426615586916351473", "price": "0.45", "size": "0", "side": "BUY", "hash": "7eed6ed2aed131af0f38db905cd221ca406c1e78", "best_bid": "0.46", "best_ask": "0.54"}, {"asset_id": "52657166232134623290821106971243729012971210837922432211056635796074841723388", "price": "0.55", "size": "0", "side": "SELL", "hash": "794dd46740f19b24d976bf0fd7e57d405e753909", "best_bid": "0.46", "best_ask": "0.54"}], "timestamp": "1769384047485", "event_type": "price_change"}}
{"_local_timestamp": "2026-01-25T23:34:07.577139+00:00", "data": {"market": "0x75852c511f568cf2a6e853d5e81f61a72f5b73fa446e035760cd7e294b33d450", "price_changes": [{"asset_id": "52657166232134623290821106971243729012971210837922432211056635796074841723388", "price": "0.46", "size": "0", "side": "BUY", "hash": "31fb39fb80b92cbad1e05259fdb52bdf3a293003", "best_bid": "0.45", "best_ask": "0.54"}, {"asset_id": "6354356652197293692968693639725410416779430913330083636355426615586916351473", "price": "0.54", "size": "0", "side": "SELL", "hash": "afcb5875ae5f4ef9f8b414578b139eba8af7f740", "best_bid": "0.46", "best_ask": "0.55"}], "timestamp": "1769384047485", "event_type": "price_change"}}
{"_local_timestamp": "2026-01-25T23:34:13.178510+00:00", "data": {"market": "0x75852c511f568cf2a6e853d5e81f61a72f5b73fa446e035760cd7e294b33d450", "price_changes": [{"asset_id": "6354356652197293692968693639725410416779430913330083636355426615586916351473", "price": "0.46", "size": "0", "side": "BUY", "hash": "506c9895c3ea065aca9d10f2344890b3a379de44", "best_bid": "0.43", "best_ask": "0.55"}, {"asset_id": "52657166232134623290821106971243729012971210837922432211056635796074841723388", "price": "0.54", "size": "0", "side": "SELL", "hash": "57c478524cde0d0f232409ad7e91934fec6e336f", "best_bid": "0.45", "best_ask": "0.57"}], "timestamp": "1769384053055", "event_type": "price_change"}}
{"_local_timestamp": "2026-01-25T23:34:13.543692+00:00", "data": {"market": "0x75852c511f568cf2a6e853d5e81f61a72f5b73fa446e035760cd7e294b33d450", "price_changes": [{"asset_id": "6354356652197293692968693639725410416779430913330083636355426615586916351473", "price": "0.44", "size": "150", "side": "BUY", "hash": "25f21c7f241bd8b9a218288b3e4c83bf3794f63e", "best_bid": "0.44", "best_ask": "0.55"}, {"asset_id": "52657166232134623290821106971243729012971210837922432211056635796074841723388", "price": "0.56", "size": "150", "side": "SELL", "hash": "b9274da9ab817b9636c6f393c211c0069a653f6f", "best_bid": "0.45", "best_ask": "0.56"}], "timestamp": "1769384053360", "event_type": "price_change"}}
