{"_local_timestamp": "2026-01-25T23:33:39.992491+00:00", "data": [{"market": "0x75852c511f568cf2a6e853d5e81f61a72f5b73fa446e035760cd7e294b33d450", "asset_id": "52657166232134623290821106971243729012971210837922432211056635796074841723388", "timestamp": "1769384014816", "hash": "49b17eea39f5b58cf9ccefb4f7c68a9f8c26895a", "bids": [{"price": "0.01", "size": "1773"}, {"price": "0.02", "size": "700"}, {"price": "0.04", "size": "12"}, {"price": "0.05", "size": "500"}, {"price": "0.11", "size": "350"}, {"price": "0.26", "size": "300"}, {"price": "0.29", "size": "200"}, {"price": "0.31", "size": "125"}, {"price": "0.32", "size": "75"}, {"price": "0.37", "size": "35.13"}, {"price": "0.38", "size": "28.94"}, {"price": "0.45", "size": "550"}], "asks": [{"price": "0.99", "size": "1780.64"}, {"price": "0.98", "size": "700"}, {"price": "0.97", "size": "24.05"}, {"price": "0.95", "size": "520"}, {"price": "0.94", "size": "6.84"}, {"price": "0.89", "size": "350"}, {"price": "0.88", "size": "9.76"}, {"price": "0.72", "size": "300"}, {"price": "0.68", "size": "200"}, {"price": "0.67", "size": "125"}, {"price": "0.65", "size": "112.14"}, {"price": "0.64", "size": "30.55"}, {"price": "0.59", "size": "350"}, {"price": "0.57", "size": "50"}, {"price": "0.56", "size": "150"}], "event_type": "book", "last_trade_price": ""}, {"market": "0x078feddd53d2bf4e1d48a37abe77086a04d23f2a9565f23a87a7d0132544c6ce", "asset_id": "52827999196792401407850537040011344703891613077379868943806003994262769331897", "timestamp": "1769383668701", "hash": "777580ffa49ab97c93b630e1203d94fb18f7c9a9", "bids": [{"price": "0.01", "size": "70"}, {"price": "0.03", "size": "250"}, {"price": "0.04", "size": "12"}, {"price": "0.09", "size": "300"}, {"price": "0.1", "size": "200"}, {"price": "0.11", "size": "125"}, {"price": "0.12", "size": "257.11"}, {"price": "0.13", "size": "184.61"}, {"price": "0.17", "size": "10"}, {"price": "0.19", "size": "411"}, {"price": "0.2", "size": "150"}], "asks": [{"price": "0.99", "size": "75.77"}, {"price": "0.98", "size": "725"}, {"price": "0.97", "size": "7.17"}, {"price": "0.95", "size": "520"}, {"price": "0.94", "size": "6.05"}, {"price": "0.89", "size": "350"}, {"price": "0.88", "size": "10.53"}, {"price": "0.65", "size": "300"}, {"price": "0.6", "size": "200"}, {"price": "0.57", "size": "125"}, {"price": "0.54", "size": "75"}, {"price": "0.43", "size": "22.8"}, {"price": "0.42", "size": "18.96"}, {"price": "0.32", "size": "507"}, {"price": "0.31", "size": "82.79"}], "event_type": "book", "last_trade_price": ""}, {"market": "0x681899b44e4012e2e967271002962acc3392e7e8358c28d9018d27cb655a1089", "asset_id": "36825784478990567912303849073085422660530138247268407862204290915941659771833", "timestamp": "1769383290633", "hash": "1dd575a5ba8278b57c599d33bd25025e72eb01b3", "bids": [{"price": "0.01", "size": "973"}, {"price": "0.04", "size": "262"}, {"price": "0.1", "size": "300"}, {"price": "0.11", "size": "200"}, {"price": "0.12", "size": "216.66"}, {"price": "0.13", "size": "175"}, {"price": "0.17", "size": "360"}, {"price": "0.18", "size": "50"}, {"price": "0.19", "size": "10"}, {"price": "0.2", "size": "150"}], "asks": [{"price": "0.99", "size": "1778.68"}, {"price": "0.98", "size": "700"}, {"price": "0.97", "size": "7.13"}, {"price": "0.95", "size": "530"}, {"price": "0.94", "size": "6.89"}, {"price": "0.88", "size": "275"}, {"price": "0.87", "size": "9.35"}, {"price": "0.64", "size": "300"}, {"price": "0.59", "size": "200"}, {"price": "0.56", "size": "125"}, {"price": "0.52", "size": "75"}, {"price": "0.4", "size": "21.66"}, {"price": "0.39", "size": "18.03"}, {"price": "0.31", "size": "150"}, {"price": "0.3", "size": "7"}, {"price": "0.29", "size": "350"}], "event_type": "book", "last_trade_price": ""}, {"market": "0x75852c511f568cf2a6e853d5e81f61a72f5b73fa446e035760cd7e294b33d450", "asset_id": "6354356652197293692968693639725410416779430913330083636355426615586916351473", "timestamp": "1769384014816", "hash": "e271d602f52e1b776fdc66f813749a4e1af8563f", "bids": [{"price": "0.01", "size": "1780.64"}, {"price": "0.02", "size": "700"}, {"price": "0.03", "size": "24.05"}, {"price": "0.05", "size": "520"}, {"price": "0.06", "size": "6.84"}, {"price": "0.11", "size": "350"}, {"price": "0.12", "size": "9.76"}, {"price": "0.28", "size": "300"}, {"price": "0.32", "size": "200"}, {"price": "0.33", "size": "125"}, {"price": "0.35", "size": "112.14"}, {"price": "0.36", "size": "30.55"}, {"price": "0.41", "size": "350"}, {"price": "0.43", "size": "50"}, {"price": "0.44", "size": "150"}], "asks": [{"price": "0.99", "size": "1773"}, {"price": "0.98", "size": "700"}, {"price": "0.96", "size": "12"}, {"price": "0.95", "size": "500"}, {"price": "0.89", "size": "350"}, {"price": "0.74", "size": "300"}, {"price": "0.71", "size": "200"}, {"price": "0.69", "size": "125"}, {"price": "0.68", "size": "75"}, {"price": "0.63", "size": "35.13"}, {"price": "0.62", "size": "28.94"}, {"price": "0.55", "size": "550"}], "event_type": "book", "last_trade_price": ""}, {"market": "0x078feddd53d2bf4e1d48a37abe77086a04d23f2a9565f23a87a7d0132544c6ce", "asset_id": "94275205971087937612779652982348513062469691809310167814380912506764672143942", "timestamp": "1769383668701", "hash": "e2a82199f54183a159d68597a6168752841afae5", "bids": [{"price": "0.01", "size": "75.77"}, {"price": "0.02", "size": "725"}, {"price": "0.03", "size": "7.17"}, {"price": "0.05", "size": "520"}, {"price": "0.06", "size": "6.05"}, {"price": "0.11", "size": "350"}, {"price": "0.12", "size": "10.53"}, {"price": "0.35", "size": "300"}, {"price": "0.4", "size": "200"}, {"price": "0.43", "size": "125"}, {"price": "0.46", "size": "75"}, {"price": "0.57", "size": "22.8"}, {"price": "0.58", "size": "18.96"}, {"price": "0.68", "size": "507"}, {"price": "0.69", "size": "82.79"}], "asks": [{"price": "0.99", "size": "70"}, {"price": "0.97", "size": "250"}, {"price": "0.96", "size": "12"}, {"price": "0.91", "size": "300"}, {"price": "0.9", "size": "200"}, {"price": "0.89", "size": "125"}, {"price": "0.88", "size": "257.11"}, {"price": "0.87", "size": "184.61"}, {"price": "0.83", "size": "10"}, {"price": "0.81", "size": "411"}, {"price": "0.8", "size": "150"}], "event_type": "book", "last_trade_price": ""}, {"market": "0x681899b44e4012e2e967271002962acc3392e7e8358c28d9018d27cb655a1089", "asset_id": "89628227630969644837754597335413173437116597140248341732455392373015853266252", "timestamp": "1769383290633", "hash": "fdcfcdd0f216153025296b8dd42756256dfa20e0", "bids": [{"price": "0.01", "size": "1778.68"}, {"price": "0.02", "size": "700"}, {"price": "0.03", "size": "7.13"}, {"price": "0.05", "size": "530"}, {"price": "0.06", "size": "6.89"}, {"price": "0.12", "size": "275"}, {"price": "0.13", "size": "9.35"}, {"price": "0.36", "size": "300"}, {"price": "0.41", "size": "200"}, {"price": "0.44", "size": "125"}, {"price": "0.48", "size": "75"}, {"price": "0.6", "size": "21.66"}, {"price": "0.61", "size": "18.03"}, {"price": "0.69", "size": "150"}, {"price": "0.7", "size": "7"}, {"price": "0.71", "size": "350"}], "asks": [{"price": "0.99", "size": "973"}, {"price": "0.96", "size": "262"}, {"price": "0.9", "size": "300"}, {"price": "0.89", "size": "200"}, {"price": "0.88", "size": "216.66"}, {"price": "0.87", "size": "175"}, {"price": "0.83", "size": "360"}, {"price": "0.82", "size": "50"}, {"price": "0.81", "size": "10"}, {"price": "0.8", "size": "150"}], "event_type": "book", "last_trade_price": ""}]}
{"_local_timestamp": "2026-01-25T23:33:40.379228+00:00", "data": {"market": "0x75852c511f568cf2a6e853d5e81f61a72f5b73fa446e035760cd7e294b33d450", "price_changes": [{"asset_id": "6354356652197293692968693639725410416779430913330083636355426615586916351473", "price": "0.45", "size": "8.5", "side": "BUY", "hash": "b0c82ec483b3e04fa453f5364148ed83866c4472", "best_bid": "0.45", "best_ask": "0.55"}, {"asset_id": "52657166232134623290821106971243729012971210837922432211056635796074841723388", "price": "0.55", "size": "8.5", "side": "SELL", "hash": "45ae58503b954f382de2c25f9c788c0becffb201", "best_bid": "0.45", "best_ask": "0.55"}], "timestamp": "1769384020153", "event_type": "price_change"}}
{"_local_timestamp": "2026-01-25T23:33:40.380047+00:00", "data": {"market": "0x75852c511f568cf2a6e853d5e81f61a72f5b73fa446e035760cd7e294b33d450", "price_changes": [{"asset_id": "52657166232134623290821106971243729012971210837922432211056635796074841723388", "price": "0.46", "size": "8.5", "side": "BUY", "hash": "b4495752411f3473aed9f788f8ce2b1b9b63317c", "best_bid": "0.46", "best_ask": "0.55"}, {"asset_id": "6354356652197293692968693639725410416779430913330083636355426615586916351473", "price": "0.54", "size": "8.5", "side": "SELL", "hash": "8425db5a4b40c45d0f47076266860661d421166e", "best_bid": "0.45", "best_ask": "0.54"}], "timestamp": "1769384020154", "event_type": "price_change"}}
{"_local_timestamp": "2026-01-25T23:33:45.545606+00:00", "data": {"market": "0x75852c511f568cf2a6e853d5e81f61a72f5b73fa446e035760cd7e294b33d450", "price_changes": [{"asset_id": "6354356652197293692968693639725410416779430913330083636355426615586916351473", "price": "0.44", "size": "0", "side": "BUY", "hash": "ed62d32354bc0a004ada93952f600eb47e4d72c9", "best_bid": "0.45", "best_ask": "0.54"}, {"asset_id": "52657166232134623290821106971243729012971210837922432211056635796074841723388", "price": "0.56", "size": "0", "side": "SELL", "hash": "c495a0b44f77ea9a8b62518150f75ec0a83017b2", "best_bid": "0.46", "best_ask": "0.55"}], "timestamp": "1769384025474", "event_type": "price_change"}}
{"_local_timestamp": "2026-01-25T23:33:45.936098+00:00", "data": {"market": "0x75852c511f568cf2a6e853d5e81f61a72f5b73fa446e035760cd7e294b33d450", "price_changes": [{"asset_id": "6354356652197293692968693639725410416779430913330083636355426615586916351473", "price": "0.46", "size": "150", "side": "BUY", "hash": "929d6344909dcef4ba52d00cd8f8bb0ec76c2abd", "best_bid": "0.46", "best_ask": "0.54"}, {"asset_id": "52657166232134623290821106971243729012971210837922432211056635796074841723388", "price": "0.54", "size": "150", "side": "SELL", "hash": "ae867f35f94977a4fb5c764084f965e8e826c1c0", "best_bid": "0.46", "best_ask": "0.54"}], "timestamp": "1769384025832", "event_type": "price_change"}}
{"_local_timestamp": "2026-01-25T23:33:49.586567+00:00", "data": {"market": "0x75852c511f568cf2a6e853d5e81f61a72f5b73fa446e035760cd7e294b33d450", "price_changes": [{"asset_id": "6354356652197293692968693639725410416779430913330083636355426615586916351473", "price": "0.45", "size": "0", "side": "BUY", "hash": "073d3f01a9a108e6c733b03e768caf4065acb6fc", "best_bid": "0.46", "best_ask": "0.54"}, {"asset_id": "52657166232134623290821106971243729012971210837922432211056635796074841723388", "price": "0.55", "size": "0", "side": "SELL", "hash": "ce3aee1a42d71a229c74738d9505c157ec43bc85", "best_bid": "0.46", "best_ask": "0.54"}], "timestamp": "1769384029517", "event_type": "price_change"}}
{"_local_timestamp": "2026-01-25T23:33:49.630430+00:00", "data": {"market": "0x75852c511f568cf2a6e853d5e81f61a72f5b73fa446e035760cd7e294b33d450", "price_changes": [{"asset_id": "6354356652197293692968693639725410416779430913330083636355426615586916351473", "price": "0.42", "size": "8.5", "side": "BUY", "hash": "745345ef870c94dc4640ee5247c8136ccd1f7322", "best_bid": "0.46", "best_ask": "0.54"}, {"asset_id": "52657166232134623290821106971243729012971210837922432211056635796074841723388", "price": "0.58", "size": "8.5", "side": "SELL", "hash": "2255441c50b91e468a7b7ecf8f7030d002ef6380", "best_bid": "0.46", "best_ask": "0.54"}], "timestamp": "1769384029556", "event_type": "price_change"}}
{"_local_timestamp": "2026-01-25T23:33:51.077467+00:00", "data": {"market": "0x75852c511f568cf2a6e853d5e81f61a72f5b73fa446e035760cd7e294b33d450", "price_changes": [{"asset_id": "6354356652197293692968693639725410416779430913330083636355426615586916351473", "price": "0.46", "size": "0", "side": "BUY", "hash": "2c4cfd71cf53e30391100907d883e0af6b436320", "best_bid": "0.43", "best_ask": "0.54"}, {"asset_id": "52657166232134623290821106971243729012971210837922432211056635796074841723388", "price": "0.54", "size": "0", "side": "SELL", "hash": "654121720b56176c8e5e544287b5e964194a9b83", "best_bid": "0.46", "best_ask": "0.57"}], "timestamp": "1769384030988", "event_type": "price_change"}}
{"_local_timestamp": "2026-01-25T23:33:51.437980+00:00", "data": {"market": "0x75852c511f568cf2a6e853d5e81f61a72f5b73fa446e035760cd7e294b33d450", "price_changes": [{"asset_id": "6354356652197293692968693639725410416779430913330083636355426615586916351473", "price": "0.44", "size": "150", "side": "BUY", "hash": "de4e984a5a41bc22e99c35483e2db2430ce95d1a", "best_bid": "0.44", "best_ask": "0.54"}, {"asset_id": "52657166232134623290821106971243729012971210837922432211056635796074841723388", "price": "0.56", "size": "150", "side": "SELL", "hash": "07cb316d7d89e770c7ea2a0baed64957e4521b66", "best_bid": "0.46", "best_ask": "0.56"}], "timestamp": "1769384031366", "event_type": "price_change"}}
{"_local_timestamp": "2026-01-25T23:33:52.328089+00:00", "data": {"market": "0x75852c511f568cf2a6e853d5e81f61a72f5b73fa446e035760cd7e294b33d450", "price_changes": [{"asset_id": "6354356652197293692968693639725410416779430913330083636355426615586916351473", "price": "0.42", "size": "0", "side": "BUY", "hash": "952df111ae11bcbfc89e4ce9dd7c77f55dc1b4a5", "best_bid": "0.44", "best_ask": "0.54"}, {"asset_id": "52657166232134623290821106971243729012971210837922432211056635796074841723388", "price": "0.58", "size": "0", "side": "SELL", "hash": "c3cf336137cbfaec233ce1edc4541c32bb7e3677", "best_bid": "0.46", "best_ask": "0.56"}], "timestamp": "1769384032240", "event_type": "price_change"}}
{"_local_timestamp": "2026-01-25T23:33:52.329190+00:00", "data": {"market": "0x75852c511f568cf2a6e853d5e81f61a72f5b73fa446e035760cd7e294b33d450", "price_changes": [{"asset_id": "52657166232134623290821106971243729012971210837922432211056635796074841723388", "price": "0.46", "size": "0", "side": "BUY", "hash": "1ca21e565e1557a92c2c019712108fa300c913d5", "best_bid": "0.45", "best_ask": "0.56"}, {"asset_id": "6354356652197293692968693639725410416779430913330083636355426615586916351473", "price": "0.54", "size": "0", "side": "SELL", "hash": "6b39b22bcf1f64fccc7fba22cd3ffe1da3dc1656", "best_bid": "0.44", "best_ask": "0.55"}], "timestamp": "1769384032241", "event_type": "price_change"}}
{"_local_timestamp": "2026-01-25T23:33:57.659542+00:00", "data": {"market": "0x75852c511f568cf2a6e853d5e81f61a72f5b73fa446e035760cd7e294b33d450", "price_changes": [{"asset_id": "6354356652197293692968693639725410416779430913330083636355426615586916351473", "price": "0.45", "size": "8.5", "side": "BUY", "hash": "a86910701eeac59eec009646c728539a50ff0b8c", "best_bid": "0.45", "best_ask": "0.55"}, {"asset_id": "52657166232134623290821106971243729012971210837922432211056635796074841723388", "price": "0.55", "size": "8.5", "side": "SELL", "hash": "12638c32d95d54932f4b3c0e5741e3d74261eb01", "best_bid": "0.45", "best_ask": "0.55"}], "timestamp": "1769384037586", "event_type": "price_change"}}
{"_local_timestamp": "2026-01-25T23:33:57.660160+00:00", "data": {"market": "0x75852c511f568cf2a6e853d5e81f61a72f5b73fa446e035760cd7e294b33d450", "price_changes": [{"asset_id": "52657166232134623290821106971243729012971210837922432211056635796074841723388", "price": "0.46", "size": "8.5", "side": "BUY", "hash": "dcdee9ae678986cd0232593b9277e4c937307961", "best_bid": "0.46", "best_ask": "0.55"}, {"asset_id": "6354356652197293692968693639725410416779430913330083636355426615586916351473", "price": "0.54", "size": "8.5", "side": "SELL", "hash": "b5b915e5852f249e67b552cbd3ea37c7a01315a0", "best_bid": "0.45", "best_ask": "0.54"}], "timestamp": "1769384037587", "event_type": "price_change"}}
{"_local_timestamp": "2026-01-25T23:34:02.063163+00:00", "data": {"market": "0x75852c511f568cf2a6e853d5e81f61a72f5b73fa446e035760cd7e294b33d450", "price_changes": [{"asset_id": "6354356652197293692968693639725410416779430913330083636355426615586916351473", "price": "0.44", "size": "0", "side": "BUY", "hash": "a06d4a14a5cc2805bee35b3850a02769fc73fe00", "best_bid": "0.45", "best_ask": "0.54"}, {"asset_id": "52657166232134623290821106971243729012971210837922432211056635796074841723388", "price": "0.56", "size": "0", "side": "SELL", "hash": "5deeb8dd318417c0968438c8192a231aa9db5754", "best_bid": "0.46", "best_ask": "0.55"}], "timestamp": "1769384041967", "event_type": "price_change"}}
{"_local_timestamp": "2026-01-25T23:34:02.407845+00:00", "data": {"market": "0x75852c511f568cf2a6e853d5e81f61a72f5b73fa446e035760cd7e294b33d450", "price_changes": [{"asset_id": "6354356652197293692968693639725410416779430913330083636355426615586916351473", "price": "0.46", "size": "150", "side": "BUY", "hash": "dd24cb6f32629c35986c291a71b3484482689e98", "best_bid": "0.46", "best_ask": "0.54"}, {"asset_id": "52657166232134623290821106971243729012971210837922432211056635796074841723388", "price": "0.54", "size": "150", "side": "SELL", "hash": "b173dcc951d8bc7269e1bb035cb219339381c6e4", "best_bid": "0.46", "best_ask": "0.54"}], "timestamp": "1769384042312", "event_type": "price_change"}}
{"_local_timestamp": "2026-01-25T23:34:07.573627+00:00", "data": {"market": "0x75852c511f568cf2a6e853d5e81f61a72f5b73fa446e035760cd7e294b33d450", "price_changes": [{"asset_id": "6354356652197293692968693639725410416779430913330083636355426615586916351473", "price": "0.45", "size": "0", "side": "BUY", "hash": "7eed6ed2aed131af0f38db905cd221ca406c1e78", "best_bid": "0.46", "best_ask": "0.54"}, {"asset_id": "52657166232134623290821106971243729012971210837922432211056635796074841723388", "price": "0.55", "size": "0", "side": "SELL", "hash": "794dd46740f19b24d976bf0fd7e57d405e753909", "best_bid": "0.46", "best_ask": "0.54"}], "timestamp": "1769384047485", "event_type": "price_change"}}
{"_local_timestamp": "2026-01-25T23:34:07.577139+00:00", "data": {"market": "0x75852c511f568cf2a6e853d5e81f61a72f5b73fa446e035760cd7e294b33d450", "price_changes": [{"asset_id": "52657166232134623290821106971243729012971210837922432211056635796074841723388", "price": "0.46", "size": "0", "side": "BUY", "hash": "31fb39fb80b92cbad1e05259fdb52bdf3a293003", "best_bid": "0.45", "best_ask": "0.54"}, {"asset_id": "6354356652197293692968693639725410416779430913330083636355426615586916351473", "price": "0.54", "size": "0", "side": "SELL", "hash": "afcb5875ae5f4ef9f8b414578b139eba8af7f740", "best_bid": "0.46", "best_ask": "0.55"}], "timestamp": "1769384047485", "event_type": "price_change"}}
{"_local_timestamp": "2026-01-25T23:34:13.178510+00:00", "data": {"market": "0x75852c511f568cf2a6e853d5e81f61a72f5b73fa446e035760cd7e294b33d450", "price_changes": [{"asset_id": "6354356652197293692968693639725410416779430913330083636355426615586916351473", "price": "0.46", "size": "0", "side": "BUY", "hash": "506c9895c3ea065aca9d10f2344890b3a379de44", "best_bid": "0.43", "best_ask": "0.55"}, {"asset_id": "52657166232134623290821106971243729012971210837922432211056635796074841723388", "price": "0.54", "size": "0", "side": "SELL", "hash": "57c478524cde0d0f232409ad7e91934fec6e336f", "best_bid": "0.45", "best_ask": "0.57"}], "timestamp": "1769384053055", "event_type": "price_change"}}
{"_local_timestamp": "2026-01-25T23:34:13.543692+00:00", "data": {"market": "0x75852c511f568cf2a6e853d5e81f61a72f5b73fa446e035760cd7e294b33d450", "price_changes": [{"asset_id": "6354356652197293692968693639725410416779430913330083636355426615586916351473", "price": "0.44", "size": "150", "side": "BUY", "hash": "25f21c7f241bd8b9a218288b3e4c83bf3794f63e", "best_bid": "0.44", "best_ask": "0.55"}, {"asset_id": "52657166232134623290821106971243729012971210837922432211056635796074841723388", "price": "0.56", "size": "150", "side": "SELL", "hash": "b9274da9ab817b9636c6f393c211c0069a653f6f", "best_bid": "0.45", "best_ask": "0.56"}], "timestamp": "1769384053360", "event_type": "price_change"}}
{"_local_timestamp": "2026-01-25T23:34:18.417832+00:00", "data": {"market": "0x75852c511f568cf2a6e853d5e81f61a72f5b73fa446e035760cd7e294b33d450", "price_changes": [{"asset_id": "6354356652197293692968693639725410416779430913330083636355426615586916351473", "price": "0.45", "size": "8.5", "side": "BUY", "hash": "9be63a67a6314c43c0e415d142b4c5022dde9212", "best_bid": "0.45", "best_ask": "0.55"}, {"asset_id": "52657166232134623290821106971243729012971210837922432211056635796074841723388", "price": "0.55", "size": "8.5", "side": "SELL", "hash": "bf3a94b0c1520c6822dcf8bba6d9b847409c32d7", "best_bid": "0.45", "best_ask": "0.55"}], "timestamp": "1769384058344", "event_type": "price_change"}}
{"_local_timestamp": "2026-01-25T23:34:18.418404+00:00", "data": {"market": "0x75852c511f568cf2a6e853d5e81f61a72f5b73fa446e035760cd7e294b33d450", "price_changes": [{"asset_id": "52657166232134623290821106971243729012971210837922432211056635796074841723388", "price": "0.46", "size": "8.5", "side": "BUY", "hash": "e75622d482f5180b17694ff9036554a403394a29", "best_bid": "0.46", "best_ask": "0.55"}, {"asset_id": "6354356652197293692968693639725410416779430913330083636355426615586916351473", "price": "0.54", "size": "8.5", "side": "SELL", "hash": "1611370f963cc9485a396394fdbdb4402aca856c", "best_bid": "0.45", "best_ask": "0.54"}], "timestamp": "1769384058344", "event_type": "price_change"}}
{"_local_timestamp": "2026-01-25T23:34:18.581291+00:00", "data": {"market": "0x75852c511f568cf2a6e853d5e81f61a72f5b73fa446e035760cd7e294b33d450", "price_changes": [{"asset_id": "6354356652197293692968693639725410416779430913330083636355426615586916351473", "price": "0.44", "size": "0", "side": "BUY", "hash": "6e00d06e09cedcaf5bca33616aff2a6268b5ff5c", "best_bid": "0.45", "best_ask": "0.54"}, {"asset_id": "52657166232134623290821106971243729012971210837922432211056635796074841723388", "price": "0.56", "size": "0", "side": "SELL", "hash": "b1646c0557e35965579414cd0a4c1750b42ca2de", "best_bid": "0.46", "best_ask": "0.55"}], "timestamp": "1769384058510", "event_type": "price_change"}}
{"_local_timestamp": "2026-01-25T23:34:18.809422+00:00", "data": {"market": "0x75852c511f568cf2a6e853d5e81f61a72f5b73fa446e035760cd7e294b33d450", "price_changes": [{"asset_id": "6354356652197293692968693639725410416779430913330083636355426615586916351473", "price": "0.46", "size": "150", "side": "BUY", "hash": "a6e4d73bb1c0aa3082b5d6c12a5a1fe0fefdc4cd", "best_bid": "0.46", "best_ask": "0.54"}, {"asset_id": "52657166232134623290821106971243729012971210837922432211056635796074841723388", "price": "0.54", "size": "150", "side": "SELL", "hash": "a57d2b78085505c21e9bb9c071f15da5546cabc8", "best_bid": "0.46", "best_ask": "0.54"}], "timestamp": "1769384058732", "event_type": "price_change"}}
{"_local_timestamp": "2026-01-25T23:34:23.871004+00:00", "data": {"market": "0x75852c511f568cf2a6e853d5e81f61a72f5b73fa446e035760cd7e294b33d450", "price_changes": [{"asset_id": "6354356652197293692968693639725410416779430913330083636355426615586916351473", "price": "0.45", "size": "0", "side": "BUY", "hash": "0fd9c34906e72b3d431dd882f5d86d04869b3823", "best_bid": "0.46", "best_ask": "0.54"}, {"asset_id": "52657166232134623290821106971243729012971210837922432211056635796074841723388", "price": "0.55", "size": "0", "side": "SELL", "hash": "7c356a2c8a0bb6b8d482365e5563463c5c1c8083", "best_bid": "0.46", "best_ask": "0.54"}], "timestamp": "1769384063783", "event_type": "price_change"}}
{"_local_timestamp": "2026-01-25T23:34:23.875908+00:00", "data": {"market": "0x75852c511f568cf2a6e853d5e81f61a72f5b73fa446e035760cd7e294b33d450", "price_changes": [{"asset_id": "52657166232134623290821106971243729012971210837922432211056635796074841723388", "price": "0.46", "size": "0", "side": "BUY", "hash": "72a1a17611f54003617d6378763739bcb5b8809d", "best_bid": "0.45", "best_ask": "0.54"}, {"asset_id": "6354356652197293692968693639725410416779430913330083636355426615586916351473", "price": "0.54", "size": "0", "side": "SELL", "hash": "6bb6179b3bbcb309ea45af843375d87998dac28a", "best_bid": "0.46", "best_ask": "0.55"}], "timestamp": "1769384063783", "event_type": "price_change"}}
{"_local_timestamp": "2026-01-25T23:34:29.601363+00:00", "data": {"market": "0x75852c511f568cf2a6e853d5e81f61a72f5b73fa446e035760cd7e294b33d450", "price_changes": [{"asset_id": "6354356652197293692968693639725410416779430913330083636355426615586916351473", "price": "0.46", "size": "0", "side": "BUY", "hash": "dee1d138b585a2179bb717eb3222556aa5ce422b", "best_bid": "0.43", "best_ask": "0.55"}, {"asset_id": "52657166232134623290821106971243729012971210837922432211056635796074841723388", "price": "0.54", "size": "0", "side": "SELL", "hash": "1bea80c2b13744d0ca2b06f1f6dfeb26b633133c", "best_bid": "0.45", "best_ask": "0.57"}], "timestamp": "1769384069524", "event_type": "price_change"}}
{"_local_timestamp": "2026-01-25T23:34:30.283900+00:00", "data": {"market": "0x75852c511f568cf2a6e853d5e81f61a72f5b73fa446e035760cd7e294b33d450", "price_changes": [{"asset_id": "6354356652197293692968693639725410416779430913330083636355426615586916351473", "price": "0.44", "size": "150", "side": "BUY", "hash": "a450fb3dc85af94575eb94cb4df2f4b2520816df", "best_bid": "0.44", "best_ask": "0.55"}, {"asset_id": "52657166232134623290821106971243729012971210837922432211056635796074841723388", "price": "0.56", "size": "150", "side": "SELL", "hash": "28902a64e9bd9aeee9792f3d1a5a293620365b09", "best_bid": "0.45", "best_ask": "0.56"}], "timestamp": "1769384070113", "event_type": "price_change"}}
{"_local_timestamp": "2026-01-25T23:34:35.016099+00:00", "data": {"market": "0x75852c511f568cf2a6e853d5e81f61a72f5b73fa446e035760cd7e294b33d450", "price_changes": [{"asset_id": "6354356652197293692968693639725410416779430913330083636355426615586916351473", "price": "0.45", "size": "8.5", "side": "BUY", "hash": "43f20b791308e946c5fd156264d62c5254fb4b28", "best_bid": "0.45", "best_ask": "0.55"}, {"asset_id": "52657166232134623290821106971243729012971210837922432211056635796074841723388", "price": "0.55", "size": "8.5", "side": "SELL", "hash": "7a7338b6dd2bc06b78f931eaf46ea003180e4261", "best_bid": "0.45", "best_ask": "0.55"}], "timestamp": "1769384074947", "event_type": "price_change"}}
{"_local_timestamp": "2026-01-25T23:34:35.023550+00:00", "data": {"market": "0x75852c511f568cf2a6e853d5e81f61a72f5b73fa446e035760cd7e294b33d450", "price_changes": [{"asset_id": "52657166232134623290821106971243729012971210837922432211056635796074841723388", "price": "0.46", "size": "8.5", "side": "BUY", "hash": "0ddefa66f6a089ce7da594b7d929d34e668b7c8a", "best_bid": "0.46", "best_ask": "0.55"}, {"asset_id": "6354356652197293692968693639725410416779430913330083636355426615586916351473", "price": "0.54", "size": "8.5", "side": "SELL", "hash": "43a828a335f8828cbccc2532ea8b96842804113a", "best_bid": "0.45", "best_ask": "0.54"}], "timestamp": "1769384074948", "event_type": "price_change"}}
{"_local_timestamp": "2026-01-25T23:34:35.377236+00:00", "data": {"market": "0x75852c511f568cf2a6e853d5e81f61a72f5b73fa446e035760cd7e294b33d450", "price_changes": [{"asset_id": "6354356652197293692968693639725410416779430913330083636355426615586916351473", "price": "0.44", "size": "0", "side": "BUY", "hash": "e3763ac00291c56fc239e43e5d3bd816f3752d98", "best_bid": "0.45", "best_ask": "0.54"}, {"asset_id": "52657166232134623290821106971243729012971210837922432211056635796074841723388", "price": "0.56", "size": "0", "side": "SELL", "hash": "c566e020ca75f2508f3cf4d76336f6939aa5542f", "best_bid": "0.46", "best_ask": "0.55"}], "timestamp": "1769384075307", "event_type": "price_change"}}
{"_local_timestamp": "2026-01-25T23:34:35.781974+00:00", "data": {"market": "0x75852c511f568cf2a6e853d5e81f61a72f5b73fa446e035760cd7e294b33d450", "price_changes": [{"asset_id": "6354356652197293692968693639725410416779430913330083636355426615586916351473", "price": "0.46", "size": "150", "side": "BUY", "hash": "5a6d7972a07680f29a7f16cfc3d542aac4803469", "best_bid": "0.46", "best_ask": "0.54"}, {"asset_id": "52657166232134623290821106971243729012971210837922432211056635796074841723388", "price": "0.54", "size": "150", "side": "SELL", "hash": "98d6a008d4dcebd64d0f3622523c7a18de591ec6", "best_bid": "0.46", "best_ask": "0.54"}], "timestamp": "1769384075715", "event_type": "price_change"}}
{"_local_timestamp": "2026-01-25T23:34:40.266501+00:00", "data": {"market": "0x75852c511f568cf2a6e853d5e81f61a72f5b73fa446e035760cd7e294b33d450", "price_changes": [{"asset_id": "6354356652197293692968693639725410416779430913330083636355426615586916351473", "price": "0.45", "size": "0", "side": "BUY", "hash": "7a8847226b6002b023cae1d9d77f03955aa68c2d", "best_bid": "0.46", "best_ask": "0.54"}, {"asset_id": "52657166232134623290821106971243729012971210837922432211056635796074841723388", "price": "0.55", "size": "0", "side": "SELL", "hash": "1c28d4604617502b23cc16cdd54f932c67e7c3aa", "best_bid": "0.46", "best_ask": "0.54"}], "timestamp": "1769384080120", "event_type": "price_change"}}
{"_local_timestamp": "2026-01-25T23:34:40.308876+00:00", "data": {"market": "0x75852c511f568cf2a6e853d5e81f61a72f5b73fa446e035760cd7e294b33d450", "price_changes": [{"asset_id": "6354356652197293692968693639725410416779430913330083636355426615586916351473", "price": "0.42", "size": "8.5", "side": "BUY", "hash": "90da0031c162eced47b63580101ffaf3b12f50a7", "best_bid": "0.46", "best_ask": "0.54"}, {"asset_id": "52657166232134623290821106971243729012971210837922432211056635796074841723388", "price": "0.58", "size": "8.5", "side": "SELL", "hash": "d21ea8a4deac24e7fbb6b24a6058439d498af1a1", "best_bid": "0.46", "best_ask": "0.54"}], "timestamp": "1769384080160", "event_type": "price_change"}}
{"_local_timestamp": "2026-01-25T23:34:40.996810+00:00", "data": {"market": "0x75852c511f568cf2a6e853d5e81f61a72f5b73fa446e035760cd7e294b33d450", "price_changes": [{"asset_id": "6354356652197293692968693639725410416779430913330083636355426615586916351473", "price": "0.46", "size": "0", "side": "BUY", "hash": "fd48049b18c9861ee0fbc7f1440fe7a02dcb219c", "best_bid": "0.43", "best_ask": "0.54"}, {"asset_id": "52657166232134623290821106971243729012971210837922432211056635796074841723388", "price": "0.54", "size": "0", "side": "SELL", "hash": "15ec0466650a7ce685375e68ca217b34ff183c67", "best_bid": "0.46", "best_ask": "0.57"}], "timestamp": "1769384080922", "event_type": "price_change"}}
{"_local_timestamp": "2026-01-25T23:34:41.405363+00:00", "data": {"market": "0x75852c511f568cf2a6e853d5e81f61a72f5b73fa446e035760cd7e294b33d450", "price_changes": [{"asset_id": "6354356652197293692968693639725410416779430913330083636355426615586916351473", "price": "0.44", "size": "150", "side": "BUY", "hash": "12ddc34d048bf5cd62a6b537dbc92f3737e7898c", "best_bid": "0.44", "best_ask": "0.54"}, {"asset_id": "52657166232134623290821106971243729012971210837922432211056635796074841723388", "price": "0.56", "size": "150", "side": "SELL", "hash": "635c0fef6030f38dfa98d39a540f5111d4abce4c", "best_bid": "0.46", "best_ask": "0.56"}], "timestamp": "1769384081336", "event_type": "price_change"}}
{"_local_timestamp": "2026-01-25T23:34:43.637185+00:00", "data": {"market": "0x75852c511f568cf2a6e853d5e81f61a72f5b73fa446e035760cd7e294b33d450", "price_changes": [{"asset_id": "6354356652197293692968693639725410416779430913330083636355426615586916351473", "price": "0.42", "size": "0", "side": "BUY", "hash": "a36f8c8ab898cb5720095cc480f760afbfc2b7b3", "best_bid": "0.44", "best_ask": "0.54"}, {"asset_id": "52657166232134623290821106971243729012971210837922432211056635796074841723388", "price": "0.58", "size": "0", "side": "SELL", "hash": "d6c52692afbd0ce7d911ffcad4ddc328009e047f", "best_bid": "0.46", "best_ask": "0.56"}], "timestamp": "1769384083547", "event_type": "price_change"}}
{"_local_timestamp": "2026-01-25T23:34:43.637613+00:00", "data": {"market": "0x75852c511f568cf2a6e853d5e81f61a72f5b73fa446e035760cd7e294b33d450", "price_changes": [{"asset_id": "52657166232134623290821106971243729012971210837922432211056635796074841723388", "price": "0.46", "size": "0", "side": "BUY", "hash": "3fbee9021a2b3226d25421e1ef353a7de01860de", "best_bid": "0.45", "best_ask": "0.56"}, {"asset_id": "6354356652197293692968693639725410416779430913330083636355426615586916351473", "price": "0.54", "size": "0", "side": "SELL", "hash": "12667a8a8f327e617757f9cff1fcba7d0e25dd10", "best_bid": "0.44", "best_ask": "0.55"}], "timestamp": "1769384083547", "event_type": "price_change"}}
{"_local_timestamp": "2026-01-25T23:34:48.572676+00:00", "data": {"market": "0x75852c511f568cf2a6e853d5e81f61a72f5b73fa446e035760cd7e294b33d450", "price_changes": [{"asset_id": "6354356652197293692968693639725410416779430913330083636355426615586916351473", "price": "0.45", "size": "8.5", "side": "BUY", "hash": "23e4b57238fe7a05f644d59ddb7e6c9e6dd19a70", "best_bid": "0.45", "best_ask": "0.55"}, {"asset_id": "52657166232134623290821106971243729012971210837922432211056635796074841723388", "price": "0.55", "size": "8.5", "side": "SELL", "hash": "7186ac65ad509bcfcd66284ba81ab432e5f0e30f", "best_bid": "0.45", "best_ask": "0.55"}], "timestamp": "1769384088500", "event_type": "price_change"}}
{"_local_timestamp": "2026-01-25T23:34:48.573482+00:00", "data": {"market": "0x75852c511f568cf2a6e853d5e81f61a72f5b73fa446e035760cd7e294b33d450", "price_changes": [{"asset_id": "52657166232134623290821106971243729012971210837922432211056635796074841723388", "price": "0.46", "size": "8.5", "side": "BUY", "hash": "30df5ab7fcb8a873a0d50a42e757b7fcc53d618a", "best_bid": "0.46", "best_ask": "0.55"}, {"asset_id": "6354356652197293692968693639725410416779430913330083636355426615586916351473", "price": "0.54", "size": "8.5", "side": "SELL", "hash": "9671464b9c17857ad9b639f0d4adc07a197d9d9a", "best_bid": "0.45", "best_ask": "0.54"}], "timestamp": "1769384088501", "event_type": "price_change"}}
{"_local_timestamp": "2026-01-25T23:34:51.983494+00:00", "data": {"market": "0x75852c511f568cf2a6e853d5e81f61a72f5b73fa446e035760cd7e294b33d450", "price_changes": [{"asset_id": "6354356652197293692968693639725410416779430913330083636355426615586916351473", "price": "0.44", "size": "0", "side": "BUY", "hash": "da02e886953b9e9b3cba8172d5847208bbcdbf7c", "best_bid": "0.45", "best_ask": "0.54"}, {"asset_id": "52657166232134623290821106971243729012971210837922432211056635796074841723388", "price": "0.56", "size": "0", "side": "SELL", "hash": "a82661795b6cb44f646d40689bbb1c63a5a7ef62", "best_bid": "0.46", "best_ask": "0.55"}], "timestamp": "1769384091911", "event_type": "price_change"}}
{"_local_timestamp": "2026-01-25T23:34:52.217480+00:00", "data": {"market": "0x75852c511f568cf2a6e853d5e81f61a72f5b73fa446e035760cd7e294b33d450", "price_changes": [{"asset_id": "6354356652197293692968693639725410416779430913330083636355426615586916351473", "price": "0.46", "size": "150", "side": "BUY", "hash": "811d7fee23af7bcccd24bf22266f246a312e10b6", "best_bid": "0.46", "best_ask": "0.54"}, {"asset_id": "52657166232134623290821106971243729012971210837922432211056635796074841723388", "price": "0.54", "size": "150", "side": "SELL", "hash": "ae9c87a05eb30be6b31ef8f0c71d2987c9bd19e1", "best_bid": "0.46", "best_ask": "0.54"}], "timestamp": "1769384092146", "event_type": "price_change"}}
{"_local_timestamp": "2026-01-25T23:34:55.629901+00:00", "data": {"market": "0x75852c511f568cf2a6e853d5e81f61a72f5b73fa446e035760cd7e294b33d450", "price_changes": [{"asset_id": "52657166232134623290821106971243729012971210837922432211056635796074841723388", "price": "0.46", "size": "0", "side": "BUY", "hash": "d4fe8969fe0df0a9e3bbdc0c1ca0bd10400d4494", "best_bid": "0.45", "best_ask": "0.54"}, {"asset_id": "6354356652197293692968693639725410416779430913330083636355426615586916351473", "price": "0.54", "size": "0", "side": "SELL", "hash": "f80540f34abac490c1671beda1ff0b8d5bec5ed1", "best_bid": "0.46", "best_ask": "0.55"}], "timestamp": "1769384095561", "event_type": "price_change"}}
{"_local_timestamp": "2026-01-25T23:34:55.630398+00:00", "data": {"market": "0x75852c511f568cf2a6e853d5e81f61a72f5b73fa446e035760cd7e294b33d450", "price_changes": [{"asset_id": "6354356652197293692968693639725410416779430913330083636355426615586916351473", "price": "0.45", "size": "0", "side": "BUY", "hash": "6143999c8f73152c9245ce1db43171ecf0e33317", "best_bid": "0.46", "best_ask": "0.55"}, {"asset_id": "52657166232134623290821106971243729012971210837922432211056635796074841723388", "price": "0.55", "size": "0", "side": "SELL", "hash": "a11678fbb4dded77daef30b607426709a5f9bde2", "best_bid": "0.45", "best_ask": "0.54"}], "timestamp": "1769384095562", "event_type": "price_change"}}
{"_local_timestamp": "2026-01-25T23:34:57.400622+00:00", "data": {"market": "0x75852c511f568cf2a6e853d5e81f61a72f5b73fa446e035760cd7e294b33d450", "price_changes": [{"asset_id": "6354356652197293692968693639725410416779430913330083636355426615586916351473", "price": "0.46", "size": "0", "side": "BUY", "hash": "8056fded12e08ba358f6373e08b1bb398995e819", "best_bid": "0.43", "best_ask": "0.55"}, {"asset_id": "52657166232134623290821106971243729012971210837922432211056635796074841723388", "price": "0.54", "size": "0", "side": "SELL", "hash": "adbd8d106ef948a60f7b8203215e9ee365bd633d", "best_bid": "0.45", "best_ask": "0.57"}], "timestamp": "1769384097329", "event_type": "price_change"}}
{"_local_timestamp": "2026-01-25T23:34:57.789715+00:00", "data": {"market": "0x75852c511f568cf2a6e853d5e81f61a72f5b73fa446e035760cd7e294b33d450", "price_changes": [{"asset_id": "6354356652197293692968693639725410416779430913330083636355426615586916351473", "price": "0.44", "size": "150", "side": "BUY", "hash": "aa51eeeed2a9835f5df31d21d35a0cfe0c48041d", "best_bid": "0.44", "best_ask": "0.55"}, {"asset_id": "52657166232134623290821106971243729012971210837922432211056635796074841723388", "price": "0.56", "size": "150", "side": "SELL", "hash": "3c1f0e2d89b63f105d01a4bbc2cb7a3cf9f20053", "best_bid": "0.45", "best_ask": "0.56"}], "timestamp": "1769384097714", "event_type": "price_change"}}
{"_local_timestamp": "2026-01-25T23:35:04.448159+00:00", "data": {"market": "0x75852c511f568cf2a6e853d5e81f61a72f5b73fa446e035760cd7e294b33d450", "price_changes": [{"asset_id": "6354356652197293692968693639725410416779430913330083636355426615586916351473", "price": "0.45", "size": "8.5", "side": "BUY", "hash": "54e0e1e8e001295ecbb66dc05138965343126994", "best_bid": "0.45", "best_ask": "0.55"}, {"asset_id": "52657166232134623290821106971243729012971210837922432211056635796074841723388", "price": "0.55", "size": "8.5", "side": "SELL", "hash": "77e76f60bdee4afc6dc5e9dedb1f134e4d08ba14", "best_bid": "0.45", "best_ask": "0.55"}], "timestamp": "1769384104243", "event_type": "price_change"}}
{"_local_timestamp": "2026-01-25T23:35:04.448643+00:00", "data": {"market": "0x75852c511f568cf2a6e853d5e81f61a72f5b73fa446e035760cd7e294b33d450", "price_changes": [{"asset_id": "52657166232134623290821106971243729012971210837922432211056635796074841723388", "price": "0.46", "size": "8.5", "side": "BUY", "hash": "184e47a8f9ed08b1667227d759e9d94f13bd1007", "best_bid": "0.46", "best_ask": "0.55"}, {"asset_id": "6354356652197293692968693639725410416779430913330083636355426615586916351473", "price": "0.54", "size": "8.5", "side": "SELL", "hash": "cfae0a2c48f230634b4578d66c6c70f26467759f", "best_bid": "0.45", "best_ask": "0.54"}], "timestamp": "1769384104244", "event_type": "price_change"}}
{"_local_timestamp": "2026-01-25T23:35:09.230366+00:00", "data": {"market": "0x75852c511f568cf2a6e853d5e81f61a72f5b73fa446e035760cd7e294b33d450", "price_changes": [{"asset_id": "6354356652197293692968693639725410416779430913330083636355426615586916351473", "price": "0.44", "size": "0", "side": "BUY", "hash": "1a585b3ed853e4b5c40ce8bca2361f88d86ebf96", "best_bid": "0.45", "best_ask": "0.54"}, {"asset_id": "52657166232134623290821106971243729012971210837922432211056635796074841723388", "price": "0.56", "size": "0", "side": "SELL", "hash": "642c63a72c428d4228572614f503bb50e5ce6790", "best_bid": "0.46", "best_ask": "0.55"}], "timestamp": "1769384109013", "event_type": "price_change"}}
{"_local_timestamp": "2026-01-25T23:35:09.510786+00:00", "data": {"market": "0x75852c511f568cf2a6e853d5e81f61a72f5b73fa446e035760cd7e294b33d450", "price_changes": [{"asset_id": "6354356652197293692968693639725410416779430913330083636355426615586916351473", "price": "0.46", "size": "150", "side": "BUY", "hash": "601d381f2f99e34f868e554c20fb31843d581cce", "best_bid": "0.46", "best_ask": "0.54"}, {"asset_id": "52657166232134623290821106971243729012971210837922432211056635796074841723388", "price": "0.54", "size": "150", "side": "SELL", "hash": "eb3857d221f8fd4afaa9bfffcb155a05ca3e42f4", "best_bid": "0.46", "best_ask": "0.54"}], "timestamp": "1769384109300", "event_type": "price_change"}}
{"_local_timestamp": "2026-01-25T23:35:18.047039+00:00", "data": {"market": "0x75852c511f568cf2a6e853d5e81f61a72f5b73fa446e035760cd7e294b33d450", "price_changes": [{"asset_id": "52657166232134623290821106971243729012971210837922432211056635796074841723388", "price": "0.46", "size": "0", "side": "BUY", "hash": "171778ccfbbc51ffd4e7628d96bef197e67cae59", "best_bid": "0.45", "best_ask": "0.54"}, {"asset_id": "6354356652197293692968693639725410416779430913330083636355426615586916351473", "price": "0.54", "size": "0", "side": "SELL", "hash": "5cc9e7a4ea27b54bed8f9e65cbf82c5568d6ed12", "best_bid": "0.46", "best_ask": "0.55"}], "timestamp": "1769384117810", "event_type": "price_change"}}
{"_local_timestamp": "2026-01-25T23:35:18.047926+00:00", "data": {"market": "0x75852c511f568cf2a6e853d5e81f61a72f5b73fa446e035760cd7e294b33d450", "price_changes": [{"asset_id": "6354356652197293692968693639725410416779430913330083636355426615586916351473", "price": "0.45", "size": "0", "side": "BUY", "hash": "b4b88d1e4146de62c01aa98806e4d42d46d6de8e", "best_bid": "0.46", "best_ask": "0.55"}, {"asset_id": "52657166232134623290821106971243729012971210837922432211056635796074841723388", "price": "0.55", "size": "0", "side": "SELL", "hash": "216e54fe8aabf285abffb227f43906aa38b2e144", "best_bid": "0.45", "best_ask": "0.54"}], "timestamp": "1769384117810", "event_type": "price_change"}}
{"_local_timestamp": "2026-01-25T23:35:20.187155+00:00", "data": {"market": "0x75852c511f568cf2a6e853d5e81f61a72f5b73fa446e035760cd7e294b33d450", "price_changes": [{"asset_id": "6354356652197293692968693639725410416779430913330083636355426615586916351473", "price": "0.46", "size": "0", "side": "BUY", "hash": "9361511a8ad4b5a6b2eb4596ec0eb1aba9b4ccec", "best_bid": "0.43", "best_ask": "0.55"}, {"asset_id": "52657166232134623290821106971243729012971210837922432211056635796074841723388", "price": "0.54", "size": "0", "side": "SELL", "hash": "a00b0e03a3288d4167067dc8ee560d7acc777301", "best_bid": "0.45", "best_ask": "0.57"}], "timestamp": "1769384119955", "event_type": "price_change"}}
{"_local_timestamp": "2026-01-25T23:35:20.392082+00:00", "data": {"market": "0x75852c511f568cf2a6e853d5e81f61a72f5b73fa446e035760cd7e294b33d450", "price_changes": [{"asset_id": "6354356652197293692968693639725410416779430913330083636355426615586916351473", "price": "0.44", "size": "150", "side": "BUY", "hash": "0013485be2bc07aebaabfb192fde8ed24d6323ea", "best_bid": "0.44", "best_ask": "0.55"}, {"asset_id": "52657166232134623290821106971243729012971210837922432211056635796074841723388", "price": "0.56", "size": "150", "side": "SELL", "hash": "419df73ffbb91ab1e2af403a2959aad26e6bb4fa", "best_bid": "0.45", "best_ask": "0.56"}], "timestamp": "1769384120161", "event_type": "price_change"}}
{"_local_timestamp": "2026-01-25T23:35:27.251803+00:00", "data": {"market": "0x75852c511f568cf2a6e853d5e81f61a72f5b73fa446e035760cd7e294b33d450", "price_changes": [{"asset_id": "6354356652197293692968693639725410416779430913330083636355426615586916351473", "price": "0.45", "size": "8.5", "side": "BUY", "hash": "5ec4f3ee451022c955828f43c73bb9c8c53f0039", "best_bid": "0.45", "best_ask": "0.55"}, {"asset_id": "52657166232134623290821106971243729012971210837922432211056635796074841723388", "price": "0.55", "size": "8.5", "side": "SELL", "hash": "9a40b02716303f5c26dc990f1da29d335a69075f", "best_bid": "0.45", "best_ask": "0.55"}], "timestamp": "1769384126922", "event_type": "price_change"}}
{"_local_timestamp": "2026-01-25T23:35:27.264898+00:00", "data": {"market": "0x75852c511f568cf2a6e853d5e81f61a72f5b73fa446e035760cd7e294b33d450", "price_changes": [{"asset_id": "52657166232134623290821106971243729012971210837922432211056635796074841723388", "price": "0.46", "size": "8.5", "side": "BUY", "hash": "58f147fe93679387ac7ed52e1753afe0a6c38d0c", "best_bid": "0.46", "best_ask": "0.55"}, {"asset_id": "6354356652197293692968693639725410416779430913330083636355426615586916351473", "price": "0.54", "size": "8.5", "side": "SELL", "hash": "d3948a992bd9029a4355a6a4ea136037dfccdcf1", "best_bid": "0.45", "best_ask": "0.54"}], "timestamp": "1769384126923", "event_type": "price_change"}}
{"_local_timestamp": "2026-01-25T23:35:31.020532+00:00", "data": {"market": "0x75852c511f568cf2a6e853d5e81f61a72f5b73fa446e035760cd7e294b33d450", "price_changes": [{"asset_id": "6354356652197293692968693639725410416779430913330083636355426615586916351473", "price": "0.44", "size": "0", "side": "BUY", "hash": "664fb490407f93b5d318d4d20dc7d056c746dbd5", "best_bid": "0.45", "best_ask": "0.54"}, {"asset_id": "52657166232134623290821106971243729012971210837922432211056635796074841723388", "price": "0.56", "size": "0", "side": "SELL", "hash": "ed74743932707c4a1c9df5388f9b550ef6efd088", "best_bid": "0.46", "best_ask": "0.55"}], "timestamp": "1769384130798", "event_type": "price_change"}}
{"_local_timestamp": "2026-01-25T23:35:31.343356+00:00", "data": {"market": "0x75852c511f568cf2a6e853d5e81f61a72f5b73fa446e035760cd7e294b33d450", "price_changes": [{"asset_id": "6354356652197293692968693639725410416779430913330083636355426615586916351473", "price": "0.46", "size": "150", "side": "BUY", "hash": "02d83e080ece2d4553f7b0c176c10a12de7d4df2", "best_bid": "0.46", "best_ask": "0.54"}, {"asset_id": "52657166232134623290821106971243729012971210837922432211056635796074841723388", "price": "0.54", "size": "150", "side": "SELL", "hash": "ebaaa58d56992c0ff8b1aa07543ba7d5274ebf74", "best_bid": "0.46", "best_ask": "0.54"}], "timestamp": "1769384131107", "event_type": "price_change"}}
{"_local_timestamp": "2026-01-25T23:35:37.953599+00:00", "data": {"market": "0x75852c511f568cf2a6e853d5e81f61a72f5b73fa446e035760cd7e294b33d450", "price_changes": [{"asset_id": "6354356652197293692968693639725410416779430913330083636355426615586916351473", "price": "0.45", "size": "0", "side": "BUY", "hash": "2ed6b929d3c554f5df0bda1f5366f91f9f631424", "best_bid": "0.46", "best_ask": "0.54"}, {"asset_id": "52657166232134623290821106971243729012971210837922432211056635796074841723388", "price": "0.55", "size": "0", "side": "SELL", "hash": "66737b4a8236b2a63b04458c99e5e80a8e6ed3b1", "best_bid": "0.46", "best_ask": "0.54"}], "timestamp": "1769384137746", "event_type": "price_change"}}
{"_local_timestamp": "2026-01-25T23:35:37.954418+00:00", "data": {"market": "0x75852c511f568cf2a6e853d5e81f61a72f5b73fa446e035760cd7e294b33d450", "price_changes": [{"asset_id": "52657166232134623290821106971243729012971210837922432211056635796074841723388", "price": "0.46", "size": "0", "side": "BUY", "hash": "3692f4e54aae60c7460bb32f47d230214b86add6", "best_bid": "0.45", "best_ask": "0.54"}, {"asset_id": "6354356652197293692968693639725410416779430913330083636355426615586916351473", "price": "0.54", "size": "0", "side": "SELL", "hash": "2d72301c88dac55a1c27c5e18153ca5d46e6317f", "best_bid": "0.46", "best_ask": "0.55"}], "timestamp": "1769384137747", "event_type": "price_change"}}
{"_local_timestamp": "2026-01-25T23:35:41.710470+00:00", "data": {"market": "0x75852c511f568cf2a6e853d5e81f61a72f5b73fa446e035760cd7e294b33d450", "price_changes": [{"asset_id": "6354356652197293692968693639725410416779430913330083636355426615586916351473", "price": "0.46", "size": "0", "side": "BUY", "hash": "d8af381d6e150b8289f744ae3635f63652d7473f", "best_bid": "0.43", "best_ask": "0.55"}, {"asset_id": "52657166232134623290821106971243729012971210837922432211056635796074841723388", "price": "0.54", "size": "0", "side": "SELL", "hash": "dd6d9156fa59d5cf2fdb0688136e054c097c0c58", "best_bid": "0.45", "best_ask": "0.57"}], "timestamp": "1769384141638", "event_type": "price_change"}}
{"_local_timestamp": "2026-01-25T23:35:42.163165+00:00", "data": {"market": "0x75852c511f568cf2a6e853d5e81f61a72f5b73fa446e035760cd7e294b33d450", "price_changes": [{"asset_id": "6354356652197293692968693639725410416779430913330083636355426615586916351473", "price": "0.44", "size": "150", "side": "BUY", "hash": "0a57434ef8d7ff2d0d62719c6e42f68ea3d81e99", "best_bid": "0.44", "best_ask": "0.55"}, {"asset_id": "52657166232134623290821106971243729012971210837922432211056635796074841723388", "price": "0.56", "size": "150", "side": "SELL", "hash": "427726565865d641fa0dbaf108be553a2db57874", "best_bid": "0.45", "best_ask": "0.56"}], "timestamp": "1769384142093", "event_type": "price_change"}}
{"_local_timestamp": "2026-01-25T23:35:48.935394+00:00", "data": {"market": "0x75852c511f568cf2a6e853d5e81f61a72f5b73fa446e035760cd7e294b33d450", "price_changes": [{"asset_id": "6354356652197293692968693639725410416779430913330083636355426615586916351473", "price": "0.45", "size": "8.5", "side": "BUY", "hash": "29b84b2914f41a023ebe047d31c90c5869adcd18", "best_bid": "0.45", "best_ask": "0.55"}, {"asset_id": "52657166232134623290821106971243729012971210837922432211056635796074841723388", "price": "0.55", "size": "8.5", "side": "SELL", "hash": "11760b20468105c0b6b2c17753e15b0d85303c0e", "best_bid": "0.45", "best_ask": "0.55"}], "timestamp": "1769384148861", "event_type": "price_change"}}
{"_local_timestamp": "2026-01-25T23:35:48.936178+00:00", "data": {"market": "0x75852c511f568cf2a6e853d5e81f61a72f5b73fa446e035760cd7e294b33d450", "price_changes": [{"asset_id": "52657166232134623290821106971243729012971210837922432211056635796074841723388", "price": "0.46", "size": "8.5", "side": "BUY", "hash": "85c1fba1563105cea6ae3c69402756ca1aea996f", "best_bid": "0.46", "best_ask": "0.55"}, {"asset_id": "6354356652197293692968693639725410416779430913330083636355426615586916351473", "price": "0.54", "size": "8.5", "side": "SELL", "hash": "56c5d7f06e53713863be7e6e9f3fa38f1e1eddb5", "best_bid": "0.45", "best_ask": "0.54"}], "timestamp": "1769384148862", "event_type": "price_change"}}
{"_local_timestamp": "2026-01-25T23:35:53.192548+00:00", "data": {"market": "0x75852c511f568cf2a6e853d5e81f61a72f5b73fa446e035760cd7e294b33d450", "price_changes": [{"asset_id": "6354356652197293692968693639725410416779430913330083636355426615586916351473", "price": "0.44", "size": "0", "side": "BUY", "hash": "a79191add02677c3af346cf5d07e37b59861b9ad", "best_bid": "0.45", "best_ask": "0.54"}, {"asset_id": "52657166232134623290821106971243729012971210837922432211056635796074841723388", "price": "0.56", "size": "0", "side": "SELL", "hash": "2258c00ce3899216654ec470e72e3b562f9b7e45", "best_bid": "0.46", "best_ask": "0.55"}], "timestamp": "1769384153114", "event_type": "price_change"}}
{"_local_timestamp": "2026-01-25T23:35:53.411942+00:00", "data": {"market": "0x75852c511f568cf2a6e853d5e81f61a72f5b73fa446e035760cd7e294b33d450", "price_changes": [{"asset_id": "6354356652197293692968693639725410416779430913330083636355426615586916351473", "price": "0.46", "size": "150", "side": "BUY", "hash": "056b68d6333151f4932296688ca3ad3e96f63049", "best_bid": "0.46", "best_ask": "0.54"}, {"asset_id": "52657166232134623290821106971243729012971210837922432211056635796074841723388", "price": "0.54", "size": "150", "side": "SELL", "hash": "dde89a16add2e0f86625e54270c7ab5a72cc04ca", "best_bid": "0.46", "best_ask": "0.54"}], "timestamp": "1769384153340", "event_type": "price_change"}}
{"_local_timestamp": "2026-01-25T23:36:00.238020+00:00", "data": {"market": "0x75852c511f568cf2a6e853d5e81f61a72f5b73fa446e035760cd7e294b33d450", "price_changes": [{"asset_id": "6354356652197293692968693639725410416779430913330083636355426615586916351473", "price": "0.45", "size": "0", "side": "BUY", "hash": "329612225076d2f8fcf60a0789738c1b35374e73", "best_bid": "0.46", "best_ask": "0.54"}, {"asset_id": "52657166232134623290821106971243729012971210837922432211056635796074841723388", "price": "0.55", "size": "0", "side": "SELL", "hash": "4ea6aeb24550cc8bd3dafa27a1d8641e10829d30", "best_bid": "0.46", "best_ask": "0.54"}], "timestamp": "1769384160164", "event_type": "price_change"}}
{"_local_timestamp": "2026-01-25T23:36:00.238573+00:00", "data": {"market": "0x75852c511f568cf2a6e853d5e81f61a72f5b73fa446e035760cd7e294b33d450", "price_changes": [{"asset_id": "52657166232134623290821106971243729012971210837922432211056635796074841723388", "price": "0.46", "size": "0", "side": "BUY", "hash": "4a671f625dc5dbf820e46a1f66ff1516a3930a72", "best_bid": "0.45", "best_ask": "0.54"}, {"asset_id": "6354356652197293692968693639725410416779430913330083636355426615586916351473", "price": "0.54", "size": "0", "side": "SELL", "hash": "8676dee93dd4342c75761a97728eb3b68ae61be6", "best_bid": "0.46", "best_ask": "0.55"}], "timestamp": "1769384160164", "event_type": "price_change"}}
{"_local_timestamp": "2026-01-25T23:36:04.047538+00:00", "data": {"market": "0x75852c511f568cf2a6e853d5e81f61a72f5b73fa446e035760cd7e294b33d450", "price_changes": [{"asset_id": "6354356652197293692968693639725410416779430913330083636355426615586916351473", "price": "0.46", "size": "0", "side": "BUY", "hash": "be1e18e105480b63ef5e1060f805c18b1d6c9951", "best_bid": "0.43", "best_ask": "0.55"}, {"asset_id": "52657166232134623290821106971243729012971210837922432211056635796074841723388", "price": "0.54", "size": "0", "side": "SELL", "hash": "fcbaf65a99f7207ba22a576e4b5e1d580acfe6f4", "best_bid": "0.45", "best_ask": "0.57"}], "timestamp": "1769384163975", "event_type": "price_change"}}
{"_local_timestamp": "2026-01-25T23:36:04.281124+00:00", "data": {"market": "0x75852c511f568cf2a6e853d5e81f61a72f5b73fa446e035760cd7e294b33d450", "price_changes": [{"asset_id": "6354356652197293692968693639725410416779430913330083636355426615586916351473", "price": "0.44", "size": "150", "side": "BUY", "hash": "ae76f368d3c5d12c1e510ad19e9c3f95743ae4ca", "best_bid": "0.44", "best_ask": "0.55"}, {"asset_id": "52657166232134623290821106971243729012971210837922432211056635796074841723388", "price": "0.56", "size": "150", "side": "SELL", "hash": "d284a62808bbbd02e3df9651e7f47ad0a6419366", "best_bid": "0.45", "best_ask": "0.56"}], "timestamp": "1769384164212", "event_type": "price_change"}}
{"_local_timestamp": "2026-01-25T23:36:09.318417+00:00", "data": {"market": "0x75852c511f568cf2a6e853d5e81f61a72f5b73fa446e035760cd7e294b33d450", "price_changes": [{"asset_id": "6354356652197293692968693639725410416779430913330083636355426615586916351473", "price": "0.45", "size": "8.5", "side": "BUY", "hash": "74115c6854c5389fdc55f08377de9d82b5f8d8a3", "best_bid": "0.45", "best_ask": "0.55"}, {"asset_id": "52657166232134623290821106971243729012971210837922432211056635796074841723388", "price": "0.55", "size": "8.5", "side": "SELL", "hash": "e71b88691c96721ae287026fe4e1d8c9dc69e2e6", "best_bid": "0.45", "best_ask": "0.55"}], "timestamp": "1769384169250", "event_type": "price_change"}}
{"_local_timestamp": "2026-01-25T23:36:09.319234+00:00", "data": {"market": "0x75852c511f568cf2a6e853d5e81f61a72f5b73fa446e035760cd7e294b33d450", "price_changes": [{"asset_id": "52657166232134623290821106971243729012971210837922432211056635796074841723388", "price": "0.46", "size": "8.5", "side": "BUY", "hash": "df7085ba8d03d57a498158b33a16c34864cb585c", "best_bid": "0.46", "best_ask": "0.55"}, {"asset_id": "6354356652197293692968693639725410416779430913330083636355426615586916351473", "price": "0.54", "size": "8.5", "side": "SELL", "hash": "b6dcc261cb72efcae2902166976f6d02ef677272", "best_bid": "0.45", "best_ask": "0.54"}], "timestamp": "1769384169251", "event_type": "price_change"}}
{"_local_timestamp": "2026-01-25T23:36:14.984107+00:00", "data": {"market": "0x75852c511f568cf2a6e853d5e81f61a72f5b73fa446e035760cd7e294b33d450", "price_changes": [{"asset_id": "6354356652197293692968693639725410416779430913330083636355426615586916351473", "price": "0.44", "size": "0", "side": "BUY", "hash": "948fd0a701aad8f1b58e5c18fa625d96730aa90a", "best_bid": "0.45", "best_ask": "0.54"}, {"asset_id": "52657166232134623290821106971243729012971210837922432211056635796074841723388", "price": "0.56", "size": "0", "side": "SELL", "hash": "86f503e5c5f4f8a2b0b60bd590a3a03753bb6fbe", "best_bid": "0.46", "best_ask": "0.55"}], "timestamp": "1769384174911", "event_type": "price_change"}}
{"_local_timestamp": "2026-01-25T23:36:15.176998+00:00", "data": {"market": "0x75852c511f568cf2a6e853d5e81f61a72f5b73fa446e035760cd7e294b33d450", "price_changes": [{"asset_id": "6354356652197293692968693639725410416779430913330083636355426615586916351473", "price": "0.46", "size": "150", "side": "BUY", "hash": "09e33d562c1470cbfe804ec403f467c28ea570b4", "best_bid": "0.46", "best_ask": "0.54"}, {"asset_id": "52657166232134623290821106971243729012971210837922432211056635796074841723388", "price": "0.54", "size": "150", "side": "SELL", "hash": "5624a7e867d04f959df36bee4282765e6600118c", "best_bid": "0.46", "best_ask": "0.54"}], "timestamp": "1769384175101", "event_type": "price_change"}}
{"_local_timestamp": "2026-01-25T23:36:21.750045+00:00", "data": {"market": "0x75852c511f568cf2a6e853d5e81f61a72f5b73fa446e035760cd7e294b33d450", "price_changes": [{"asset_id": "6354356652197293692968693639725410416779430913330083636355426615586916351473", "price": "0.45", "size": "0", "side": "BUY", "hash": "6cacbd8c20262c9a54eb7fa6c1639a90e3a9765c", "best_bid": "0.46", "best_ask": "0.54"}, {"asset_id": "52657166232134623290821106971243729012971210837922432211056635796074841723388", "price": "0.55", "size": "0", "side": "SELL", "hash": "a8bcb1e179576537fbdacd7dafe900f4e9b1a49a", "best_bid": "0.46", "best_ask": "0.54"}], "timestamp": "1769384181684", "event_type": "price_change"}}
{"_local_timestamp": "2026-01-25T23:36:21.754929+00:00", "data": {"market": "0x75852c511f568cf2a6e853d5e81f61a72f5b73fa446e035760cd7e294b33d450", "price_changes": [{"asset_id": "52657166232134623290821106971243729012971210837922432211056635796074841723388", "price": "0.46", "size": "0", "side": "BUY", "hash": "811389bd50ad0a1b8a5015f70cfcc2d34c5c41dd", "best_bid": "0.45", "best_ask": "0.54"}, {"asset_id": "6354356652197293692968693639725410416779430913330083636355426615586916351473", "price": "0.54", "size": "0", "side": "SELL", "hash": "2d8a5718f818b7e31385be83633d2713dfae769b", "best_bid": "0.46", "best_ask": "0.55"}], "timestamp": "1769384181684", "event_type": "price_change"}}
{"_local_timestamp": "2026-01-25T23:36:25.771613+00:00", "data": {"market": "0x75852c511f568cf2a6e853d5e81f61a72f5b73fa446e035760cd7e294b33d450", "price_changes": [{"asset_id": "6354356652197293692968693639725410416779430913330083636355426615586916351473", "price": "0.46", "size": "0", "side": "BUY", "hash": "d76c71dd351427f97ca3e5ccf946dd14c1ba2dde", "best_bid": "0.43", "best_ask": "0.55"}, {"asset_id": "52657166232134623290821106971243729012971210837922432211056635796074841723388", "price": "0.54", "size": "0", "side": "SELL", "hash": "1f5c31f6caf0a6c98e3b59d6c43490415e64da91", "best_bid": "0.45", "best_ask": "0.57"}], "timestamp": "1769384185696", "event_type": "price_change"}}
{"_local_timestamp": "2026-01-25T23:36:26.138389+00:00", "data": {"market": "0x75852c511f568cf2a6e853d5e81f61a72f5b73fa446e035760cd7e294b33d450", "price_changes": [{"asset_id": "6354356652197293692968693639725410416779430913330083636355426615586916351473", "price": "0.44", "size": "150", "side": "BUY", "hash": "4aa857ab456b572f350d36054d9b88feb24fe3b1", "best_bid": "0.44", "best_ask": "0.55"}, {"asset_id": "52657166232134623290821106971243729012971210837922432211056635796074841723388", "price": "0.56", "size": "150", "side": "SELL", "hash": "29cee6d50e55d9a9dae7ef6e8083dc705625aa81", "best_bid": "0.45", "best_ask": "0.56"}], "timestamp": "1769384186052", "event_type": "price_change"}}
{"_local_timestamp": "2026-01-25T23:36:31.121442+00:00", "data": {"market": "0x75852c511f568cf2a6e853d5e81f61a72f5b73fa446e035760cd7e294b33d450", "price_changes": [{"asset_id": "6354356652197293692968693639725410416779430913330083636355426615586916351473", "price": "0.45", "size": "8.5", "side": "BUY", "hash": "3e8acbcbef08a57a481a53227be8bb5bf006228b", "best_bid": "0.45", "best_ask": "0.55"}, {"asset_id": "52657166232134623290821106971243729012971210837922432211056635796074841723388", "price": "0.55", "size": "8.5", "side": "SELL", "hash": "cbdc1e56bd2cdd4c4681ad3d4dfc0f16c6943ec4", "best_bid": "0.45", "best_ask": "0.55"}], "timestamp": "1769384191046", "event_type": "price_change"}}
{"_local_timestamp": "2026-01-25T23:36:31.122172+00:00", "data": {"market": "0x75852c511f568cf2a6e853d5e81f61a72f5b73fa446e035760cd7e294b33d450", "price_changes": [{"asset_id": "52657166232134623290821106971243729012971210837922432211056635796074841723388", "price": "0.46", "size": "8.5", "side": "BUY", "hash": "8aa5f32f2078a9167beb681e5d757690be0f67bc", "best_bid": "0.46", "best_ask": "0.55"}, {"asset_id": "6354356652197293692968693639725410416779430913330083636355426615586916351473", "price": "0.54", "size": "8.5", "side": "SELL", "hash": "6b9758b773dfe950dd25b2873f0614c61ff352d0", "best_bid": "0.45", "best_ask": "0.54"}], "timestamp": "1769384191047", "event_type": "price_change"}}
{"_local_timestamp": "2026-01-25T23:36:31.288378+00:00", "data": {"market": "0x75852c511f568cf2a6e853d5e81f61a72f5b73fa446e035760cd7e294b33d450", "price_changes": [{"asset_id": "6354356652197293692968693639725410416779430913330083636355426615586916351473", "price": "0.44", "size": "0", "side": "BUY", "hash": "31cd1af78a55b4467afed2e1f2dc955a239952c4", "best_bid": "0.45", "best_ask": "0.54"}, {"asset_id": "52657166232134623290821106971243729012971210837922432211056635796074841723388", "price": "0.56", "size": "0", "side": "SELL", "hash": "0fc8458b31116702ab5609f00bac06b3446ffecc", "best_bid": "0.46", "best_ask": "0.55"}], "timestamp": "1769384191219", "event_type": "price_change"}}
{"_local_timestamp": "2026-01-25T23:36:31.510986+00:00", "data": {"market": "0x75852c511f568cf2a6e853d5e81f61a72f5b73fa446e035760cd7e294b33d450", "price_changes": [{"asset_id": "6354356652197293692968693639725410416779430913330083636355426615586916351473", "price": "0.46", "size": "150", "side": "BUY", "hash": "a2ccddced0e546015f8d20c27f9416c1fa922742", "best_bid": "0.46", "best_ask": "0.54"}, {"asset_id": "52657166232134623290821106971243729012971210837922432211056635796074841723388", "price": "0.54", "size": "150", "side": "SELL", "hash": "7d0ae6e9f7dc430217a7660ecb7382d20deb8950", "best_bid": "0.46", "best_ask": "0.54"}], "timestamp": "1769384191442", "event_type": "price_change"}}
{"_local_timestamp": "2026-01-25T23:36:37.553429+00:00", "data": {"market": "0x75852c511f568cf2a6e853d5e81f61a72f5b73fa446e035760cd7e294b33d450", "price_changes": [{"asset_id": "6354356652197293692968693639725410416779430913330083636355426615586916351473", "price": "0.45", "size": "0", "side": "BUY", "hash": "02902f45480c4a3a4141a40071dacc9f9a5ccb1f", "best_bid": "0.46", "best_ask": "0.54"}, {"asset_id": "52657166232134623290821106971243729012971210837922432211056635796074841723388", "price": "0.55", "size": "0", "side": "SELL", "hash": "9f3c939ad1241059f8d4776691b9e70fcb959cb6", "best_bid": "0.46", "best_ask": "0.54"}], "timestamp": "1769384197486", "event_type": "price_change"}}
{"_local_timestamp": "2026-01-25T23:36:37.559203+00:00", "data": {"market": "0x75852c511f568cf2a6e853d5e81f61a72f5b73fa446e035760cd7e294b33d450", "price_changes": [{"asset_id": "52657166232134623290821106971243729012971210837922432211056635796074841723388", "price": "0.46", "size": "0", "side": "BUY", "hash": "1bc1720fc0c2d0700ca046da9fce27bbabc11aee", "best_bid": "0.45", "best_ask": "0.54"}, {"asset_id": "6354356652197293692968693639725410416779430913330083636355426615586916351473", "price": "0.54", "size": "0", "side": "SELL", "hash": "1e8fea2d88234bf4e759ff22803277e4a69d2a7b", "best_bid": "0.46", "best_ask": "0.55"}], "timestamp": "1769384197486", "event_type": "price_change"}}
{"_local_timestamp": "2026-01-25T23:36:42.242930+00:00", "data": {"market": "0x75852c511f568cf2a6e853d5e81f61a72f5b73fa446e035760cd7e294b33d450", "price_changes": [{"asset_id": "6354356652197293692968693639725410416779430913330083636355426615586916351473", "price": "0.46", "size": "0", "side": "BUY", "hash": "997f5efdf3fbbbd4298dad1a0150e2e1fcf88c1d", "best_bid": "0.43", "best_ask": "0.55"}, {"asset_id": "52657166232134623290821106971243729012971210837922432211056635796074841723388", "price": "0.54", "size": "0", "side": "SELL", "hash": "071f95622f73596ded19a58c3d30bb944bab1501", "best_bid": "0.45", "best_ask": "0.57"}], "timestamp": "1769384202169", "event_type": "price_change"}}
{"_local_timestamp": "2026-01-25T23:36:42.479453+00:00", "data": {"market": "0x75852c511f568cf2a6e853d5e81f61a72f5b73fa446e035760cd7e294b33d450", "price_changes": [{"asset_id": "6354356652197293692968693639725410416779430913330083636355426615586916351473", "price": "0.44", "size": "150", "side": "BUY", "hash": "b4146a9c1334e5093f973d24952a049301e31595", "best_bid": "0.44", "best_ask": "0.55"}, {"asset_id": "52657166232134623290821106971243729012971210837922432211056635796074841723388", "price": "0.56", "size": "150", "side": "SELL", "hash": "3365ed9eae6d4a578df2494a311eee936d391790", "best_bid": "0.45", "best_ask": "0.56"}], "timestamp": "1769384202400", "event_type": "price_change"}}
{"_local_timestamp": "2026-01-25T23:36:45.690791+00:00", "data": {"market": "0x75852c511f568cf2a6e853d5e81f61a72f5b73fa446e035760cd7e294b33d450", "price_changes": [{"asset_id": "6354356652197293692968693639725410416779430913330083636355426615586916351473", "price": "0.45", "size": "8.5", "side": "BUY", "hash": "836fa4172233e22c3b68a9b92f0b4864d3681bab", "best_bid": "0.45", "best_ask": "0.55"}, {"asset_id": "52657166232134623290821106971243729012971210837922432211056635796074841723388", "price": "0.55", "size": "8.5", "side": "SELL", "hash": "f7a999df74de057a7f7fdb5beaf213a278612d7c", "best_bid": "0.45", "best_ask": "0.55"}], "timestamp": "1769384205607", "event_type": "price_change"}}
{"_local_timestamp": "2026-01-25T23:36:45.691411+00:00", "data": {"market": "0x75852c511f568cf2a6e853d5e81f61a72f5b73fa446e035760cd7e294b33d450", "price_changes": [{"asset_id": "52657166232134623290821106971243729012971210837922432211056635796074841723388", "price": "0.46", "size": "8.5", "side": "BUY", "hash": "7a2410bc9f8dda30d9919411f719846e57afbd6d", "best_bid": "0.46", "best_ask": "0.55"}, {"asset_id": "6354356652197293692968693639725410416779430913330083636355426615586916351473", "price": "0.54", "size": "8.5", "side": "SELL", "hash": "6a446e1a414693660243b9ba2363b3cff152c5c6", "best_bid": "0.45", "best_ask": "0.54"}], "timestamp": "1769384205608", "event_type": "price_change"}}
{"_local_timestamp": "2026-01-25T23:36:47.605613+00:00", "data": {"market": "0x75852c511f568cf2a6e853d5e81f61a72f5b73fa446e035760cd7e294b33d450", "price_changes": [{"asset_id": "6354356652197293692968693639725410416779430913330083636355426615586916351473", "price": "0.44", "size": "0", "side": "BUY", "hash": "0429b88d68ba498083c584ca4c84539e7e520d17", "best_bid": "0.45", "best_ask": "0.54"}, {"asset_id": "52657166232134623290821106971243729012971210837922432211056635796074841723388", "price": "0.56", "size": "0", "side": "SELL", "hash": "8103b1d900315724d6b208a0a97ba97c4b35a24c", "best_bid": "0.46", "best_ask": "0.55"}], "timestamp": "1769384207534", "event_type": "price_change"}}
{"_local_timestamp": "2026-01-25T23:36:47.922510+00:00", "data": {"market": "0x75852c511f568cf2a6e853d5e81f61a72f5b73fa446e035760cd7e294b33d450", "price_changes": [{"asset_id": "6354356652197293692968693639725410416779430913330083636355426615586916351473", "price": "0.46", "size": "150", "side": "BUY", "hash": "3400be06ef8c784c08d57bc7c704164e553e3014", "best_bid": "0.46", "best_ask": "0.54"}, {"asset_id": "52657166232134623290821106971243729012971210837922432211056635796074841723388", "price": "0.54", "size": "150", "side": "SELL", "hash": "f03982aa1deabf2a1fbfa0e0d82a8802d83f2e39", "best_bid": "0.46", "best_ask": "0.54"}], "timestamp": "1769384207852", "event_type": "price_change"}}
{"_local_timestamp": "2026-01-25T23:36:52.246249+00:00", "data": {"market": "0x75852c511f568cf2a6e853d5e81f61a72f5b73fa446e035760cd7e294b33d450", "price_changes": [{"asset_id": "6354356652197293692968693639725410416779430913330083636355426615586916351473", "price": "0.45", "size": "0", "side": "BUY", "hash": "e1c2b606ee01957c0c4e9c88c890fc7b11920b34", "best_bid": "0.46", "best_ask": "0.54"}, {"asset_id": "52657166232134623290821106971243729012971210837922432211056635796074841723388", "price": "0.55", "size": "0", "side": "SELL", "hash": "833c9075fa1be993dca6e6cfb7b752713d64ff34", "best_bid": "0.46", "best_ask": "0.54"}], "timestamp": "1769384212178", "event_type": "price_change"}}
{"_local_timestamp": "2026-01-25T23:36:52.246866+00:00", "data": {"market": "0x75852c511f568cf2a6e853d5e81f61a72f5b73fa446e035760cd7e294b33d450", "price_changes": [{"asset_id": "52657166232134623290821106971243729012971210837922432211056635796074841723388", "price": "0.46", "size": "0", "side": "BUY", "hash": "b3dd23b0e93037c882f154242ad668925bc0fbec", "best_bid": "0.45", "best_ask": "0.54"}, {"asset_id": "6354356652197293692968693639725410416779430913330083636355426615586916351473", "price": "0.54", "size": "0", "side": "SELL", "hash": "86b1086f6082e5c47f2618b67e5afd7bfe527971", "best_bid": "0.46", "best_ask": "0.55"}], "timestamp": "1769384212178", "event_type": "price_change"}}
{"_local_timestamp": "2026-01-25T23:36:53.096741+00:00", "data": {"market": "0x75852c511f568cf2a6e853d5e81f61a72f5b73fa446e035760cd7e294b33d450", "price_changes": [{"asset_id": "6354356652197293692968693639725410416779430913330083636355426615586916351473", "price": "0.46", "size": "0", "side": "BUY", "hash": "b1e6f740920967a2d0ef6beb162fba80a86b091e", "best_bid": "0.43", "best_ask": "0.55"}, {"asset_id": "52657166232134623290821106971243729012971210837922432211056635796074841723388", "price": "0.54", "size": "0", "side": "SELL", "hash": "6c3d6d3e4e19161636783433d0c49e48bb9d1683", "best_bid": "0.45", "best_ask": "0.57"}], "timestamp": "1769384213005", "event_type": "price_change"}}
{"_local_timestamp": "2026-01-25T23:36:53.338832+00:00", "data": {"market": "0x75852c511f568cf2a6e853d5e81f61a72f5b73fa446e035760cd7e294b33d450", "price_changes": [{"asset_id": "6354356652197293692968693639725410416779430913330083636355426615586916351473", "price": "0.44", "size": "150", "side": "BUY", "hash": "a54a26bafaeec8da6437fce2abd866ccd468c947", "best_bid": "0.44", "best_ask": "0.55"}, {"asset_id": "52657166232134623290821106971243729012971210837922432211056635796074841723388", "price": "0.56", "size": "150", "side": "SELL", "hash": "72029c50a9c538fbb3aedc50381fd5597b6c1256", "best_bid": "0.45", "best_ask": "0.56"}], "timestamp": "1769384213267", "event_type": "price_change"}}
{"_local_timestamp": "2026-01-25T23:36:58.336258+00:00", "data": {"market": "0x75852c511f568cf2a6e853d5e81f61a72f5b73fa446e035760cd7e294b33d450", "price_changes": [{"asset_id": "6354356652197293692968693639725410416779430913330083636355426615586916351473", "price": "0.45", "size": "8.5", "side": "BUY", "hash": "788f8d1c6eaddb3251f92825b76085860853548f", "best_bid": "0.45", "best_ask": "0.55"}, {"asset_id": "52657166232134623290821106971243729012971210837922432211056635796074841723388", "price": "0.55", "size": "8.5", "side": "SELL", "hash": "b1a5e79936a00449cb856cf6ad6b35e253d60ef6", "best_bid": "0.45", "best_ask": "0.55"}], "timestamp": "1769384218131", "event_type": "price_change"}}
{"_local_timestamp": "2026-01-25T23:36:58.336920+00:00", "data": {"market": "0x75852c511f568cf2a6e853d5e81f61a72f5b73fa446e035760cd7e294b33d450", "price_changes": [{"asset_id": "52657166232134623290821106971243729012971210837922432211056635796074841723388", "price": "0.46", "size": "8.5", "side": "BUY", "hash": "d0543b803b901fc7ee445c8dacf0586c0beae2ef", "best_bid": "0.46", "best_ask": "0.55"}, {"asset_id": "6354356652197293692968693639725410416779430913330083636355426615586916351473", "price": "0.54", "size": "8.5", "side": "SELL", "hash": "ce7d925dc9a9588ab9c33db32377c3b309592df8", "best_bid": "0.45", "best_ask": "0.54"}], "timestamp": "1769384218131", "event_type": "price_change"}}
{"_local_timestamp": "2026-01-25T23:36:58.601456+00:00", "data": {"market": "0x75852c511f568cf2a6e853d5e81f61a72f5b73fa446e035760cd7e294b33d450", "price_changes": [{"asset_id": "6354356652197293692968693639725410416779430913330083636355426615586916351473", "price": "0.44", "size": "0", "side": "BUY", "hash": "24494d083bd312e0728ea5ed65d728c75c036b28", "best_bid": "0.45", "best_ask": "0.54"}, {"asset_id": "52657166232134623290821106971243729012971210837922432211056635796074841723388", "price": "0.56", "size": "0", "side": "SELL", "hash": "64d13d2a314d74cdce6e6f8459326e747ff17eb7", "best_bid": "0.46", "best_ask": "0.55"}], "timestamp": "1769384218504", "event_type": "price_change"}}
{"_local_timestamp": "2026-01-25T23:36:59.029587+00:00", "data": {"market": "0x75852c511f568cf2a6e853d5e81f61a72f5b73fa446e035760cd7e294b33d450", "price_changes": [{"asset_id": "6354356652197293692968693639725410416779430913330083636355426615586916351473", "price": "0.46", "size": "150", "side": "BUY", "hash": "050379db7909b098b1ca012c7fcdd2688af13434", "best_bid": "0.46", "best_ask": "0.54"}, {"asset_id": "52657166232134623290821106971243729012971210837922432211056635796074841723388", "price": "0.54", "size": "150", "side": "SELL", "hash": "7e449e9511bf53447f267997a12caf86f11054c0", "best_bid": "0.46", "best_ask": "0.54"}], "timestamp": "1769384218787", "event_type": "price_change"}}
