{"_local_timestamp": "2026-01-25T23:33:45.483735+00:00", "data": [{"market": "0xf74cb0a061cefd961c1cf25e01049535932475e70f71f195ea722f186d196d53", "asset_id": "93201806067253828093075485814084103779068660859522529359715011769149465909731", "timestamp": "1769383843610", "hash": "950c1657d0d8cbc3eea9030471dc4814cb8bd01b", "bids": [{"price": "0.01", "size": "1034.6"}, {"price": "0.02", "size": "11.93"}, {"price": "0.03", "size": "300"}, {"price": "0.04", "size": "1108.17"}, {"price": "0.05", "size": "30"}, {"price": "0.06", "size": "33"}, {"price": "0.07", "size": "6.34"}, {"price": "0.1", "size": "130"}, {"price": "0.12", "size": "91.66"}, {"price": "0.13", "size": "6.65"}, {"price": "0.16", "size": "116"}, {"price": "0.27", "size": "10"}, {"price": "0.28", "size": "150"}], "asks": [{"price": "0.99", "size": "1035.33"}, {"price": "0.98", "size": "500"}, {"price": "0.97", "size": "905.83"}, {"price": "0.96", "size": "42"}, {"price": "0.95", "size": "20"}, {"price": "0.93", "size": "12"}, {"price": "0.92", "size": "5.1"}, {"price": "0.83", "size": "76.47"}, {"price": "0.82", "size": "61.11"}, {"price": "0.71", "size": "10"}, {"price": "0.7", "size": "150"}], "event_type": "book", "last_trade_price": ""}, {"market": "0x76038b9ce5d79ddaa39c03d61b2d95fee86ebd25ef030666e285ae8fb5954238", "asset_id": "45911579746569815526314522648824978945248417250261286795382233368143495038147", "timestamp": "1769383838824", "hash": "6be5b432677cf50ff3257407136763995dee40b4", "bids": [{"price": "0.01", "size": "126.64"}, {"price": "0.02", "size": "21.55"}, {"price": "0.04", "size": "1200"}, {"price": "0.05", "size": "230"}, {"price": "0.06", "size": "33"}, {"price": "0.07", "size": "8.43"}, {"price": "0.11", "size": "218.18"}, {"price": "0.13", "size": "84.61"}, {"price": "0.14", "size": "42"}, {"price": "0.15", "size": "5.75"}, {"price": "0.3", "size": "10"}, {"price": "0.31", "size": "150"}], "asks": [{"price": "0.99", "size": "131.52"}, {"price": "0.98", "size": "700"}, {"price": "0.97", "size": "5.08"}, {"price": "0.96", "size": "73.83"}, {"price": "0.94", "size": "6.64"}, {"price": "0.93", "size": "12.27"}, {"price": "0.92", "size": "162.5"}, {"price": "0.9", "size": "110"}, {"price": "0.89", "size": "55"}, {"price": "0.84", "size": "10"}, {"price": "0.83", "size": "150"}], "event_type": "book", "last_trade_price": ""}, {"market": "0xf62c465e9375bf565eda493fd92ed9c55f58340c726dbbf06f49d79c11e61b89", "asset_id": "87122443366615906205431831335561310496113663773105620735177394679592401307873", "timestamp": "1769383838824", "hash": "1bbebf5d26d2774d64851a9ea3343157f0e2446a", "bids": [{"price": "0.01", "size": "1027"}, {"price": "0.02", "size": "509.07"}, {"price": "0.03", "size": "900"}, {"price": "0.04", "size": "42"}, {"price": "0.05", "size": "20"}, {"price": "0.06", "size": "8.08"}, {"price": "0.07", "size": "17.47"}, {"price": "0.16", "size": "81.25"}, {"price": "0.17", "size": "64.7"}, {"price": "0.23", "size": "10"}, {"price": "0.24", "size": "150"}], "asks": [{"price": "0.99", "size": "1034.94"}, {"price": "0.98", "size": "46.34"}, {"price": "0.97", "size": "300"}, {"price": "0.96", "size": "1108.4"}, {"price": "0.95", "size": "30"}, {"price": "0.94", "size": "33"}, {"price": "0.93", "size": "8.68"}, {"price": "0.87", "size": "200"}, {"price": "0.86", "size": "78.57"}, {"price": "0.85", "size": "64"}, {"price": "0.74", "size": "10"}, {"price": "0.73", "size": "150"}], "event_type": "book", "last_trade_price": ""}, {"market": "0xf62c465e9375bf565eda493fd92ed9c55f58340c726dbbf06f49d79c11e61b89", "asset_id": "48529156804303955621433547170524391602069839051037161980333156833727384439785", "timestamp": "1769383838824", "hash": "f32517bab3fa98fee04161bed433974f91127023", "bids": [{"price": "0.01", "size": "1034.94"}, {"price": "0.02", "size": "46.34"}, {"price": "0.03", "size": "300"}, {"price": "0.04", "size": "1108.4"}, {"price": "0.05", "size": "30"}, {"price": "0.06", "size": "33"}, {"price": "0.07", "size": "8.68"}, {"price": "0.13", "size": "200"}, {"price": "0.14", "size": "78.57"}, {"price": "0.15", "size": "64"}, {"price": "0.26", "size": "10"}, {"price": "0.27", "size": "150"}], "asks": [{"price": "0.99", "size": "1027"}, {"price": "0.98", "size": "509.07"}, {"price": "0.97", "size": "900"}, {"price": "0.96", "size": "42"}, {"price": "0.95", "size": "20"}, {"price": "0.94", "size": "8.08"}, {"price": "0.93", "size": "17.47"}, {"price": "0.84", "size": "81.25"}, {"price": "0.83", "size": "64.7"}, {"price": "0.77", "size": "10"}, {"price": "0.76", "size": "150"}], "event_type": "book", "last_trade_price": ""}, {"market": "0x76038b9ce5d79ddaa39c03d61b2d95fee86ebd25ef030666e285ae8fb5954238", "asset_id": "97014202602137775264043312108936296839602935754164280253569515335320864037203", "timestamp": "1769383838824", "hash": "ef47c3f12ee317485cb59b3325b00754fbe0eafc", "bids": [{"price": "0.01", "size": "131.52"}, {"price": "0.02", "size": "700"}, {"price": "0.03", "size": "5.08"}, {"price": "0.04", "size": "73.83"}, {"price": "0.06", "size": "6.64"}, {"price": "0.07", "size": "12.27"}, {"price": "0.08", "size": "162.5"}, {"price": "0.1", "size": "110"}, {"price": "0.11", "size": "55"}, {"price": "0.16", "size": "10"}, {"price": "0.17", "size": "150"}], "asks": [{"price": "0.99", "size": "126.64"}, {"price": "0.98", "size": "21.55"}, {"price": "0.96", "size": "1200"}, {"price": "0.95", "size": "230"}, {"price": "0.94", "size": "33"}, {"price": "0.93", "size": "8.43"}, {"price": "0.89", "size": "218.18"}, {"price": "0.87", "size": "84.61"}, {"price": "0.86", "size": "42"}, {"price": "0.85", "size": "5.75"}, {"price": "0.7", "size": "10"}, {"price": "0.69", "size": "150"}], "event_type": "book", "last_trade_price": ""}, {"market": "0xf74cb0a061cefd961c1cf25e01049535932475e70f71f195ea722f186d196d53", "asset_id": "96751645511849306171172138950813401619642835600671118162965751657515742075854", "timestamp": "1769383843610", "hash": "fe5be9f88fc659e11380ac1b4b84e7e0c22de1f1", "bids": [{"price": "0.01", "size": "1035.33"}, {"price": "0.02", "size": "500"}, {"price": "0.03", "size": "905.83"}, {"price": "0.04", "size": "42"}, {"price": "0.05", "size": "20"}, {"price": "0.07", "size": "12"}, {"price": "0.08", "size": "5.1"}, {"price": "0.17", "size": "76.47"}, {"price": "0.18", "size": "61.11"}, {"price": "0.29", "size": "10"}, {"price": "0.3", "size": "150"}], "asks": [{"price": "0.99", "size": "1034.6"}, {"price": "0.98", "size": "11.93"}, {"price": "0.97", "size": "300"}, {"price": "0.96", "size": "1108.17"}, {"price": "0.95", "size": "30"}, {"price": "0.94", "size": "33"}, {"price": "0.93", "size": "6.34"}, {"price": "0.9", "size": "130"}, {"price": "0.88", "size": "91.66"}, {"price": "0.87", "size": "6.65"}, {"price": "0.84", "size": "116"}, {"price": "0.73", "size": "10"}, {"price": "0.72", "size": "150"}], "event_type": "book", "last_trade_price": ""}]}
{"_local_timestamp": "2026-01-25T23:34:25.795925+00:00", "data": {"market": "0x76038b9ce5d79ddaa39c03d61b2d95fee86ebd25ef030666e285ae8fb5954238", "price_changes": [{"asset_id": "45911579746569815526314522648824978945248417250261286795382233368143495038147", "price": "0.31", "size": "308", "side": "BUY", "hash": "b97144d32093e4a11ecaaa2c808a93cce8466282", "best_bid": "0.31", "best_ask": "0.83"}, {"asset_id": "97014202602137775264043312108936296839602935754164280253569515335320864037203", "price": "0.69", "size": "308", "side": "SELL", "hash": "4b9c5a299ef33b2b9f6af0ac14236a717ab30635", "best_bid": "0.17", "best_ask": "0.69"}], "timestamp": "1769384065546", "event_type": "price_change"}}
{"_local_timestamp": "2026-01-25T23:34:25.800119+00:00", "data": {"market": "0xf74cb0a061cefd961c1cf25e01049535932475e70f71f195ea722f186d196d53", "price_changes": [{"asset_id": "93201806067253828093075485814084103779068660859522529359715011769149465909731", "price": "0.29", "size": "316.66", "side": "BUY", "hash": "bd191bf515ccc90288c527b3b41b7dbe9b19e0a5", "best_bid": "0.29", "best_ask": "0.7"}, {"asset_id": "96751645511849306171172138950813401619642835600671118162965751657515742075854", "price": "0.71", "size": "316.66", "side": "SELL", "hash": "6f1b1a62e1c72501022bff76012a0468a99afd5f", "best_bid": "0.3", "best_ask": "0.71"}], "timestamp": "1769384065546", "event_type": "price_change"}}
{"_local_timestamp": "2026-01-25T23:34:25.800888+00:00", "data": {"market": "0xf74cb0a061cefd961c1cf25e01049535932475e70f71f195ea722f186d196d53", "price_changes": [{"asset_id": "93201806067253828093075485814084103779068660859522529359715011769149465909731", "price": "0.28", "size": "229", "side": "BUY", "hash": "0eb2b2fd97ca9707e15bd55222b87a552419903f", "best_bid": "0.29", "best_ask": "0.7"}, {"asset_id": "96751645511849306171172138950813401619642835600671118162965751657515742075854", "price": "0.72", "size": "229", "side": "SELL", "hash": "b21a0722822c883ca1a9683219d32b0c7d5d9ff4", "best_bid": "0.3", "best_ask": "0.71"}], "timestamp": "1769384065547", "event_type": "price_change"}}
{"_local_timestamp": "2026-01-25T23:34:25.802139+00:00", "data": {"market": "0xf62c465e9375bf565eda493fd92ed9c55f58340c726dbbf06f49d79c11e61b89", "price_changes": [{"asset_id": "48529156804303955621433547170524391602069839051037161980333156833727384439785", "price": "0.28", "size": "316.66", "side": "BUY", "hash": "548ef5295d18922a90a38736d18a82d613604d94", "best_bid": "0.28", "best_ask": "0.76"}, {"asset_id": "87122443366615906205431831335561310496113663773105620735177394679592401307873", "price": "0.72", "size": "316.66", "side": "SELL", "hash": "107276bb0b552e0b99e2cf096f66707cdc65f05d", "best_bid": "0.24", "best_ask": "0.72"}], "timestamp": "1769384065546", "event_type": "price_change"}}
{"_local_timestamp": "2026-01-25T23:34:25.803085+00:00", "data": {"market": "0x76038b9ce5d79ddaa39c03d61b2d95fee86ebd25ef030666e285ae8fb5954238", "price_changes": [{"asset_id": "45911579746569815526314522648824978945248417250261286795382233368143495038147", "price": "0.32", "size": "316.66", "side": "BUY", "hash": "c03432cac6d7f3a36d0dacd7e71eb759eff9d852", "best_bid": "0.32", "best_ask": "0.83"}, {"asset_id": "97014202602137775264043312108936296839602935754164280253569515335320864037203", "price": "0.68", "size": "316.66", "side": "SELL", "hash": "7853caff230556366a433700feacdccf69e84a51", "best_bid": "0.17", "best_ask": "0.68"}], "timestamp": "1769384065547", "event_type": "price_change"}}
{"_local_timestamp": "2026-01-25T23:34:25.803461+00:00", "data": {"market": "0xf62c465e9375bf565eda493fd92ed9c55f58340c726dbbf06f49d79c11e61b89", "price_changes": [{"asset_id": "48529156804303955621433547170524391602069839051037161980333156833727384439785", "price": "0.27", "size": "308", "side": "BUY", "hash": "1859cb6490ad6a6891c9e7bba8c3c6faf65b399a", "best_bid": "0.28", "best_ask": "0.76"}, {"asset_id": "87122443366615906205431831335561310496113663773105620735177394679592401307873", "price": "0.73", "size": "308", "side": "SELL", "hash": "c701391f13e78bb85325f90caeeb61813e8c7d28", "best_bid": "0.24", "best_ask": "0.72"}], "timestamp": "1769384065547", "event_type": "price_change"}}
{"_local_timestamp": "2026-01-25T23:34:29.743769+00:00", "data": {"market": "0xf74cb0a061cefd961c1cf25e01049535932475e70f71f195ea722f186d196d53", "price_changes": [{"asset_id": "93201806067253828093075485814084103779068660859522529359715011769149465909731", "price": "0.28", "size": "79", "side": "BUY", "hash": "9e04d20a4794e7d2aafddc2c37e3b471d422ba51", "best_bid": "0.29", "best_ask": "0.7"}, {"asset_id": "96751645511849306171172138950813401619642835600671118162965751657515742075854", "price": "0.72", "size": "79", "side": "SELL", "hash": "8f952a8efec95fda9176a9c934cc7f621d0cd18f", "best_bid": "0.3", "best_ask": "0.71"}], "timestamp": "1769384069524", "event_type": "price_change"}}
{"_local_timestamp": "2026-01-25T23:34:29.744283+00:00", "data": {"market": "0x76038b9ce5d79ddaa39c03d61b2d95fee86ebd25ef030666e285ae8fb5954238", "price_changes": [{"asset_id": "45911579746569815526314522648824978945248417250261286795382233368143495038147", "price": "0.31", "size": "158", "side": "BUY", "hash": "e2a10c2d1b17b3b4dfae657aec05dbf44813fd29", "best_bid": "0.32", "best_ask": "0.83"}, {"asset_id": "97014202602137775264043312108936296839602935754164280253569515335320864037203", "price": "0.69", "size": "158", "side": "SELL", "hash": "18cf1b49bb89dd3b5fac6f8f15bef66d3e33f6d0", "best_bid": "0.17", "best_ask": "0.68"}], "timestamp": "1769384069524", "event_type": "price_change"}}
{"_local_timestamp": "2026-01-25T23:34:29.744865+00:00", "data": {"market": "0xf62c465e9375bf565eda493fd92ed9c55f58340c726dbbf06f49d79c11e61b89", "price_changes": [{"asset_id": "48529156804303955621433547170524391602069839051037161980333156833727384439785", "price": "0.27", "size": "158", "side": "BUY", "hash": "65cc212f35a89e525732bf6aecc928c994f0a03a", "best_bid": "0.28", "best_ask": "0.76"}, {"asset_id": "87122443366615906205431831335561310496113663773105620735177394679592401307873", "price": "0.73", "size": "158", "side": "SELL", "hash": "711f092765cc63cbd57c0a065658a51199c2dbc8", "best_bid": "0.24", "best_ask": "0.72"}], "timestamp": "1769384069524", "event_type": "price_change"}}
{"_local_timestamp": "2026-01-25T23:34:30.453516+00:00", "data": {"market": "0xf62c465e9375bf565eda493fd92ed9c55f58340c726dbbf06f49d79c11e61b89", "price_changes": [{"asset_id": "48529156804303955621433547170524391602069839051037161980333156833727384439785", "price": "0.29", "size": "150", "side": "BUY", "hash": "9c4437ef0ec50c39c0f4be3b6701907225e5f870", "best_bid": "0.29", "best_ask": "0.76"}, {"asset_id": "87122443366615906205431831335561310496113663773105620735177394679592401307873", "price": "0.71", "size": "150", "side": "SELL", "hash": "83c300b5de21bde385c0d0d0caf9922d853ffd8f", "best_bid": "0.24", "best_ask": "0.71"}], "timestamp": "1769384070120", "event_type": "price_change"}}
{"_local_timestamp": "2026-01-25T23:34:30.471158+00:00", "data": {"market": "0xf74cb0a061cefd961c1cf25e01049535932475e70f71f195ea722f186d196d53", "price_changes": [{"asset_id": "93201806067253828093075485814084103779068660859522529359715011769149465909731", "price": "0.3", "size": "150", "side": "BUY", "hash": "7eac8585069d35f633e440681e5fd7314c332a23", "best_bid": "0.3", "best_ask": "0.7"}, {"asset_id": "96751645511849306171172138950813401619642835600671118162965751657515742075854", "price": "0.7", "size": "150", "side": "SELL", "hash": "0dd8ea67d786e8c2297ae3bb287890b8b894bf50", "best_bid": "0.3", "best_ask": "0.7"}], "timestamp": "1769384070143", "event_type": "price_change"}}
{"_local_timestamp": "2026-01-25T23:34:30.474902+00:00", "data": {"market": "0x76038b9ce5d79ddaa39c03d61b2d95fee86ebd25ef030666e285ae8fb5954238", "price_changes": [{"asset_id": "45911579746569815526314522648824978945248417250261286795382233368143495038147", "price": "0.33", "size": "150", "side": "BUY", "hash": "ba6d932b2fa56e7532447b5f063c1bd577aa27ff", "best_bid": "0.33", "best_ask": "0.83"}, {"asset_id": "97014202602137775264043312108936296839602935754164280253569515335320864037203", "price": "0.67", "size": "150", "side": "SELL", "hash": "ff55a8135b33e949980da823256f4dd47d49dc50", "best_bid": "0.17", "best_ask": "0.67"}], "timestamp": "1769384070144", "event_type": "price_change"}}
{"_local_timestamp": "2026-01-25T23:34:49.030685+00:00", "data": {"market": "0xf62c465e9375bf565eda493fd92ed9c55f58340c726dbbf06f49d79c11e61b89", "price_changes": [{"asset_id": "48529156804303955621433547170524391602069839051037161980333156833727384439785", "price": "0.02", "size": "6.74", "side": "BUY", "hash": "d2be62151f2444143b764eb8eac2878f68b17604", "best_bid": "0.29", "best_ask": "0.76"}, {"asset_id": "87122443366615906205431831335561310496113663773105620735177394679592401307873", "price": "0.98", "size": "6.74", "side": "SELL", "hash": "9f0f9c6251a580cce8e3eb468cf9a062417bc002", "best_bid": "0.24", "best_ask": "0.71"}], "timestamp": "1769384088959", "event_type": "price_change"}}
{"_local_timestamp": "2026-01-25T23:34:50.197205+00:00", "data": {"market": "0xf62c465e9375bf565eda493fd92ed9c55f58340c726dbbf06f49d79c11e61b89", "price_changes": [{"asset_id": "48529156804303955621433547170524391602069839051037161980333156833727384439785", "price": "0.02", "size": "46.34", "side": "BUY", "hash": "8f7961144f54f81a1a8d5bcba2d3eec0e7a55331", "best_bid": "0.29", "best_ask": "0.76"}, {"asset_id": "87122443366615906205431831335561310496113663773105620735177394679592401307873", "price": "0.98", "size": "46.34", "side": "SELL", "hash": "4ca245ac9818c5d2dfaba15c7913cff0a6124d92", "best_bid": "0.24", "best_ask": "0.71"}], "timestamp": "1769384090074", "event_type": "price_change"}}
{"_local_timestamp": "2026-01-25T23:34:58.925643+00:00", "data": {"market": "0xf62c465e9375bf565eda493fd92ed9c55f58340c726dbbf06f49d79c11e61b89", "price_changes": [{"asset_id": "48529156804303955621433547170524391602069839051037161980333156833727384439785", "price": "0.28", "size": "0", "side": "BUY", "hash": "5541e10946db3904573c6ed8a6e9edaa07dc624b", "best_bid": "0.29", "best_ask": "0.76"}, {"asset_id": "87122443366615906205431831335561310496113663773105620735177394679592401307873", "price": "0.72", "size": "0", "side": "SELL", "hash": "8e8b2ffb1bcc2256d8090cd1a29a57ab319cb960", "best_bid": "0.24", "best_ask": "0.71"}], "timestamp": "1769384098856", "event_type": "price_change"}}
{"_local_timestamp": "2026-01-25T23:34:58.926150+00:00", "data": {"market": "0xf62c465e9375bf565eda493fd92ed9c55f58340c726dbbf06f49d79c11e61b89", "price_changes": [{"asset_id": "48529156804303955621433547170524391602069839051037161980333156833727384439785", "price": "0.27", "size": "0", "side": "BUY", "hash": "5541e10946db3904573c6ed8a6e9edaa07dc624b", "best_bid": "0.29", "best_ask": "0.76"}, {"asset_id": "87122443366615906205431831335561310496113663773105620735177394679592401307873", "price": "0.73", "size": "0", "side": "SELL", "hash": "8e8b2ffb1bcc2256d8090cd1a29a57ab319cb960", "best_bid": "0.24", "best_ask": "0.71"}], "timestamp": "1769384098856", "event_type": "price_change"}}
{"_local_timestamp": "2026-01-25T23:34:58.926534+00:00", "data": {"market": "0x76038b9ce5d79ddaa39c03d61b2d95fee86ebd25ef030666e285ae8fb5954238", "price_changes": [{"asset_id": "45911579746569815526314522648824978945248417250261286795382233368143495038147", "price": "0.32", "size": "0", "side": "BUY", "hash": "52f036d891bafe372c8f22492545028fa0cf2d90", "best_bid": "0.33", "best_ask": "0.83"}, {"asset_id": "97014202602137775264043312108936296839602935754164280253569515335320864037203", "price": "0.68", "size": "0", "side": "SELL", "hash": "7aa0bf28fd61ad7d78ff78fab262e272998e9f94", "best_bid": "0.17", "best_ask": "0.67"}], "timestamp": "1769384098856", "event_type": "price_change"}}
{"_local_timestamp": "2026-01-25T23:34:58.926880+00:00", "data": {"market": "0x76038b9ce5d79ddaa39c03d61b2d95fee86ebd25ef030666e285ae8fb5954238", "price_changes": [{"asset_id": "45911579746569815526314522648824978945248417250261286795382233368143495038147", "price": "0.31", "size": "0", "side": "BUY", "hash": "52f036d891bafe372c8f22492545028fa0cf2d90", "best_bid": "0.33", "best_ask": "0.83"}, {"asset_id": "97014202602137775264043312108936296839602935754164280253569515335320864037203", "price": "0.69", "size": "0", "side": "SELL", "hash": "7aa0bf28fd61ad7d78ff78fab262e272998e9f94", "best_bid": "0.17", "best_ask": "0.67"}], "timestamp": "1769384098856", "event_type": "price_change"}}
{"_local_timestamp": "2026-01-25T23:34:58.928696+00:00", "data": {"market": "0xf74cb0a061cefd961c1cf25e01049535932475e70f71f195ea722f186d196d53", "price_changes": [{"asset_id": "93201806067253828093075485814084103779068660859522529359715011769149465909731", "price": "0.29", "size": "0", "side": "BUY", "hash": "5294ae8b292f81b63084c425d80bf1ab803cff8c", "best_bid": "0.3", "best_ask": "0.7"}, {"asset_id": "96751645511849306171172138950813401619642835600671118162965751657515742075854", "price": "0.71", "size": "0", "side": "SELL", "hash": "30648e603dfbdd04fc3b2d775e36296ec9aabc19", "best_bid": "0.3", "best_ask": "0.7"}], "timestamp": "1769384098856", "event_type": "price_change"}}
{"_local_timestamp": "2026-01-25T23:34:58.929088+00:00", "data": {"market": "0xf74cb0a061cefd961c1cf25e01049535932475e70f71f195ea722f186d196d53", "price_changes": [{"asset_id": "93201806067253828093075485814084103779068660859522529359715011769149465909731", "price": "0.28", "size": "0", "side": "BUY", "hash": "5294ae8b292f81b63084c425d80bf1ab803cff8c", "best_bid": "0.3", "best_ask": "0.7"}, {"asset_id": "96751645511849306171172138950813401619642835600671118162965751657515742075854", "price": "0.72", "size": "0", "side": "SELL", "hash": "30648e603dfbdd04fc3b2d775e36296ec9aabc19", "best_bid": "0.3", "best_ask": "0.7"}], "timestamp": "1769384098856", "event_type": "price_change"}}
{"_local_timestamp": "2026-01-25T23:35:02.969057+00:00", "data": {"market": "0xf74cb0a061cefd961c1cf25e01049535932475e70f71f195ea722f186d196d53", "price_changes": [{"asset_id": "93201806067253828093075485814084103779068660859522529359715011769149465909731", "price": "0.3", "size": "0", "side": "BUY", "hash": "d7d6faf2068bd85f8dddd45d37afb3415763adde", "best_bid": "0.27", "best_ask": "0.7"}, {"asset_id": "96751645511849306171172138950813401619642835600671118162965751657515742075854", "price": "0.7", "size": "0", "side": "SELL", "hash": "90c9c309960295263889acc100637972568955f4", "best_bid": "0.3", "best_ask": "0.73"}], "timestamp": "1769384102878", "event_type": "price_change"}}
{"_local_timestamp": "2026-01-25T23:35:02.969830+00:00", "data": {"market": "0x76038b9ce5d79ddaa39c03d61b2d95fee86ebd25ef030666e285ae8fb5954238", "price_changes": [{"asset_id": "45911579746569815526314522648824978945248417250261286795382233368143495038147", "price": "0.33", "size": "0", "side": "BUY", "hash": "3b2530bc1703b53c89de9645681e44c54ef77246", "best_bid": "0.3", "best_ask": "0.83"}, {"asset_id": "97014202602137775264043312108936296839602935754164280253569515335320864037203", "price": "0.67", "size": "0", "side": "SELL", "hash": "32f965671bba6a82f35229c3e89415ccc10c8bcb", "best_bid": "0.17", "best_ask": "0.7"}], "timestamp": "1769384102878", "event_type": "price_change"}}
{"_local_timestamp": "2026-01-25T23:35:02.970256+00:00", "data": {"market": "0xf62c465e9375bf565eda493fd92ed9c55f58340c726dbbf06f49d79c11e61b89", "price_changes": [{"asset_id": "48529156804303955621433547170524391602069839051037161980333156833727384439785", "price": "0.29", "size": "0", "side": "BUY", "hash": "ccefa2f1dc911759b4e62ac34e10a5106a07476a", "best_bid": "0.26", "best_ask": "0.76"}, {"asset_id": "87122443366615906205431831335561310496113663773105620735177394679592401307873", "price": "0.71", "size": "0", "side": "SELL", "hash": "ee7996c864dbe728a613bb43e93c99014be0316c", "best_bid": "0.24", "best_ask": "0.74"}], "timestamp": "1769384102878", "event_type": "price_change"}}
{"_local_timestamp": "2026-01-25T23:35:03.657743+00:00", "data": {"market": "0xf74cb0a061cefd961c1cf25e01049535932475e70f71f195ea722f186d196d53", "price_changes": [{"asset_id": "93201806067253828093075485814084103779068660859522529359715011769149465909731", "price": "0.28", "size": "150", "side": "BUY", "hash": "57b28e0b1c635aa74fb4632a575c1afdc09008a7", "best_bid": "0.28", "best_ask": "0.7"}, {"asset_id": "96751645511849306171172138950813401619642835600671118162965751657515742075854", "price": "0.72", "size": "150", "side": "SELL", "hash": "2bb6a4538a379b1a268be8af9d8d85d22aa1b8ff", "best_bid": "0.3", "best_ask": "0.72"}], "timestamp": "1769384103580", "event_type": "price_change"}}
{"_local_timestamp": "2026-01-25T23:35:03.666312+00:00", "data": {"market": "0xf62c465e9375bf565eda493fd92ed9c55f58340c726dbbf06f49d79c11e61b89", "price_changes": [{"asset_id": "48529156804303955621433547170524391602069839051037161980333156833727384439785", "price": "0.27", "size": "150", "side": "BUY", "hash": "1e92f30b0bf8c4d89e3d44152bbfe0c640e6869b", "best_bid": "0.27", "best_ask": "0.76"}, {"asset_id": "87122443366615906205431831335561310496113663773105620735177394679592401307873", "price": "0.73", "size": "150", "side": "SELL", "hash": "73b9a1fad271d4568a5aaeeee6a5cf92e21e16b6", "best_bid": "0.24", "best_ask": "0.73"}], "timestamp": "1769384103582", "event_type": "price_change"}}
{"_local_timestamp": "2026-01-25T23:35:03.666858+00:00", "data": {"market": "0x76038b9ce5d79ddaa39c03d61b2d95fee86ebd25ef030666e285ae8fb5954238", "price_changes": [{"asset_id": "45911579746569815526314522648824978945248417250261286795382233368143495038147", "price": "0.31", "size": "150", "side": "BUY", "hash": "18c1ca29382b2814d2e58d798343ed7ddd0c6d56", "best_bid": "0.31", "best_ask": "0.83"}, {"asset_id": "97014202602137775264043312108936296839602935754164280253569515335320864037203", "price": "0.69", "size": "150", "side": "SELL", "hash": "b9d707824e6e208cd819349272f500ead2f47cd9", "best_bid": "0.17", "best_ask": "0.69"}], "timestamp": "1769384103583", "event_type": "price_change"}}
{"_local_timestamp": "2026-01-25T23:36:47.897315+00:00", "data": {"market": "0xf74cb0a061cefd961c1cf25e01049535932475e70f71f195ea722f186d196d53", "price_changes": [{"asset_id": "93201806067253828093075485814084103779068660859522529359715011769149465909731", "price": "0.04", "size": "708.17", "side": "BUY", "hash": "e64459266200adb8a670dfa2c00084616ad1c985", "best_bid": "0.28", "best_ask": "0.7"}, {"asset_id": "96751645511849306171172138950813401619642835600671118162965751657515742075854", "price": "0.96", "size": "708.17", "side": "SELL", "hash": "02a662022cdf99ebcbbfeb45e6d132c6a020a2af", "best_bid": "0.3", "best_ask": "0.72"}], "timestamp": "1769384207829", "event_type": "price_change"}}
{"_local_timestamp": "2026-01-25T23:36:47.898115+00:00", "data": {"market": "0xf74cb0a061cefd961c1cf25e01049535932475e70f71f195ea722f186d196d53", "price_changes": [{"asset_id": "93201806067253828093075485814084103779068660859522529359715011769149465909731", "price": "0.03", "size": "0", "side": "BUY", "hash": "e64459266200adb8a670dfa2c00084616ad1c985", "best_bid": "0.28", "best_ask": "0.7"}, {"asset_id": "96751645511849306171172138950813401619642835600671118162965751657515742075854", "price": "0.97", "size": "0", "side": "SELL", "hash": "02a662022cdf99ebcbbfeb45e6d132c6a020a2af", "best_bid": "0.3", "best_ask": "0.72"}], "timestamp": "1769384207829", "event_type": "price_change"}}
{"_local_timestamp": "2026-01-25T23:36:47.898520+00:00", "data": {"market": "0xf74cb0a061cefd961c1cf25e01049535932475e70f71f195ea722f186d196d53", "price_changes": [{"asset_id": "96751645511849306171172138950813401619642835600671118162965751657515742075854", "price": "0.02", "size": "0", "side": "BUY", "hash": "d06c69bd1c1b27a5e0a4670fb6cd7623f3266d94", "best_bid": "0.3", "best_ask": "0.72"}, {"asset_id": "93201806067253828093075485814084103779068660859522529359715011769149465909731", "price": "0.98", "size": "0", "side": "SELL", "hash": "06bd0f16075091554b928722fba0d2f8e8d68f8c", "best_bid": "0.28", "best_ask": "0.7"}], "timestamp": "1769384207829", "event_type": "price_change"}}
{"_local_timestamp": "2026-01-25T23:36:47.898864+00:00", "data": {"market": "0xf74cb0a061cefd961c1cf25e01049535932475e70f71f195ea722f186d196d53", "price_changes": [{"asset_id": "96751645511849306171172138950813401619642835600671118162965751657515742075854", "price": "0.03", "size": "705.83", "side": "BUY", "hash": "d06c69bd1c1b27a5e0a4670fb6cd7623f3266d94", "best_bid": "0.3", "best_ask": "0.72"}, {"asset_id": "93201806067253828093075485814084103779068660859522529359715011769149465909731", "price": "0.97", "size": "705.83", "side": "SELL", "hash": "06bd0f16075091554b928722fba0d2f8e8d68f8c", "best_bid": "0.28", "best_ask": "0.7"}], "timestamp": "1769384207829", "event_type": "price_change"}}
{"_local_timestamp": "2026-01-25T23:36:49.908806+00:00", "data": {"market": "0xf74cb0a061cefd961c1cf25e01049535932475e70f71f195ea722f186d196d53", "price_changes": [{"asset_id": "93201806067253828093075485814084103779068660859522529359715011769149465909731", "price": "0.13", "size": "81.65", "side": "BUY", "hash": "9a0aef10f23c5c100532b80569b4609573161cd5", "best_bid": "0.28", "best_ask": "0.7"}, {"asset_id": "96751645511849306171172138950813401619642835600671118162965751657515742075854", "price": "0.87", "size": "81.65", "side": "SELL", "hash": "6a6eebaa9004c37d29aee3d22d3134ad8afa40dd", "best_bid": "0.3", "best_ask": "0.72"}], "timestamp": "1769384209845", "event_type": "price_change"}}
{"_local_timestamp": "2026-01-25T23:36:49.913060+00:00", "data": {"market": "0xf74cb0a061cefd961c1cf25e01049535932475e70f71f195ea722f186d196d53", "price_changes": [{"asset_id": "93201806067253828093075485814084103779068660859522529359715011769149465909731", "price": "0.11", "size": "200", "side": "BUY", "hash": "90696d9598da880586ac54a0c7ff576d96ff8681", "best_bid": "0.28", "best_ask": "0.7"}, {"asset_id": "96751645511849306171172138950813401619642835600671118162965751657515742075854", "price": "0.89", "size": "200", "side": "SELL", "hash": "49c7b065a5717f1a63d1ccef0967ce40b5cf8e9a", "best_bid": "0.3", "best_ask": "0.72"}], "timestamp": "1769384209846", "event_type": "price_change"}}
{"_local_timestamp": "2026-01-25T23:36:49.914051+00:00", "data": {"market": "0xf74cb0a061cefd961c1cf25e01049535932475e70f71f195ea722f186d196d53", "price_changes": [{"asset_id": "96751645511849306171172138950813401619642835600671118162965751657515742075854", "price": "0.11", "size": "300", "side": "BUY", "hash": "fa4eb7928bebec1c7aa85f1504cd5847c886696a", "best_bid": "0.3", "best_ask": "0.72"}, {"asset_id": "93201806067253828093075485814084103779068660859522529359715011769149465909731", "price": "0.89", "size": "300", "side": "SELL", "hash": "954da4a9dc36fc5b419d5d7f029de06ff263f7ed", "best_bid": "0.28", "best_ask": "0.7"}], "timestamp": "1769384209848", "event_type": "price_change"}}
{"_local_timestamp": "2026-01-25T23:36:49.919231+00:00", "data": {"market": "0xf74cb0a061cefd961c1cf25e01049535932475e70f71f195ea722f186d196d53", "price_changes": [{"asset_id": "93201806067253828093075485814084103779068660859522529359715011769149465909731", "price": "0.12", "size": "216.66", "side": "BUY", "hash": "8bd7709cbe68bcda60c57ee5b952f723bcae9e57", "best_bid": "0.28", "best_ask": "0.7"}, {"asset_id": "96751645511849306171172138950813401619642835600671118162965751657515742075854", "price": "0.88", "size": "216.66", "side": "SELL", "hash": "d11eb588262fd36446fe4254e2205e346a1f4980", "best_bid": "0.3", "best_ask": "0.72"}], "timestamp": "1769384209849", "event_type": "price_change"}}
{"_local_timestamp": "2026-01-25T23:36:49.919704+00:00", "data": {"market": "0xf74cb0a061cefd961c1cf25e01049535932475e70f71f195ea722f186d196d53", "price_changes": [{"asset_id": "96751645511849306171172138950813401619642835600671118162965751657515742075854", "price": "0.14", "size": "125", "side": "BUY", "hash": "06b33241e9d4012fcb6dbd037e1b7ffd88f55d5c", "best_bid": "0.3", "best_ask": "0.72"}, {"asset_id": "93201806067253828093075485814084103779068660859522529359715011769149465909731", "price": "0.86", "size": "125", "side": "SELL", "hash": "53826412f3e8360d1897123915f05b9212486959", "best_bid": "0.28", "best_ask": "0.7"}], "timestamp": "1769384209851", "event_type": "price_change"}}
{"_local_timestamp": "2026-01-25T23:36:49.920078+00:00", "data": {"market": "0xf74cb0a061cefd961c1cf25e01049535932475e70f71f195ea722f186d196d53", "price_changes": [{"asset_id": "96751645511849306171172138950813401619642835600671118162965751657515742075854", "price": "0.13", "size": "200", "side": "BUY", "hash": "817fbb01a5c1fdf748ff63679f1b8b0e3b883a5f", "best_bid": "0.3", "best_ask": "0.72"}, {"asset_id": "93201806067253828093075485814084103779068660859522529359715011769149465909731", "price": "0.87", "size": "200", "side": "SELL", "hash": "0b08dd2461cb4a402b27b065045144ce7bd28ca8", "best_bid": "0.28", "best_ask": "0.7"}], "timestamp": "1769384209852", "event_type": "price_change"}}
{"_local_timestamp": "2026-01-25T23:36:49.921062+00:00", "data": {"market": "0xf74cb0a061cefd961c1cf25e01049535932475e70f71f195ea722f186d196d53", "price_changes": [{"asset_id": "93201806067253828093075485814084103779068660859522529359715011769149465909731", "price": "0.1", "size": "430", "side": "BUY", "hash": "679d9c6530301ae1018741e72bf0ed490f307e6a", "best_bid": "0.28", "best_ask": "0.7"}, {"asset_id": "96751645511849306171172138950813401619642835600671118162965751657515742075854", "price": "0.9", "size": "430", "side": "SELL", "hash": "f180245b752d85c45910919669020a09f5dc92d5", "best_bid": "0.3", "best_ask": "0.72"}], "timestamp": "1769384209854", "event_type": "price_change"}}
{"_local_timestamp": "2026-01-25T23:36:49.925122+00:00", "data": {"market": "0xf74cb0a061cefd961c1cf25e01049535932475e70f71f195ea722f186d196d53", "price_changes": [{"asset_id": "96751645511849306171172138950813401619642835600671118162965751657515742075854", "price": "0.15", "size": "75", "side": "BUY", "hash": "349d1f51faf3c6b3199fff9c1cbbc3f9cebfcf5b", "best_bid": "0.3", "best_ask": "0.72"}, {"asset_id": "93201806067253828093075485814084103779068660859522529359715011769149465909731", "price": "0.85", "size": "75", "side": "SELL", "hash": "766016e834e425ec177d9e7129a0b4b77896a7c8", "best_bid": "0.28", "best_ask": "0.7"}], "timestamp": "1769384209856", "event_type": "price_change"}}
{"_local_timestamp": "2026-01-25T23:36:50.134577+00:00", "data": {"market": "0x76038b9ce5d79ddaa39c03d61b2d95fee86ebd25ef030666e285ae8fb5954238", "price_changes": [{"asset_id": "97014202602137775264043312108936296839602935754164280253569515335320864037203", "price": "0.02", "size": "0", "side": "BUY", "hash": "070427a2580690af181e6dd4b0e914f1d9af465d", "best_bid": "0.17", "best_ask": "0.69"}, {"asset_id": "45911579746569815526314522648824978945248417250261286795382233368143495038147", "price": "0.98", "size": "0", "side": "SELL", "hash": "54c233560b78a661f1366b09119d8d549083c1c6", "best_bid": "0.31", "best_ask": "0.83"}], "timestamp": "1769384210038", "event_type": "price_change"}}
{"_local_timestamp": "2026-01-25T23:36:50.135128+00:00", "data": {"market": "0x76038b9ce5d79ddaa39c03d61b2d95fee86ebd25ef030666e285ae8fb5954238", "price_changes": [{"asset_id": "45911579746569815526314522648824978945248417250261286795382233368143495038147", "price": "0.04", "size": "700", "side": "BUY", "hash": "7b1667ca5832975c1b6eda2cab5d36917fb1e244", "best_bid": "0.31", "best_ask": "0.83"}, {"asset_id": "97014202602137775264043312108936296839602935754164280253569515335320864037203", "price": "0.96", "size": "700", "side": "SELL", "hash": "cf2cd02ad943303b4e63cced0ed990b0f4030bdc", "best_bid": "0.17", "best_ask": "0.69"}], "timestamp": "1769384210038", "event_type": "price_change"}}
{"_local_timestamp": "2026-01-25T23:36:50.135529+00:00", "data": {"market": "0x76038b9ce5d79ddaa39c03d61b2d95fee86ebd25ef030666e285ae8fb5954238", "price_changes": [{"asset_id": "45911579746569815526314522648824978945248417250261286795382233368143495038147", "price": "0.05", "size": "30", "side": "BUY", "hash": "7b1667ca5832975c1b6eda2cab5d36917fb1e244", "best_bid": "0.31", "best_ask": "0.83"}, {"asset_id": "97014202602137775264043312108936296839602935754164280253569515335320864037203", "price": "0.95", "size": "30", "side": "SELL", "hash": "cf2cd02ad943303b4e63cced0ed990b0f4030bdc", "best_bid": "0.17", "best_ask": "0.69"}], "timestamp": "1769384210038", "event_type": "price_change"}}
{"_local_timestamp": "2026-01-25T23:36:51.990347+00:00", "data": {"market": "0x76038b9ce5d79ddaa39c03d61b2d95fee86ebd25ef030666e285ae8fb5954238", "price_changes": [{"asset_id": "97014202602137775264043312108936296839602935754164280253569515335320864037203", "price": "0.08", "size": "287.5", "side": "BUY", "hash": "1e48e129920cc4c4d33c56be3d76d5c27be1adc4", "best_bid": "0.17", "best_ask": "0.69"}, {"asset_id": "45911579746569815526314522648824978945248417250261286795382233368143495038147", "price": "0.92", "size": "287.5", "side": "SELL", "hash": "82684478a7680e8d9be9a6945c4d87d1a513e316", "best_bid": "0.31", "best_ask": "0.83"}], "timestamp": "1769384211919", "event_type": "price_change"}}
{"_local_timestamp": "2026-01-25T23:36:51.990811+00:00", "data": {"market": "0x76038b9ce5d79ddaa39c03d61b2d95fee86ebd25ef030666e285ae8fb5954238", "price_changes": [{"asset_id": "97014202602137775264043312108936296839602935754164280253569515335320864037203", "price": "0.09", "size": "75", "side": "BUY", "hash": "41d7ce3ce11fa5591420553a138c0d95780810a7", "best_bid": "0.17", "best_ask": "0.69"}, {"asset_id": "45911579746569815526314522648824978945248417250261286795382233368143495038147", "price": "0.91", "size": "75", "side": "SELL", "hash": "957132f17c1d4bce7da07e9726147e31d96d5c78", "best_bid": "0.31", "best_ask": "0.83"}], "timestamp": "1769384211921", "event_type": "price_change"}}
{"_local_timestamp": "2026-01-25T23:36:51.991173+00:00", "data": {"market": "0x76038b9ce5d79ddaa39c03d61b2d95fee86ebd25ef030666e285ae8fb5954238", "price_changes": [{"asset_id": "97014202602137775264043312108936296839602935754164280253569515335320864037203", "price": "0.06", "size": "306.64", "side": "BUY", "hash": "6f03c2e052e0ccb2134ed018097e59a6cf30de74", "best_bid": "0.17", "best_ask": "0.69"}, {"asset_id": "45911579746569815526314522648824978945248417250261286795382233368143495038147", "price": "0.94", "size": "306.64", "side": "SELL", "hash": "17e98559508b6bb496e3469bee4d10ba3b164517", "best_bid": "0.31", "best_ask": "0.83"}], "timestamp": "1769384211922", "event_type": "price_change"}}
{"_local_timestamp": "2026-01-25T23:36:51.991527+00:00", "data": {"market": "0x76038b9ce5d79ddaa39c03d61b2d95fee86ebd25ef030666e285ae8fb5954238", "price_changes": [{"asset_id": "45911579746569815526314522648824978945248417250261286795382233368143495038147", "price": "0.1", "size": "300", "side": "BUY", "hash": "3f9eac7f2fee6aba5070262879244d6b935cd239", "best_bid": "0.31", "best_ask": "0.83"}, {"asset_id": "97014202602137775264043312108936296839602935754164280253569515335320864037203", "price": "0.9", "size": "300", "side": "SELL", "hash": "839ce9fbf1d33700942a496206f56992860264d4", "best_bid": "0.17", "best_ask": "0.69"}], "timestamp": "1769384211923", "event_type": "price_change"}}
{"_local_timestamp": "2026-01-25T23:36:51.991912+00:00", "data": {"market": "0x76038b9ce5d79ddaa39c03d61b2d95fee86ebd25ef030666e285ae8fb5954238", "price_changes": [{"asset_id": "45911579746569815526314522648824978945248417250261286795382233368143495038147", "price": "0.13", "size": "159.61", "side": "BUY", "hash": "31c6fd75cfd67735774749258de872753eb3774d", "best_bid": "0.31", "best_ask": "0.83"}, {"asset_id": "97014202602137775264043312108936296839602935754164280253569515335320864037203", "price": "0.87", "size": "159.61", "side": "SELL", "hash": "b568e46628805bfbde38620973cc6dec1db005a0", "best_bid": "0.17", "best_ask": "0.69"}], "timestamp": "1769384211925", "event_type": "price_change"}}
{"_local_timestamp": "2026-01-25T23:36:51.999127+00:00", "data": {"market": "0x76038b9ce5d79ddaa39c03d61b2d95fee86ebd25ef030666e285ae8fb5954238", "price_changes": [{"asset_id": "45911579746569815526314522648824978945248417250261286795382233368143495038147", "price": "0.11", "size": "418.18", "side": "BUY", "hash": "fb56935d907e744aa6ff61c17cd036dbfe30434c", "best_bid": "0.31", "best_ask": "0.83"}, {"asset_id": "97014202602137775264043312108936296839602935754164280253569515335320864037203", "price": "0.89", "size": "418.18", "side": "SELL", "hash": "2dcfdda3bb3d57f6930b6618bf05d31e1238c63f", "best_bid": "0.17", "best_ask": "0.69"}], "timestamp": "1769384211926", "event_type": "price_change"}}
{"_local_timestamp": "2026-01-25T23:36:51.999686+00:00", "data": {"market": "0x76038b9ce5d79ddaa39c03d61b2d95fee86ebd25ef030666e285ae8fb5954238", "price_changes": [{"asset_id": "45911579746569815526314522648824978945248417250261286795382233368143495038147", "price": "0.12", "size": "125", "side": "BUY", "hash": "7757316b559000066e8934d108647217ec7d874b", "best_bid": "0.31", "best_ask": "0.83"}, {"asset_id": "97014202602137775264043312108936296839602935754164280253569515335320864037203", "price": "0.88", "size": "125", "side": "SELL", "hash": "7d6cd113150f8d08e4aed13ffdc4cf3a1ed7f236", "best_bid": "0.17", "best_ask": "0.69"}], "timestamp": "1769384211928", "event_type": "price_change"}}
{"_local_timestamp": "2026-01-25T23:36:52.000066+00:00", "data": {"market": "0x76038b9ce5d79ddaa39c03d61b2d95fee86ebd25ef030666e285ae8fb5954238", "price_changes": [{"asset_id": "97014202602137775264043312108936296839602935754164280253569515335320864037203", "price": "0.07", "size": "212.27", "side": "BUY", "hash": "fd9da29f2d6a7e0a4c4fbc3dcd28eeb85aae1070", "best_bid": "0.17", "best_ask": "0.69"}, {"asset_id": "45911579746569815526314522648824978945248417250261286795382233368143495038147", "price": "0.93", "size": "212.27", "side": "SELL", "hash": "4827f6962d68965a3c7704a2c7f4d91e265ebb51", "best_bid": "0.31", "best_ask": "0.83"}], "timestamp": "1769384211929", "event_type": "price_change"}}
{"_local_timestamp": "2026-01-25T23:36:52.173654+00:00", "data": {"market": "0xf62c465e9375bf565eda493fd92ed9c55f58340c726dbbf06f49d79c11e61b89", "price_changes": [{"asset_id": "87122443366615906205431831335561310496113663773105620735177394679592401307873", "price": "0.03", "size": "700", "side": "BUY", "hash": "de7dacac5261d5879374802f4f67c204b63a5c67", "best_bid": "0.24", "best_ask": "0.73"}, {"asset_id": "48529156804303955621433547170524391602069839051037161980333156833727384439785", "price": "0.97", "size": "700", "side": "SELL", "hash": "d988eee02e4bf6f9634edde7ac65898d426070f7", "best_bid": "0.27", "best_ask": "0.76"}], "timestamp": "1769384212108", "event_type": "price_change"}}
{"_local_timestamp": "2026-01-25T23:36:52.174194+00:00", "data": {"market": "0xf62c465e9375bf565eda493fd92ed9c55f58340c726dbbf06f49d79c11e61b89", "price_changes": [{"asset_id": "87122443366615906205431831335561310496113663773105620735177394679592401307873", "price": "0.02", "size": "9.07", "side": "BUY", "hash": "de7dacac5261d5879374802f4f67c204b63a5c67", "best_bid": "0.24", "best_ask": "0.73"}, {"asset_id": "48529156804303955621433547170524391602069839051037161980333156833727384439785", "price": "0.98", "size": "9.07", "side": "SELL", "hash": "d988eee02e4bf6f9634edde7ac65898d426070f7", "best_bid": "0.27", "best_ask": "0.76"}], "timestamp": "1769384212108", "event_type": "price_change"}}
{"_local_timestamp": "2026-01-25T23:36:52.174590+00:00", "data": {"market": "0xf62c465e9375bf565eda493fd92ed9c55f58340c726dbbf06f49d79c11e61b89", "price_changes": [{"asset_id": "48529156804303955621433547170524391602069839051037161980333156833727384439785", "price": "0.04", "size": "708.4", "side": "BUY", "hash": "7906c6b5f94ab019ec341a06179cc5ea9d4f5d86", "best_bid": "0.27", "best_ask": "0.76"}, {"asset_id": "87122443366615906205431831335561310496113663773105620735177394679592401307873", "price": "0.96", "size": "708.4", "side": "SELL", "hash": "24838860b972375c075eb02cc8d2a663f5e79f28", "best_bid": "0.24", "best_ask": "0.73"}], "timestamp": "1769384212108", "event_type": "price_change"}}
{"_local_timestamp": "2026-01-25T23:36:52.175028+00:00", "data": {"market": "0xf62c465e9375bf565eda493fd92ed9c55f58340c726dbbf06f49d79c11e61b89", "price_changes": [{"asset_id": "48529156804303955621433547170524391602069839051037161980333156833727384439785", "price": "0.03", "size": "0", "side": "BUY", "hash": "7906c6b5f94ab019ec341a06179cc5ea9d4f5d86", "best_bid": "0.27", "best_ask": "0.76"}, {"asset_id": "87122443366615906205431831335561310496113663773105620735177394679592401307873", "price": "0.97", "size": "0", "side": "SELL", "hash": "24838860b972375c075eb02cc8d2a663f5e79f28", "best_bid": "0.24", "best_ask": "0.73"}], "timestamp": "1769384212108", "event_type": "price_change"}}
{"_local_timestamp": "2026-01-25T23:36:54.978858+00:00", "data": {"market": "0xf62c465e9375bf565eda493fd92ed9c55f58340c726dbbf06f49d79c11e61b89", "price_changes": [{"asset_id": "48529156804303955621433547170524391602069839051037161980333156833727384439785", "price": "0.12", "size": "125", "side": "BUY", "hash": "81396996f43b4f7abf08dd6d6fed9c896a858776", "best_bid": "0.27", "best_ask": "0.76"}, {"asset_id": "87122443366615906205431831335561310496113663773105620735177394679592401307873", "price": "0.88", "size": "125", "side": "SELL", "hash": "c63dc646319129d67e0a9f257bb9ebb6f53945a3", "best_bid": "0.24", "best_ask": "0.73"}], "timestamp": "1769384214905", "event_type": "price_change"}}
{"_local_timestamp": "2026-01-25T23:36:54.979559+00:00", "data": {"market": "0xf62c465e9375bf565eda493fd92ed9c55f58340c726dbbf06f49d79c11e61b89", "price_changes": [{"asset_id": "48529156804303955621433547170524391602069839051037161980333156833727384439785", "price": "0.11", "size": "200", "side": "BUY", "hash": "b6f3b8416601cfaba458b76e0fc82acee5b1a6a3", "best_bid": "0.27", "best_ask": "0.76"}, {"asset_id": "87122443366615906205431831335561310496113663773105620735177394679592401307873", "price": "0.89", "size": "200", "side": "SELL", "hash": "cbb218296dc19d186845e1d0c03777565d486eea", "best_bid": "0.24", "best_ask": "0.73"}], "timestamp": "1769384214907", "event_type": "price_change"}}
{"_local_timestamp": "2026-01-25T23:36:54.980050+00:00", "data": {"market": "0xf62c465e9375bf565eda493fd92ed9c55f58340c726dbbf06f49d79c11e61b89", "price_changes": [{"asset_id": "48529156804303955621433547170524391602069839051037161980333156833727384439785", "price": "0.1", "size": "300", "side": "BUY", "hash": "b2596e5e2ff6c7331a62b182bd2c2a84ebf41b71", "best_bid": "0.27", "best_ask": "0.76"}, {"asset_id": "87122443366615906205431831335561310496113663773105620735177394679592401307873", "price": "0.9", "size": "300", "side": "SELL", "hash": "90c6ee82cbc285a16b22d18e72f7e2cd4c6b3688", "best_bid": "0.24", "best_ask": "0.73"}], "timestamp": "1769384214908", "event_type": "price_change"}}
{"_local_timestamp": "2026-01-25T23:36:54.980557+00:00", "data": {"market": "0xf62c465e9375bf565eda493fd92ed9c55f58340c726dbbf06f49d79c11e61b89", "price_changes": [{"asset_id": "87122443366615906205431831335561310496113663773105620735177394679592401307873", "price": "0.1", "size": "300", "side": "BUY", "hash": "e6a1f6351ab4e1e7338d1f7a077ba9700b74a090", "best_bid": "0.24", "best_ask": "0.73"}, {"asset_id": "48529156804303955621433547170524391602069839051037161980333156833727384439785", "price": "0.9", "size": "300", "side": "SELL", "hash": "b35f9683a31d9ecbc231e042bc406221b706bd61", "best_bid": "0.27", "best_ask": "0.76"}], "timestamp": "1769384214910", "event_type": "price_change"}}
{"_local_timestamp": "2026-01-25T23:36:54.980946+00:00", "data": {"market": "0xf62c465e9375bf565eda493fd92ed9c55f58340c726dbbf06f49d79c11e61b89", "price_changes": [{"asset_id": "48529156804303955621433547170524391602069839051037161980333156833727384439785", "price": "0.13", "size": "275", "side": "BUY", "hash": "21029c056f02ad5015c9746723247f12b981dcdf", "best_bid": "0.27", "best_ask": "0.76"}, {"asset_id": "87122443366615906205431831335561310496113663773105620735177394679592401307873", "price": "0.87", "size": "275", "side": "SELL", "hash": "5d11ff02dc7e5d6f503c4a74fc00ac53828ddd60", "best_bid": "0.24", "best_ask": "0.73"}], "timestamp": "1769384214911", "event_type": "price_change"}}
{"_local_timestamp": "2026-01-25T23:36:54.987301+00:00", "data": {"market": "0xf62c465e9375bf565eda493fd92ed9c55f58340c726dbbf06f49d79c11e61b89", "price_changes": [{"asset_id": "87122443366615906205431831335561310496113663773105620735177394679592401307873", "price": "0.12", "size": "125", "side": "BUY", "hash": "40ce769cdc065cd4d6976a01614a6d806893d695", "best_bid": "0.24", "best_ask": "0.73"}, {"asset_id": "48529156804303955621433547170524391602069839051037161980333156833727384439785", "price": "0.88", "size": "125", "side": "SELL", "hash": "7fba401d8216dbcd40bd0f7d0841a6e382fd321b", "best_bid": "0.27", "best_ask": "0.76"}], "timestamp": "1769384214913", "event_type": "price_change"}}
{"_local_timestamp": "2026-01-25T23:36:54.987849+00:00", "data": {"market": "0xf62c465e9375bf565eda493fd92ed9c55f58340c726dbbf06f49d79c11e61b89", "price_changes": [{"asset_id": "87122443366615906205431831335561310496113663773105620735177394679592401307873", "price": "0.11", "size": "200", "side": "BUY", "hash": "97c676bb4e2265059b9ff911f06a0abb674d2752", "best_bid": "0.24", "best_ask": "0.73"}, {"asset_id": "48529156804303955621433547170524391602069839051037161980333156833727384439785", "price": "0.89", "size": "200", "side": "SELL", "hash": "6c6e98a32539a922611923ddcad6fb19bb7ec552", "best_bid": "0.27", "best_ask": "0.76"}], "timestamp": "1769384214914", "event_type": "price_change"}}
{"_local_timestamp": "2026-01-25T23:36:54.988320+00:00", "data": {"market": "0xf62c465e9375bf565eda493fd92ed9c55f58340c726dbbf06f49d79c11e61b89", "price_changes": [{"asset_id": "87122443366615906205431831335561310496113663773105620735177394679592401307873", "price": "0.13", "size": "75", "side": "BUY", "hash": "d0ad293840dd58f2655fe36630ca287dfe62e570", "best_bid": "0.24", "best_ask": "0.73"}, {"asset_id": "48529156804303955621433547170524391602069839051037161980333156833727384439785", "price": "0.87", "size": "75", "side": "SELL", "hash": "bfc8d127239aad3a4fcda6dbfcf9ebe9be580942", "best_bid": "0.27", "best_ask": "0.76"}], "timestamp": "1769384214916", "event_type": "price_change"}}
{"_local_timestamp": "2026-01-25T23:36:55.590501+00:00", "data": {"market": "0xf74cb0a061cefd961c1cf25e01049535932475e70f71f195ea722f186d196d53", "price_changes": [{"asset_id": "93201806067253828093075485814084103779068660859522529359715011769149465909731", "price": "0.14", "size": "8.5", "side": "BUY", "hash": "98a13bf438639998b18adb750ef98869a59462ed", "best_bid": "0.28", "best_ask": "0.7"}, {"asset_id": "96751645511849306171172138950813401619642835600671118162965751657515742075854", "price": "0.86", "size": "8.5", "side": "SELL", "hash": "e4f6590e3a059ecb6a90f93c8743e0e5026c6637", "best_bid": "0.3", "best_ask": "0.72"}], "timestamp": "1769384215518", "event_type": "price_change"}}
{"_local_timestamp": "2026-01-25T23:36:55.595273+00:00", "data": {"market": "0xf74cb0a061cefd961c1cf25e01049535932475e70f71f195ea722f186d196d53", "price_changes": [{"asset_id": "96751645511849306171172138950813401619642835600671118162965751657515742075854", "price": "0.19", "size": "8.5", "side": "BUY", "hash": "2df22e777febb808cbd22ac55d6a013d991c6d70", "best_bid": "0.3", "best_ask": "0.72"}, {"asset_id": "93201806067253828093075485814084103779068660859522529359715011769149465909731", "price": "0.81", "size": "8.5", "side": "SELL", "hash": "043301ef7fb8e2bb9e5999d16449bb5c008071c6", "best_bid": "0.28", "best_ask": "0.7"}], "timestamp": "1769384215519", "event_type": "price_change"}}
{"_local_timestamp": "2026-01-25T23:36:58.881895+00:00", "data": {"market": "0xf62c465e9375bf565eda493fd92ed9c55f58340c726dbbf06f49d79c11e61b89", "price_changes": [{"asset_id": "48529156804303955621433547170524391602069839051037161980333156833727384439785", "price": "0.16", "size": "8.5", "side": "BUY", "hash": "850b1d8ba6685ebf6598e0494929e9c8f88dc535", "best_bid": "0.27", "best_ask": "0.76"}, {"asset_id": "87122443366615906205431831335561310496113663773105620735177394679592401307873", "price": "0.84", "size": "8.5", "side": "SELL", "hash": "2c3fa6ab4fe7fa3167b88b66a3130833c3ad66a1", "best_bid": "0.24", "best_ask": "0.73"}], "timestamp": "1769384218586", "event_type": "price_change"}}
{"_local_timestamp": "2026-01-25T23:36:58.882402+00:00", "data": {"market": "0xf62c465e9375bf565eda493fd92ed9c55f58340c726dbbf06f49d79c11e61b89", "price_changes": [{"asset_id": "87122443366615906205431831335561310496113663773105620735177394679592401307873", "price": "0.25", "size": "8.5", "side": "BUY", "hash": "dd0e231a6a854afeb17ae2b980c20d5885376b19", "best_bid": "0.25", "best_ask": "0.73"}, {"asset_id": "48529156804303955621433547170524391602069839051037161980333156833727384439785", "price": "0.75", "size": "8.5", "side": "SELL", "hash": "4b55cf16c03e54a4ef7d44e187d6a4b4156f2d95", "best_bid": "0.27", "best_ask": "0.75"}], "timestamp": "1769384218586", "event_type": "price_change"}}
{"_local_timestamp": "2026-01-25T23:37:04.032354+00:00", "data": {"market": "0xf62c465e9375bf565eda493fd92ed9c55f58340c726dbbf06f49d79c11e61b89", "price_changes": [{"asset_id": "87122443366615906205431831335561310496113663773105620735177394679592401307873", "price": "0.24", "size": "0", "side": "BUY", "hash": "3c186a828f2587e31d18986c9f665da0bd565cf8", "best_bid": "0.25", "best_ask": "0.73"}, {"asset_id": "48529156804303955621433547170524391602069839051037161980333156833727384439785", "price": "0.76", "size": "0", "side": "SELL", "hash": "fc39b65d24fc5859895037e79756cfc2d0bcde86", "best_bid": "0.27", "best_ask": "0.75"}], "timestamp": "1769384223945", "event_type": "price_change"}}
{"_local_timestamp": "2026-01-25T23:37:04.362037+00:00", "data": {"market": "0xf62c465e9375bf565eda493fd92ed9c55f58340c726dbbf06f49d79c11e61b89", "price_changes": [{"asset_id": "87122443366615906205431831335561310496113663773105620735177394679592401307873", "price": "0.26", "size": "150", "side": "BUY", "hash": "fc6097a8013006f84413e260d86eb61f3217c5ac", "best_bid": "0.26", "best_ask": "0.73"}, {"asset_id": "48529156804303955621433547170524391602069839051037161980333156833727384439785", "price": "0.74", "size": "150", "side": "SELL", "hash": "df6df2648d77e6e342f952e53abc9cdb725d8740", "best_bid": "0.27", "best_ask": "0.74"}], "timestamp": "1769384224291", "event_type": "price_change"}}
{"_local_timestamp": "2026-01-25T23:37:10.499208+00:00", "data": {"market": "0xf62c465e9375bf565eda493fd92ed9c55f58340c726dbbf06f49d79c11e61b89", "price_changes": [{"asset_id": "87122443366615906205431831335561310496113663773105620735177394679592401307873", "price": "0.25", "size": "0", "side": "BUY", "hash": "881456298a00e28fdfc4ef223da248d66c68b833", "best_bid": "0.26", "best_ask": "0.73"}, {"asset_id": "48529156804303955621433547170524391602069839051037161980333156833727384439785", "price": "0.75", "size": "0", "side": "SELL", "hash": "d28d9a689a6c9eaf8a098be27142d314ff93941b", "best_bid": "0.27", "best_ask": "0.74"}], "timestamp": "1769384230431", "event_type": "price_change"}}
{"_local_timestamp": "2026-01-25T23:37:10.538687+00:00", "data": {"market": "0xf62c465e9375bf565eda493fd92ed9c55f58340c726dbbf06f49d79c11e61b89", "price_changes": [{"asset_id": "87122443366615906205431831335561310496113663773105620735177394679592401307873", "price": "0.18", "size": "8.5", "side": "BUY", "hash": "268d9df5193bcb676e5b2e5b49c3f77854d2422a", "best_bid": "0.26", "best_ask": "0.73"}, {"asset_id": "48529156804303955621433547170524391602069839051037161980333156833727384439785", "price": "0.82", "size": "8.5", "side": "SELL", "hash": "cd1d3fc9a1d022f91036b60b66ae9a3e367751f1", "best_bid": "0.27", "best_ask": "0.74"}], "timestamp": "1769384230468", "event_type": "price_change"}}
{"_local_timestamp": "2026-01-25T23:37:15.038946+00:00", "data": {"market": "0xf62c465e9375bf565eda493fd92ed9c55f58340c726dbbf06f49d79c11e61b89", "price_changes": [{"asset_id": "87122443366615906205431831335561310496113663773105620735177394679592401307873", "price": "0.26", "size": "0", "side": "BUY", "hash": "d9a180d1cdb28bc624db0d179968eae125893471", "best_bid": "0.23", "best_ask": "0.73"}, {"asset_id": "48529156804303955621433547170524391602069839051037161980333156833727384439785", "price": "0.74", "size": "0", "side": "SELL", "hash": "e3ddb784ff39bad40096fbdd5f52a31284550ab5", "best_bid": "0.27", "best_ask": "0.77"}], "timestamp": "1769384234961", "event_type": "price_change"}}
{"_local_timestamp": "2026-01-25T23:37:15.409088+00:00", "data": {"market": "0xf62c465e9375bf565eda493fd92ed9c55f58340c726dbbf06f49d79c11e61b89", "price_changes": [{"asset_id": "87122443366615906205431831335561310496113663773105620735177394679592401307873", "price": "0.24", "size": "150", "side": "BUY", "hash": "499d6d22962bd119e664583ba3dc1f6886956a90", "best_bid": "0.24", "best_ask": "0.73"}, {"asset_id": "48529156804303955621433547170524391602069839051037161980333156833727384439785", "price": "0.76", "size": "150", "side": "SELL", "hash": "e6ba84b25e5ff6f3dae037dc452bf35f11bf767b", "best_bid": "0.27", "best_ask": "0.76"}], "timestamp": "1769384235336", "event_type": "price_change"}}
{"_local_timestamp": "2026-01-25T23:37:22.624207+00:00", "data": {"market": "0xf62c465e9375bf565eda493fd92ed9c55f58340c726dbbf06f49d79c11e61b89", "price_changes": [{"asset_id": "87122443366615906205431831335561310496113663773105620735177394679592401307873", "price": "0.18", "size": "0", "side": "BUY", "hash": "e4bf33521448698f235f1d7015d788025a90da74", "best_bid": "0.24", "best_ask": "0.73"}, {"asset_id": "48529156804303955621433547170524391602069839051037161980333156833727384439785", "price": "0.82", "size": "0", "side": "SELL", "hash": "307c9f46a244f5ad2f20fb30d288dbf18a5dd7c3", "best_bid": "0.27", "best_ask": "0.76"}], "timestamp": "1769384242547", "event_type": "price_change"}}
{"_local_timestamp": "2026-01-25T23:37:22.662967+00:00", "data": {"market": "0xf62c465e9375bf565eda493fd92ed9c55f58340c726dbbf06f49d79c11e61b89", "price_changes": [{"asset_id": "87122443366615906205431831335561310496113663773105620735177394679592401307873", "price": "0.25", "size": "8.5", "side": "BUY", "hash": "431d4395ea72e88aeb8dec40f4f393a99914ce0f", "best_bid": "0.25", "best_ask": "0.73"}, {"asset_id": "48529156804303955621433547170524391602069839051037161980333156833727384439785", "price": "0.75", "size": "8.5", "side": "SELL", "hash": "6261f0337e3c4f51e382ce9a633aefcaebb4b254", "best_bid": "0.27", "best_ask": "0.75"}], "timestamp": "1769384242586", "event_type": "price_change"}}
{"_local_timestamp": "2026-01-25T23:37:25.989609+00:00", "data": {"market": "0xf62c465e9375bf565eda493fd92ed9c55f58340c726dbbf06f49d79c11e61b89", "price_changes": [{"asset_id": "87122443366615906205431831335561310496113663773105620735177394679592401307873", "price": "0.24", "size": "0", "side": "BUY", "hash": "7489418984a313f6afe6663876ab315ec23974ea", "best_bid": "0.25", "best_ask": "0.73"}, {"asset_id": "48529156804303955621433547170524391602069839051037161980333156833727384439785", "price": "0.76", "size": "0", "side": "SELL", "hash": "ccc210bdd3b060c909f68bbded9b91bc9dc33ce6", "best_bid": "0.27", "best_ask": "0.75"}], "timestamp": "1769384245922", "event_type": "price_change"}}
{"_local_timestamp": "2026-01-25T23:37:26.386169+00:00", "data": {"market": "0xf62c465e9375bf565eda493fd92ed9c55f58340c726dbbf06f49d79c11e61b89", "price_changes": [{"asset_id": "87122443366615906205431831335561310496113663773105620735177394679592401307873", "price": "0.26", "size": "150", "side": "BUY", "hash": "8c12cdaab58e42541fa8ce47d2e27595c600fb66", "best_bid": "0.26", "best_ask": "0.73"}, {"asset_id": "48529156804303955621433547170524391602069839051037161980333156833727384439785", "price": "0.74", "size": "150", "side": "SELL", "hash": "0f91f67f9e8f17b76b3da83b1b96f2bfc8fe4efe", "best_bid": "0.27", "best_ask": "0.74"}], "timestamp": "1769384246315", "event_type": "price_change"}}
{"_local_timestamp": "2026-01-25T23:37:32.250267+00:00", "data": {"market": "0xf62c465e9375bf565eda493fd92ed9c55f58340c726dbbf06f49d79c11e61b89", "price_changes": [{"asset_id": "87122443366615906205431831335561310496113663773105620735177394679592401307873", "price": "0.25", "size": "0", "side": "BUY", "hash": "4bbbb23c1aeb7238c64ad90fc59c961d008f3509", "best_bid": "0.26", "best_ask": "0.73"}, {"asset_id": "48529156804303955621433547170524391602069839051037161980333156833727384439785", "price": "0.75", "size": "0", "side": "SELL", "hash": "f643b29e4f034d4fef7a7ea71ae41d928f4fad06", "best_bid": "0.27", "best_ask": "0.74"}], "timestamp": "1769384252102", "event_type": "price_change"}}
{"_local_timestamp": "2026-01-25T23:37:32.272002+00:00", "data": {"market": "0xf62c465e9375bf565eda493fd92ed9c55f58340c726dbbf06f49d79c11e61b89", "price_changes": [{"asset_id": "87122443366615906205431831335561310496113663773105620735177394679592401307873", "price": "0.18", "size": "8.5", "side": "BUY", "hash": "22be0d3001ff73f1e8b147f12e8f874d7ad14952", "best_bid": "0.26", "best_ask": "0.73"}, {"asset_id": "48529156804303955621433547170524391602069839051037161980333156833727384439785", "price": "0.82", "size": "8.5", "side": "SELL", "hash": "ce1d74212fa1677a126f0d475aa6b87a7e30baec", "best_bid": "0.27", "best_ask": "0.74"}], "timestamp": "1769384252137", "event_type": "price_change"}}
{"_local_timestamp": "2026-01-25T23:37:36.947886+00:00", "data": {"market": "0xf62c465e9375bf565eda493fd92ed9c55f58340c726dbbf06f49d79c11e61b89", "price_changes": [{"asset_id": "87122443366615906205431831335561310496113663773105620735177394679592401307873", "price": "0.26", "size": "0", "side": "BUY", "hash": "ac4bc50dbcc6a6a8072f87b15485b39e6ffa4870", "best_bid": "0.23", "best_ask": "0.73"}, {"asset_id": "48529156804303955621433547170524391602069839051037161980333156833727384439785", "price": "0.74", "size": "0", "side": "SELL", "hash": "1c8bb6860bce1958e69bb8ada2af3968e4c5e192", "best_bid": "0.27", "best_ask": "0.77"}], "timestamp": "1769384256860", "event_type": "price_change"}}
{"_local_timestamp": "2026-01-25T23:37:37.303364+00:00", "data": {"market": "0xf62c465e9375bf565eda493fd92ed9c55f58340c726dbbf06f49d79c11e61b89", "price_changes": [{"asset_id": "87122443366615906205431831335561310496113663773105620735177394679592401307873", "price": "0.24", "size": "150", "side": "BUY", "hash": "129d9ad82ff7b4d39b5020a750610f0a2638e2dd", "best_bid": "0.24", "best_ask": "0.73"}, {"asset_id": "48529156804303955621433547170524391602069839051037161980333156833727384439785", "price": "0.76", "size": "150", "side": "SELL", "hash": "9e73b7ce00ac6100198a2adbdfe5098d0300b9bc", "best_bid": "0.27", "best_ask": "0.76"}], "timestamp": "1769384257225", "event_type": "price_change"}}
{"_local_timestamp": "2026-01-25T23:37:44.724279+00:00", "data": {"market": "0xf62c465e9375bf565eda493fd92ed9c55f58340c726dbbf06f49d79c11e61b89", "price_changes": [{"asset_id": "87122443366615906205431831335561310496113663773105620735177394679592401307873", "price": "0.18", "size": "0", "side": "BUY", "hash": "7890e7acd58cabca586c9f13384f3002361ca4e6", "best_bid": "0.24", "best_ask": "0.73"}, {"asset_id": "48529156804303955621433547170524391602069839051037161980333156833727384439785", "price": "0.82", "size": "0", "side": "SELL", "hash": "95ef01e3a4c77d01aeb9f1f8436d48ea886b0a62", "best_bid": "0.27", "best_ask": "0.76"}], "timestamp": "1769384264648", "event_type": "price_change"}}
{"_local_timestamp": "2026-01-25T23:37:44.756355+00:00", "data": {"market": "0xf62c465e9375bf565eda493fd92ed9c55f58340c726dbbf06f49d79c11e61b89", "price_changes": [{"asset_id": "87122443366615906205431831335561310496113663773105620735177394679592401307873", "price": "0.25", "size": "8.5", "side": "BUY", "hash": "dcbc117cadf3ca4dddb040a014e6181185acbf28", "best_bid": "0.25", "best_ask": "0.73"}, {"asset_id": "48529156804303955621433547170524391602069839051037161980333156833727384439785", "price": "0.75", "size": "8.5", "side": "SELL", "hash": "250882c4749870cda02a610e9fc99debf54f84f5", "best_bid": "0.27", "best_ask": "0.75"}], "timestamp": "1769384264684", "event_type": "price_change"}}
{"_local_timestamp": "2026-01-25T23:37:48.023920+00:00", "data": {"market": "0xf62c465e9375bf565eda493fd92ed9c55f58340c726dbbf06f49d79c11e61b89", "price_changes": [{"asset_id": "87122443366615906205431831335561310496113663773105620735177394679592401307873", "price": "0.24", "size": "0", "side": "BUY", "hash": "28ed7ce720d99fea3fdf95df4949f40668c4b555", "best_bid": "0.25", "best_ask": "0.73"}, {"asset_id": "48529156804303955621433547170524391602069839051037161980333156833727384439785", "price": "0.76", "size": "0", "side": "SELL", "hash": "520fd7b4f99664fca0a866255194facfc6d153cf", "best_bid": "0.27", "best_ask": "0.75"}], "timestamp": "1769384267923", "event_type": "price_change"}}
{"_local_timestamp": "2026-01-25T23:37:48.403315+00:00", "data": {"market": "0xf62c465e9375bf565eda493fd92ed9c55f58340c726dbbf06f49d79c11e61b89", "price_changes": [{"asset_id": "87122443366615906205431831335561310496113663773105620735177394679592401307873", "price": "0.26", "size": "150", "side": "BUY", "hash": "89f0af243ed6c8741e1e8309841fc667dfee76f0", "best_bid": "0.26", "best_ask": "0.73"}, {"asset_id": "48529156804303955621433547170524391602069839051037161980333156833727384439785", "price": "0.74", "size": "150", "side": "SELL", "hash": "1347aa046ed3ac1676327e60efdd3548833d1536", "best_bid": "0.27", "best_ask": "0.74"}], "timestamp": "1769384268332", "event_type": "price_change"}}
{"_local_timestamp": "2026-01-25T23:37:52.885848+00:00", "data": {"market": "0xf62c465e9375bf565eda493fd92ed9c55f58340c726dbbf06f49d79c11e61b89", "price_changes": [{"asset_id": "87122443366615906205431831335561310496113663773105620735177394679592401307873", "price": "0.25", "size": "0", "side": "BUY", "hash": "e6facec3908111879b4fa821180039a69aa449c7", "best_bid": "0.26", "best_ask": "0.73"}, {"asset_id": "48529156804303955621433547170524391602069839051037161980333156833727384439785", "price": "0.75", "size": "0", "side": "SELL", "hash": "60d1093d91f1fd55eee2f995bd612238b99b0fcd", "best_bid": "0.27", "best_ask": "0.74"}], "timestamp": "1769384272778", "event_type": "price_change"}}
{"_local_timestamp": "2026-01-25T23:37:52.927472+00:00", "data": {"market": "0xf62c465e9375bf565eda493fd92ed9c55f58340c726dbbf06f49d79c11e61b89", "price_changes": [{"asset_id": "87122443366615906205431831335561310496113663773105620735177394679592401307873", "price": "0.18", "size": "8.5", "side": "BUY", "hash": "ccbd528774ad9b574efcd27541676823fbce6c75", "best_bid": "0.26", "best_ask": "0.73"}, {"asset_id": "48529156804303955621433547170524391602069839051037161980333156833727384439785", "price": "0.82", "size": "8.5", "side": "SELL", "hash": "78d978c5e5ef01783bd02cd9add88e8fecf371f3", "best_bid": "0.27", "best_ask": "0.74"}], "timestamp": "1769384272813", "event_type": "price_change"}}
{"_local_timestamp": "2026-01-25T23:37:53.587555+00:00", "data": {"market": "0xf62c465e9375bf565eda493fd92ed9c55f58340c726dbbf06f49d79c11e61b89", "price_changes": [{"asset_id": "87122443366615906205431831335561310496113663773105620735177394679592401307873", "price": "0.26", "size": "0", "side": "BUY", "hash": "d087c8f64be58d50efe95b8d55f73c579a978a87", "best_bid": "0.23", "best_ask": "0.73"}, {"asset_id": "48529156804303955621433547170524391602069839051037161980333156833727384439785", "price": "0.74", "size": "0", "side": "SELL", "hash": "1943af8e0b83d39e0e4bda528ace1d60ab55d1e0", "best_bid": "0.27", "best_ask": "0.77"}], "timestamp": "1769384273513", "event_type": "price_change"}}
{"_local_timestamp": "2026-01-25T23:37:54.010339+00:00", "data": {"market": "0xf62c465e9375bf565eda493fd92ed9c55f58340c726dbbf06f49d79c11e61b89", "price_changes": [{"asset_id": "87122443366615906205431831335561310496113663773105620735177394679592401307873", "price": "0.24", "size": "150", "side": "BUY", "hash": "ea82b4d676164514db98fbbd0efc175ad3674149", "best_bid": "0.24", "best_ask": "0.73"}, {"asset_id": "48529156804303955621433547170524391602069839051037161980333156833727384439785", "price": "0.76", "size": "150", "side": "SELL", "hash": "22cf7815c151909cb7211c62b97e7d0734bb22b8", "best_bid": "0.27", "best_ask": "0.76"}], "timestamp": "1769384273938", "event_type": "price_change"}}
{"_local_timestamp": "2026-01-25T23:37:59.799423+00:00", "data": {"market": "0xf62c465e9375bf565eda493fd92ed9c55f58340c726dbbf06f49d79c11e61b89", "price_changes": [{"asset_id": "87122443366615906205431831335561310496113663773105620735177394679592401307873", "price": "0.18", "size": "0", "side": "BUY", "hash": "3f863ab8e8f8ebd6a3c590b40ba49c1b81b3efa5", "best_bid": "0.24", "best_ask": "0.73"}, {"asset_id": "48529156804303955621433547170524391602069839051037161980333156833727384439785", "price": "0.82", "size": "0", "side": "SELL", "hash": "5c620ecfec9cee6dea2280950652556d7a4eaf33", "best_bid": "0.27", "best_ask": "0.76"}], "timestamp": "1769384279727", "event_type": "price_change"}}
{"_local_timestamp": "2026-01-25T23:37:59.844980+00:00", "data": {"market": "0xf62c465e9375bf565eda493fd92ed9c55f58340c726dbbf06f49d79c11e61b89", "price_changes": [{"asset_id": "87122443366615906205431831335561310496113663773105620735177394679592401307873", "price": "0.25", "size": "8.5", "side": "BUY", "hash": "50990736e69277ba940654ebe2750f4d56f52fa4", "best_bid": "0.25", "best_ask": "0.73"}, {"asset_id": "48529156804303955621433547170524391602069839051037161980333156833727384439785", "price": "0.75", "size": "8.5", "side": "SELL", "hash": "39871b5c992e12d1a1d47ebf69cdb5dc9ad1614c", "best_bid": "0.27", "best_ask": "0.75"}], "timestamp": "1769384279766", "event_type": "price_change"}}
{"_local_timestamp": "2026-01-25T23:38:04.703660+00:00", "data": {"market": "0xf62c465e9375bf565eda493fd92ed9c55f58340c726dbbf06f49d79c11e61b89", "price_changes": [{"asset_id": "87122443366615906205431831335561310496113663773105620735177394679592401307873", "price": "0.24", "size": "0", "side": "BUY", "hash": "01b81a9c4f06abf80422a63da24fade6b1787657", "best_bid": "0.25", "best_ask": "0.73"}, {"asset_id": "48529156804303955621433547170524391602069839051037161980333156833727384439785", "price": "0.76", "size": "0", "side": "SELL", "hash": "a54b01e7cae4087a6abb83b29faea1e70d2aa6ec", "best_bid": "0.27", "best_ask": "0.75"}], "timestamp": "1769384284622", "event_type": "price_change"}}
{"_local_timestamp": "2026-01-25T23:38:05.101376+00:00", "data": {"market": "0xf62c465e9375bf565eda493fd92ed9c55f58340c726dbbf06f49d79c11e61b89", "price_changes": [{"asset_id": "87122443366615906205431831335561310496113663773105620735177394679592401307873", "price": "0.26", "size": "150", "side": "BUY", "hash": "dcb96ab92ef4b1841e69e0c2a05eb62168f73189", "best_bid": "0.26", "best_ask": "0.73"}, {"asset_id": "48529156804303955621433547170524391602069839051037161980333156833727384439785", "price": "0.74", "size": "150", "side": "SELL", "hash": "c3e3a36c52c33ac253342ec556f6f3af9a77ab27", "best_bid": "0.27", "best_ask": "0.74"}], "timestamp": "1769384285004", "event_type": "price_change"}}
{"_local_timestamp": "2026-01-25T23:38:13.780554+00:00", "data": {"market": "0xf62c465e9375bf565eda493fd92ed9c55f58340c726dbbf06f49d79c11e61b89", "price_changes": [{"asset_id": "87122443366615906205431831335561310496113663773105620735177394679592401307873", "price": "0.25", "size": "0", "side": "BUY", "hash": "513b14c62919d79d49810ee2678d533c9d47019c", "best_bid": "0.26", "best_ask": "0.73"}, {"asset_id": "48529156804303955621433547170524391602069839051037161980333156833727384439785", "price": "0.75", "size": "0", "side": "SELL", "hash": "a717cda29f115bd12b7117018fea804a369f58d2", "best_bid": "0.27", "best_ask": "0.74"}], "timestamp": "1769384293693", "event_type": "price_change"}}
{"_local_timestamp": "2026-01-25T23:38:13.808645+00:00", "data": {"market": "0xf62c465e9375bf565eda493fd92ed9c55f58340c726dbbf06f49d79c11e61b89", "price_changes": [{"asset_id": "87122443366615906205431831335561310496113663773105620735177394679592401307873", "price": "0.18", "size": "8.5", "side": "BUY", "hash": "2b95e4ec8d1b28337bd497801ddebaecb6b0af1d", "best_bid": "0.26", "best_ask": "0.73"}, {"asset_id": "48529156804303955621433547170524391602069839051037161980333156833727384439785", "price": "0.82", "size": "8.5", "side": "SELL", "hash": "04aada731d366933d4b08fb577b26651da1e7ab2", "best_bid": "0.27", "best_ask": "0.74"}], "timestamp": "1769384293737", "event_type": "price_change"}}
{"_local_timestamp": "2026-01-25T23:38:15.631651+00:00", "data": {"market": "0xf62c465e9375bf565eda493fd92ed9c55f58340c726dbbf06f49d79c11e61b89", "price_changes": [{"asset_id": "87122443366615906205431831335561310496113663773105620735177394679592401307873", "price": "0.26", "size": "0", "side": "BUY", "hash": "961a9108cdebd0aed1f004acb8d0bf77e57211da", "best_bid": "0.23", "best_ask": "0.73"}, {"asset_id": "48529156804303955621433547170524391602069839051037161980333156833727384439785", "price": "0.74", "size": "0", "side": "SELL", "hash": "b8d82f7a7343fd578d0e68477c7adad806f18019", "best_bid": "0.27", "best_ask": "0.77"}], "timestamp": "1769384295556", "event_type": "price_change"}}
{"_local_timestamp": "2026-01-25T23:38:16.195987+00:00", "data": {"market": "0xf62c465e9375bf565eda493fd92ed9c55f58340c726dbbf06f49d79c11e61b89", "price_changes": [{"asset_id": "87122443366615906205431831335561310496113663773105620735177394679592401307873", "price": "0.24", "size": "150", "side": "BUY", "hash": "94246eda2b3dd64b7370a5c847246a0451fd72e9", "best_bid": "0.24", "best_ask": "0.73"}, {"asset_id": "48529156804303955621433547170524391602069839051037161980333156833727384439785", "price": "0.76", "size": "150", "side": "SELL", "hash": "c6bd7ecd37456ce503361a7623b753a1db0d8765", "best_bid": "0.27", "best_ask": "0.76"}], "timestamp": "1769384296122", "event_type": "price_change"}}
{"_local_timestamp": "2026-01-25T23:38:21.887373+00:00", "data": {"market": "0xf62c465e9375bf565eda493fd92ed9c55f58340c726dbbf06f49d79c11e61b89", "price_changes": [{"asset_id": "87122443366615906205431831335561310496113663773105620735177394679592401307873", "price": "0.18", "size": "0", "side": "BUY", "hash": "fc0d088c2263fc89dc8aa2a5cf65be91449cd647", "best_bid": "0.24", "best_ask": "0.73"}, {"asset_id": "48529156804303955621433547170524391602069839051037161980333156833727384439785", "price": "0.82", "size": "0", "side": "SELL", "hash": "87cd684e1b7ccf2397631dd92d4998d6af799e8f", "best_bid": "0.27", "best_ask": "0.76"}], "timestamp": "1769384301821", "event_type": "price_change"}}
{"_local_timestamp": "2026-01-25T23:38:21.929143+00:00", "data": {"market": "0xf62c465e9375bf565eda493fd92ed9c55f58340c726dbbf06f49d79c11e61b89", "price_changes": [{"asset_id": "87122443366615906205431831335561310496113663773105620735177394679592401307873", "price": "0.25", "size": "8.5", "side": "BUY", "hash": "b5b140c64007ab9cb919230e898263bb2e45568c", "best_bid": "0.25", "best_ask": "0.73"}, {"asset_id": "48529156804303955621433547170524391602069839051037161980333156833727384439785", "price": "0.75", "size": "8.5", "side": "SELL", "hash": "e5555560ae7ccafd7ca7bc77b46de7ced0e29d85", "best_bid": "0.27", "best_ask": "0.75"}], "timestamp": "1769384301859", "event_type": "price_change"}}
{"_local_timestamp": "2026-01-25T23:38:26.762010+00:00", "data": {"market": "0xf62c465e9375bf565eda493fd92ed9c55f58340c726dbbf06f49d79c11e61b89", "price_changes": [{"asset_id": "87122443366615906205431831335561310496113663773105620735177394679592401307873", "price": "0.24", "size": "0", "side": "BUY", "hash": "89af38435f16e3c5536100d1eb4d6e9de33e758d", "best_bid": "0.25", "best_ask": "0.73"}, {"asset_id": "48529156804303955621433547170524391602069839051037161980333156833727384439785", "price": "0.76", "size": "0", "side": "SELL", "hash": "dda1ac70885bec838b1810f492a3eb9656cc8d5c", "best_bid": "0.27", "best_ask": "0.75"}], "timestamp": "1769384306687", "event_type": "price_change"}}
{"_local_timestamp": "2026-01-25T23:38:27.441617+00:00", "data": {"market": "0xf62c465e9375bf565eda493fd92ed9c55f58340c726dbbf06f49d79c11e61b89", "price_changes": [{"asset_id": "87122443366615906205431831335561310496113663773105620735177394679592401307873", "price": "0.26", "size": "150", "side": "BUY", "hash": "4c0e81e97a188add83ba3671da00f950c8f907d4", "best_bid": "0.26", "best_ask": "0.73"}, {"asset_id": "48529156804303955621433547170524391602069839051037161980333156833727384439785", "price": "0.74", "size": "150", "side": "SELL", "hash": "f5ae20a8768fa668609107c731f0f691e4fc8dd1", "best_bid": "0.27", "best_ask": "0.74"}], "timestamp": "1769384307362", "event_type": "price_change"}}
{"_local_timestamp": "2026-01-25T23:38:33.967928+00:00", "data": {"market": "0xf62c465e9375bf565eda493fd92ed9c55f58340c726dbbf06f49d79c11e61b89", "price_changes": [{"asset_id": "87122443366615906205431831335561310496113663773105620735177394679592401307873", "price": "0.25", "size": "0", "side": "BUY", "hash": "d8a69b56a0b169efb3d57cec87242bf4f28a0dbe", "best_bid": "0.26", "best_ask": "0.73"}, {"asset_id": "48529156804303955621433547170524391602069839051037161980333156833727384439785", "price": "0.75", "size": "0", "side": "SELL", "hash": "2a91a03055f4dd852ad04af900a4994f9c5f9949", "best_bid": "0.27", "best_ask": "0.74"}], "timestamp": "1769384313898", "event_type": "price_change"}}
{"_local_timestamp": "2026-01-25T23:38:34.006967+00:00", "data": {"market": "0xf62c465e9375bf565eda493fd92ed9c55f58340c726dbbf06f49d79c11e61b89", "price_changes": [{"asset_id": "87122443366615906205431831335561310496113663773105620735177394679592401307873", "price": "0.18", "size": "8.5", "side": "BUY", "hash": "722966f68d62240e277ff1169a11a64837772fa6", "best_bid": "0.26", "best_ask": "0.73"}, {"asset_id": "48529156804303955621433547170524391602069839051037161980333156833727384439785", "price": "0.82", "size": "8.5", "side": "SELL", "hash": "04d5862f213e674674a013a99c95cca34b33d4db", "best_bid": "0.27", "best_ask": "0.74"}], "timestamp": "1769384313939", "event_type": "price_change"}}
{"_local_timestamp": "2026-01-25T23:38:38.025465+00:00", "data": {"market": "0xf62c465e9375bf565eda493fd92ed9c55f58340c726dbbf06f49d79c11e61b89", "price_changes": [{"asset_id": "87122443366615906205431831335561310496113663773105620735177394679592401307873", "price": "0.26", "size": "0", "side": "BUY", "hash": "54c09418de1a96761bea1f2f8c9364b13c954a8c", "best_bid": "0.23", "best_ask": "0.73"}, {"asset_id": "48529156804303955621433547170524391602069839051037161980333156833727384439785", "price": "0.74", "size": "0", "side": "SELL", "hash": "a958e563c32fdf905ceea2a95f3ff42388b8951e", "best_bid": "0.27", "best_ask": "0.77"}], "timestamp": "1769384317951", "event_type": "price_change"}}
{"_local_timestamp": "2026-01-25T23:38:38.395374+00:00", "data": {"market": "0xf62c465e9375bf565eda493fd92ed9c55f58340c726dbbf06f49d79c11e61b89", "price_changes": [{"asset_id": "87122443366615906205431831335561310496113663773105620735177394679592401307873", "price": "0.24", "size": "150", "side": "BUY", "hash": "d816741dd863f7efbe4face297ef3c8ed73c3df0", "best_bid": "0.24", "best_ask": "0.73"}, {"asset_id": "48529156804303955621433547170524391602069839051037161980333156833727384439785", "price": "0.76", "size": "150", "side": "SELL", "hash": "8bd0bdc8de91a2f875ace68e44340f4fcb8a74b2", "best_bid": "0.27", "best_ask": "0.76"}], "timestamp": "1769384318321", "event_type": "price_change"}}
{"_local_timestamp": "2026-01-25T23:38:43.786390+00:00", "data": {"market": "0xf74cb0a061cefd961c1cf25e01049535932475e70f71f195ea722f186d196d53", "price_changes": [{"asset_id": "93201806067253828093075485814084103779068660859522529359715011769149465909731", "price": "0.28", "size": "229", "side": "BUY", "hash": "ab36a304afbbc6c4e775e09a04fe381b00f24315", "best_bid": "0.28", "best_ask": "0.7"}, {"asset_id": "96751645511849306171172138950813401619642835600671118162965751657515742075854", "price": "0.72", "size": "229", "side": "SELL", "hash": "3f485def1ee79f910874918c5677785807642961", "best_bid": "0.3", "best_ask": "0.72"}], "timestamp": "1769384323699", "event_type": "price_change"}}
{"_local_timestamp": "2026-01-25T23:38:43.787174+00:00", "data": {"market": "0x76038b9ce5d79ddaa39c03d61b2d95fee86ebd25ef030666e285ae8fb5954238", "price_changes": [{"asset_id": "45911579746569815526314522648824978945248417250261286795382233368143495038147", "price": "0.32", "size": "316.66", "side": "BUY", "hash": "709a408869e646e66405f80ea4be9ea17afa5cbd", "best_bid": "0.32", "best_ask": "0.83"}, {"asset_id": "97014202602137775264043312108936296839602935754164280253569515335320864037203", "price": "0.68", "size": "316.66", "side": "SELL", "hash": "2539f59cadae8228ab7f9be419aa43714707141d", "best_bid": "0.17", "best_ask": "0.68"}], "timestamp": "1769384323699", "event_type": "price_change"}}
{"_local_timestamp": "2026-01-25T23:38:43.787755+00:00", "data": {"market": "0xf62c465e9375bf565eda493fd92ed9c55f58340c726dbbf06f49d79c11e61b89", "price_changes": [{"asset_id": "48529156804303955621433547170524391602069839051037161980333156833727384439785", "price": "0.27", "size": "308", "side": "BUY", "hash": "880706e00068d2dc714daf961f22d8b799cd91d7", "best_bid": "0.27", "best_ask": "0.76"}, {"asset_id": "87122443366615906205431831335561310496113663773105620735177394679592401307873", "price": "0.73", "size": "308", "side": "SELL", "hash": "fe733afac0a9c38cefcceaa5dd87e8ee33f36672", "best_bid": "0.24", "best_ask": "0.73"}], "timestamp": "1769384323699", "event_type": "price_change"}}
{"_local_timestamp": "2026-01-25T23:38:43.795702+00:00", "data": {"market": "0x76038b9ce5d79ddaa39c03d61b2d95fee86ebd25ef030666e285ae8fb5954238", "price_changes": [{"asset_id": "45911579746569815526314522648824978945248417250261286795382233368143495038147", "price": "0.31", "size": "308", "side": "BUY", "hash": "b3a51a4d0ae836d490f693ca1cd8585e8ab10146", "best_bid": "0.32", "best_ask": "0.83"}, {"asset_id": "97014202602137775264043312108936296839602935754164280253569515335320864037203", "price": "0.69", "size": "308", "side": "SELL", "hash": "38baeac2afc6ec83d2d8b2c27d071c72c5138d6c", "best_bid": "0.17", "best_ask": "0.68"}], "timestamp": "1769384323700", "event_type": "price_change"}}
{"_local_timestamp": "2026-01-25T23:38:43.796421+00:00", "data": {"market": "0xf74cb0a061cefd961c1cf25e01049535932475e70f71f195ea722f186d196d53", "price_changes": [{"asset_id": "93201806067253828093075485814084103779068660859522529359715011769149465909731", "price": "0.29", "size": "316.66", "side": "BUY", "hash": "426da602efce141e09aeddcb1b1c8aa28ae80241", "best_bid": "0.29", "best_ask": "0.7"}, {"asset_id": "96751645511849306171172138950813401619642835600671118162965751657515742075854", "price": "0.71", "size": "316.66", "side": "SELL", "hash": "57966ab8d77cd43b363cf43cfb3006cefb1cc4ae", "best_bid": "0.3", "best_ask": "0.71"}], "timestamp": "1769384323700", "event_type": "price_change"}}
{"_local_timestamp": "2026-01-25T23:38:43.797044+00:00", "data": {"market": "0xf62c465e9375bf565eda493fd92ed9c55f58340c726dbbf06f49d79c11e61b89", "price_changes": [{"asset_id": "48529156804303955621433547170524391602069839051037161980333156833727384439785", "price": "0.28", "size": "316.66", "side": "BUY", "hash": "e189202d37152af89e8494d2102049b21591fdba", "best_bid": "0.28", "best_ask": "0.76"}, {"asset_id": "87122443366615906205431831335561310496113663773105620735177394679592401307873", "price": "0.72", "size": "316.66", "side": "SELL", "hash": "16f675e97d8ecfb467ed03b6a0cfc40bd0aa2497", "best_bid": "0.24", "best_ask": "0.72"}], "timestamp": "1769384323700", "event_type": "price_change"}}
{"_local_timestamp": "2026-01-25T23:38:45.166765+00:00", "data": {"market": "0xf62c465e9375bf565eda493fd92ed9c55f58340c726dbbf06f49d79c11e61b89", "price_changes": [{"asset_id": "87122443366615906205431831335561310496113663773105620735177394679592401307873", "price": "0.18", "size": "0", "side": "BUY", "hash": "6e67082687c4583154557222decf192ca70f37dd", "best_bid": "0.24", "best_ask": "0.72"}, {"asset_id": "48529156804303955621433547170524391602069839051037161980333156833727384439785", "price": "0.82", "size": "0", "side": "SELL", "hash": "187948abf3485e234bb152b71ed13a494209ffc6", "best_bid": "0.28", "best_ask": "0.76"}], "timestamp": "1769384325098", "event_type": "price_change"}}
{"_local_timestamp": "2026-01-25T23:38:45.203906+00:00", "data": {"market": "0xf62c465e9375bf565eda493fd92ed9c55f58340c726dbbf06f49d79c11e61b89", "price_changes": [{"asset_id": "87122443366615906205431831335561310496113663773105620735177394679592401307873", "price": "0.25", "size": "8.5", "side": "BUY", "hash": "045e8ff5af8e9963865202fa6dc16464075da23c", "best_bid": "0.25", "best_ask": "0.72"}, {"asset_id": "48529156804303955621433547170524391602069839051037161980333156833727384439785", "price": "0.75", "size": "8.5", "side": "SELL", "hash": "49a9f1c00a0f92502192b8c706828b10a54f71cc", "best_bid": "0.28", "best_ask": "0.75"}], "timestamp": "1769384325135", "event_type": "price_change"}}
{"_local_timestamp": "2026-01-25T23:38:50.485626+00:00", "data": {"market": "0x76038b9ce5d79ddaa39c03d61b2d95fee86ebd25ef030666e285ae8fb5954238", "price_changes": [{"asset_id": "45911579746569815526314522648824978945248417250261286795382233368143495038147", "price": "0.31", "size": "158", "side": "BUY", "hash": "c414f491124a5e30690b84b13f0e18d541b75030", "best_bid": "0.32", "best_ask": "0.83"}, {"asset_id": "97014202602137775264043312108936296839602935754164280253569515335320864037203", "price": "0.69", "size": "158", "side": "SELL", "hash": "8bfe97acad3aff6f88f8e9e56eb6c901ea6050ec", "best_bid": "0.17", "best_ask": "0.68"}], "timestamp": "1769384330406", "event_type": "price_change"}}
{"_local_timestamp": "2026-01-25T23:38:50.486251+00:00", "data": {"market": "0xf74cb0a061cefd961c1cf25e01049535932475e70f71f195ea722f186d196d53", "price_changes": [{"asset_id": "93201806067253828093075485814084103779068660859522529359715011769149465909731", "price": "0.28", "size": "79", "side": "BUY", "hash": "64cde20cafd4a10deea145105630a8f48b4941c8", "best_bid": "0.29", "best_ask": "0.7"}, {"asset_id": "96751645511849306171172138950813401619642835600671118162965751657515742075854", "price": "0.72", "size": "79", "side": "SELL", "hash": "e8b6846d9cc8ac2739b01c1ac724f2239be5b0ce", "best_bid": "0.3", "best_ask": "0.71"}], "timestamp": "1769384330406", "event_type": "price_change"}}
{"_local_timestamp": "2026-01-25T23:38:50.486989+00:00", "data": {"market": "0xf62c465e9375bf565eda493fd92ed9c55f58340c726dbbf06f49d79c11e61b89", "price_changes": [{"asset_id": "87122443366615906205431831335561310496113663773105620735177394679592401307873", "price": "0.24", "size": "0", "side": "BUY", "hash": "8b18a3b7c4be30f4af498c474f2d250e0ce97494", "best_bid": "0.25", "best_ask": "0.72"}, {"asset_id": "48529156804303955621433547170524391602069839051037161980333156833727384439785", "price": "0.76", "size": "0", "side": "SELL", "hash": "5c9bcc3352a80b721bd670624ccab25879e32657", "best_bid": "0.28", "best_ask": "0.75"}], "timestamp": "1769384330406", "event_type": "price_change"}}
{"_local_timestamp": "2026-01-25T23:38:50.487605+00:00", "data": {"market": "0xf62c465e9375bf565eda493fd92ed9c55f58340c726dbbf06f49d79c11e61b89", "price_changes": [{"asset_id": "48529156804303955621433547170524391602069839051037161980333156833727384439785", "price": "0.27", "size": "158", "side": "BUY", "hash": "1a20fbce96e1d182d0693a1333b2706df4817e3b", "best_bid": "0.28", "best_ask": "0.75"}, {"asset_id": "87122443366615906205431831335561310496113663773105620735177394679592401307873", "price": "0.73", "size": "158", "side": "SELL", "hash": "0a43c0c6fa18ea2b0ce423a1a998a364dc60d372", "best_bid": "0.25", "best_ask": "0.72"}], "timestamp": "1769384330407", "event_type": "price_change"}}
{"_local_timestamp": "2026-01-25T23:38:50.996793+00:00", "data": {"market": "0xf62c465e9375bf565eda493fd92ed9c55f58340c726dbbf06f49d79c11e61b89", "price_changes": [{"asset_id": "48529156804303955621433547170524391602069839051037161980333156833727384439785", "price": "0.29", "size": "150", "side": "BUY", "hash": "db0d5518d603b478dedbded47a85fdb965743689", "best_bid": "0.29", "best_ask": "0.75"}, {"asset_id": "87122443366615906205431831335561310496113663773105620735177394679592401307873", "price": "0.71", "size": "150", "side": "SELL", "hash": "099a546c67b048878ffaf1a39eb3144427a44ec3", "best_bid": "0.25", "best_ask": "0.71"}], "timestamp": "1769384330919", "event_type": "price_change"}}
{"_local_timestamp": "2026-01-25T23:38:50.997402+00:00", "data": {"market": "0xf74cb0a061cefd961c1cf25e01049535932475e70f71f195ea722f186d196d53", "price_changes": [{"asset_id": "93201806067253828093075485814084103779068660859522529359715011769149465909731", "price": "0.3", "size": "150", "side": "BUY", "hash": "d1008cf6621189aaa978863fa7abd5874dea56a7", "best_bid": "0.3", "best_ask": "0.7"}, {"asset_id": "96751645511849306171172138950813401619642835600671118162965751657515742075854", "price": "0.7", "size": "150", "side": "SELL", "hash": "49516202652a8670b910656e39484c553730ea17", "best_bid": "0.3", "best_ask": "0.7"}], "timestamp": "1769384330919", "event_type": "price_change"}}
{"_local_timestamp": "2026-01-25T23:38:50.997986+00:00", "data": {"market": "0x76038b9ce5d79ddaa39c03d61b2d95fee86ebd25ef030666e285ae8fb5954238", "price_changes": [{"asset_id": "45911579746569815526314522648824978945248417250261286795382233368143495038147", "price": "0.33", "size": "150", "side": "BUY", "hash": "9876362494c022d0437399d467b9416ba9fbb0d0", "best_bid": "0.33", "best_ask": "0.83"}, {"asset_id": "97014202602137775264043312108936296839602935754164280253569515335320864037203", "price": "0.67", "size": "150", "side": "SELL", "hash": "b72527b5b12c4611957d5cae25a77636796c8143", "best_bid": "0.17", "best_ask": "0.67"}], "timestamp": "1769384330919", "event_type": "price_change"}}
{"_local_timestamp": "2026-01-25T23:38:50.999977+00:00", "data": {"market": "0xf62c465e9375bf565eda493fd92ed9c55f58340c726dbbf06f49d79c11e61b89", "price_changes": [{"asset_id": "87122443366615906205431831335561310496113663773105620735177394679592401307873", "price": "0.26", "size": "150", "side": "BUY", "hash": "4176c902573d79fd18fc509c176381552bfc45c6", "best_bid": "0.26", "best_ask": "0.71"}, {"asset_id": "48529156804303955621433547170524391602069839051037161980333156833727384439785", "price": "0.74", "size": "150", "side": "SELL", "hash": "7b1b67693d926fd67027c6ad149a41a606e26b2d", "best_bid": "0.29", "best_ask": "0.74"}], "timestamp": "1769384330922", "event_type": "price_change"}}
{"_local_timestamp": "2026-01-25T23:38:57.031257+00:00", "data": {"market": "0xf62c465e9375bf565eda493fd92ed9c55f58340c726dbbf06f49d79c11e61b89", "price_changes": [{"asset_id": "87122443366615906205431831335561310496113663773105620735177394679592401307873", "price": "0.25", "size": "0", "side": "BUY", "hash": "ac9a2f1fddc108c988d43e454211cbbf61121a42", "best_bid": "0.26", "best_ask": "0.71"}, {"asset_id": "48529156804303955621433547170524391602069839051037161980333156833727384439785", "price": "0.75", "size": "0", "side": "SELL", "hash": "5a07045eece6a72186e86e812952e87289f8950c", "best_bid": "0.29", "best_ask": "0.74"}], "timestamp": "1769384336942", "event_type": "price_change"}}
{"_local_timestamp": "2026-01-25T23:38:57.042895+00:00", "data": {"market": "0xf62c465e9375bf565eda493fd92ed9c55f58340c726dbbf06f49d79c11e61b89", "price_changes": [{"asset_id": "87122443366615906205431831335561310496113663773105620735177394679592401307873", "price": "0.18", "size": "8.5", "side": "BUY", "hash": "ec8fbd7b175f3f22996c4144c14c52e4e5c69447", "best_bid": "0.26", "best_ask": "0.71"}, {"asset_id": "48529156804303955621433547170524391602069839051037161980333156833727384439785", "price": "0.82", "size": "8.5", "side": "SELL", "hash": "d6e08550d22c52c625baed5e67c95a194195e41b", "best_bid": "0.29", "best_ask": "0.74"}], "timestamp": "1769384336977", "event_type": "price_change"}}
{"_local_timestamp": "2026-01-25T23:38:59.006716+00:00", "data": {"market": "0xf62c465e9375bf565eda493fd92ed9c55f58340c726dbbf06f49d79c11e61b89", "price_changes": [{"asset_id": "48529156804303955621433547170524391602069839051037161980333156833727384439785", "price": "0.04", "size": "8.4", "side": "BUY", "hash": "9e331836252a5bd352e7ec83799317cdc51a3a4f", "best_bid": "0.29", "best_ask": "0.74"}, {"asset_id": "87122443366615906205431831335561310496113663773105620735177394679592401307873", "price": "0.96", "size": "8.4", "side": "SELL", "hash": "5cfeca57b70edea846e26cf79b500cdc7232d5a4", "best_bid": "0.26", "best_ask": "0.71"}], "timestamp": "1769384338932", "event_type": "price_change"}}
{"_local_timestamp": "2026-01-25T23:38:59.009090+00:00", "data": {"market": "0x76038b9ce5d79ddaa39c03d61b2d95fee86ebd25ef030666e285ae8fb5954238", "price_changes": [{"asset_id": "45911579746569815526314522648824978945248417250261286795382233368143495038147", "price": "0.04", "size": "0", "side": "BUY", "hash": "5bbcdce18735f9bfeb9b4380cae04c023041f14a", "best_bid": "0.33", "best_ask": "0.83"}, {"asset_id": "97014202602137775264043312108936296839602935754164280253569515335320864037203", "price": "0.96", "size": "0", "side": "SELL", "hash": "8162147485d03e450cb05d40ad5cdc46baa342bc", "best_bid": "0.17", "best_ask": "0.67"}], "timestamp": "1769384338932", "event_type": "price_change"}}
{"_local_timestamp": "2026-01-25T23:38:59.013900+00:00", "data": {"market": "0x76038b9ce5d79ddaa39c03d61b2d95fee86ebd25ef030666e285ae8fb5954238", "price_changes": [{"asset_id": "45911579746569815526314522648824978945248417250261286795382233368143495038147", "price": "0.11", "size": "318.18", "side": "BUY", "hash": "5bbcdce18735f9bfeb9b4380cae04c023041f14a", "best_bid": "0.33", "best_ask": "0.83"}, {"asset_id": "97014202602137775264043312108936296839602935754164280253569515335320864037203", "price": "0.89", "size": "318.18", "side": "SELL", "hash": "8162147485d03e450cb05d40ad5cdc46baa342bc", "best_bid": "0.17", "best_ask": "0.67"}], "timestamp": "1769384338932", "event_type": "price_change"}}
{"_local_timestamp": "2026-01-25T23:38:59.029144+00:00", "data": {"market": "0xf74cb0a061cefd961c1cf25e01049535932475e70f71f195ea722f186d196d53", "price_changes": [{"asset_id": "96751645511849306171172138950813401619642835600671118162965751657515742075854", "price": "0.03", "size": "5.83", "side": "BUY", "hash": "68d927b3696d8509ab5b4a65a68acf8c6ec5f028", "best_bid": "0.3", "best_ask": "0.7"}, {"asset_id": "93201806067253828093075485814084103779068660859522529359715011769149465909731", "price": "0.97", "size": "5.83", "side": "SELL", "hash": "5c6317462769624e1528cda3625a4542339b017b", "best_bid": "0.3", "best_ask": "0.7"}], "timestamp": "1769384338932", "event_type": "price_change"}}
{"_local_timestamp": "2026-01-25T23:38:59.030343+00:00", "data": {"market": "0xf62c465e9375bf565eda493fd92ed9c55f58340c726dbbf06f49d79c11e61b89", "price_changes": [{"asset_id": "87122443366615906205431831335561310496113663773105620735177394679592401307873", "price": "0.03", "size": "0", "side": "BUY", "hash": "62a22a356a54cf5476b1d70ab1dd9a22b456b556", "best_bid": "0.26", "best_ask": "0.71"}, {"asset_id": "48529156804303955621433547170524391602069839051037161980333156833727384439785", "price": "0.97", "size": "0", "side": "SELL", "hash": "39a730068953e33ea095b351bc96cba3e9946648", "best_bid": "0.29", "best_ask": "0.74"}], "timestamp": "1769384338932", "event_type": "price_change"}}
{"_local_timestamp": "2026-01-25T23:38:59.031022+00:00", "data": {"market": "0xf74cb0a061cefd961c1cf25e01049535932475e70f71f195ea722f186d196d53", "price_changes": [{"asset_id": "93201806067253828093075485814084103779068660859522529359715011769149465909731", "price": "0.04", "size": "8.17", "side": "BUY", "hash": "24dbbb121533ac88b0aa960226d28914a79bb07d", "best_bid": "0.3", "best_ask": "0.7"}, {"asset_id": "96751645511849306171172138950813401619642835600671118162965751657515742075854", "price": "0.96", "size": "8.17", "side": "SELL", "hash": "d979b8531df621a746ecedbb026ae61cfb314a3b", "best_bid": "0.3", "best_ask": "0.7"}], "timestamp": "1769384338932", "event_type": "price_change"}}
{"_local_timestamp": "2026-01-25T23:38:59.442207+00:00", "data": {"market": "0x76038b9ce5d79ddaa39c03d61b2d95fee86ebd25ef030666e285ae8fb5954238", "price_changes": [{"asset_id": "45911579746569815526314522648824978945248417250261286795382233368143495038147", "price": "0.02", "size": "721.55", "side": "BUY", "hash": "8f2b73de58768bb0d278b52b6b5d3003a707ffdc", "best_bid": "0.33", "best_ask": "0.83"}, {"asset_id": "97014202602137775264043312108936296839602935754164280253569515335320864037203", "price": "0.98", "size": "721.55", "side": "SELL", "hash": "ba08ce303f2993864707f2710cf729bb408635bd", "best_bid": "0.17", "best_ask": "0.67"}], "timestamp": "1769384339307", "event_type": "price_change"}}
{"_local_timestamp": "2026-01-25T23:38:59.449159+00:00", "data": {"market": "0xf62c465e9375bf565eda493fd92ed9c55f58340c726dbbf06f49d79c11e61b89", "price_changes": [{"asset_id": "48529156804303955621433547170524391602069839051037161980333156833727384439785", "price": "0.02", "size": "746.34", "side": "BUY", "hash": "05876328e646eea309daf31b022a7e52605e4106", "best_bid": "0.29", "best_ask": "0.74"}, {"asset_id": "87122443366615906205431831335561310496113663773105620735177394679592401307873", "price": "0.98", "size": "746.34", "side": "SELL", "hash": "c73400ec60f96c0a79095ece86b14496a69e6019", "best_bid": "0.26", "best_ask": "0.71"}], "timestamp": "1769384339307", "event_type": "price_change"}}
{"_local_timestamp": "2026-01-25T23:38:59.499209+00:00", "data": {"market": "0x76038b9ce5d79ddaa39c03d61b2d95fee86ebd25ef030666e285ae8fb5954238", "price_changes": [{"asset_id": "45911579746569815526314522648824978945248417250261286795382233368143495038147", "price": "0.13", "size": "259.61", "side": "BUY", "hash": "5b4d8b18628aaa644d2668feecec20cbd76b1727", "best_bid": "0.33", "best_ask": "0.83"}, {"asset_id": "97014202602137775264043312108936296839602935754164280253569515335320864037203", "price": "0.87", "size": "259.61", "side": "SELL", "hash": "fd5d49fbfe62c5f1a54b0948441e54bf001a0eb9", "best_bid": "0.17", "best_ask": "0.67"}], "timestamp": "1769384339375", "event_type": "price_change"}}
{"_local_timestamp": "2026-01-25T23:38:59.508569+00:00", "data": {"market": "0xf74cb0a061cefd961c1cf25e01049535932475e70f71f195ea722f186d196d53", "price_changes": [{"asset_id": "96751645511849306171172138950813401619642835600671118162965751657515742075854", "price": "0.01", "size": "1835.33", "side": "BUY", "hash": "e307e00f87064f8fa86ace0e8ea0f64ebf98e1d1", "best_bid": "0.3", "best_ask": "0.7"}, {"asset_id": "93201806067253828093075485814084103779068660859522529359715011769149465909731", "price": "0.99", "size": "1835.33", "side": "SELL", "hash": "17dd244a6263564ff405f5f7ab395c8f14e272a6", "best_bid": "0.3", "best_ask": "0.7"}], "timestamp": "1769384339350", "event_type": "price_change"}}
{"_local_timestamp": "2026-01-25T23:38:59.514423+00:00", "data": {"market": "0xf62c465e9375bf565eda493fd92ed9c55f58340c726dbbf06f49d79c11e61b89", "price_changes": [{"asset_id": "87122443366615906205431831335561310496113663773105620735177394679592401307873", "price": "0.12", "size": "225", "side": "BUY", "hash": "805854edff53c918ee6350168aa31ad1fbd54f34", "best_bid": "0.26", "best_ask": "0.71"}, {"asset_id": "48529156804303955621433547170524391602069839051037161980333156833727384439785", "price": "0.88", "size": "225", "side": "SELL", "hash": "b84ab5fe11a68df9aebf5eb8d1b10a5dcd87e8ca", "best_bid": "0.29", "best_ask": "0.74"}], "timestamp": "1769384339376", "event_type": "price_change"}}
{"_local_timestamp": "2026-01-25T23:38:59.530669+00:00", "data": {"market": "0xf74cb0a061cefd961c1cf25e01049535932475e70f71f195ea722f186d196d53", "price_changes": [{"asset_id": "93201806067253828093075485814084103779068660859522529359715011769149465909731", "price": "0.02", "size": "711.93", "side": "BUY", "hash": "576952f9a340524eda6ba90d3cc31cf2075c2ed5", "best_bid": "0.3", "best_ask": "0.7"}, {"asset_id": "96751645511849306171172138950813401619642835600671118162965751657515742075854", "price": "0.98", "size": "711.93", "side": "SELL", "hash": "395f696cd237b7a70acf8d9933f64b9c74ba3a23", "best_bid": "0.3", "best_ask": "0.7"}], "timestamp": "1769384339395", "event_type": "price_change"}}
{"_local_timestamp": "2026-01-25T23:38:59.532970+00:00", "data": {"market": "0xf62c465e9375bf565eda493fd92ed9c55f58340c726dbbf06f49d79c11e61b89", "price_changes": [{"asset_id": "87122443366615906205431831335561310496113663773105620735177394679592401307873", "price": "0.02", "size": "709.07", "side": "BUY", "hash": "9eaa314c749caf4be1b0e8da975c83534ca04800", "best_bid": "0.26", "best_ask": "0.71"}, {"asset_id": "48529156804303955621433547170524391602069839051037161980333156833727384439785", "price": "0.98", "size": "709.07", "side": "SELL", "hash": "c967f8a1689e5b5a80d7b4f5505beea32f51c905", "best_bid": "0.29", "best_ask": "0.74"}], "timestamp": "1769384339399", "event_type": "price_change"}}
