{"_local_timestamp": "2026-01-25T23:41:27.350681+00:00", "data": [{"market": "0x0bd1a9e3ac504ff9f0256928d99c5910420d2779e5ad6b6a5341fae90cf6420b", "asset_id": "82054814328680563076745122342096637733346086563921863255145171741724505498024", "timestamp": "1769383415108", "hash": "40a51bf382e4921aa5071e0b7f761c0a3b43d73b", "bids": [{"price": "0.01", "size": "612.54"}, {"price": "0.02", "size": "261.64"}, {"price": "0.03", "size": "66"}, {"price": "0.04", "size": "65.7"}, {"price": "0.05", "size": "40"}, {"price": "0.06", "size": "5.47"}], "asks": [{"price": "0.99", "size": "214.6"}, {"price": "0.98", "size": "432.44"}, {"price": "0.97", "size": "13.11"}, {"price": "0.95", "size": "100"}, {"price": "0.94", "size": "39.22"}, {"price": "0.93", "size": "185.71"}, {"price": "0.92", "size": "92"}, {"price": "0.91", "size": "10.43"}, {"price": "0.82", "size": "10"}], "event_type": "book", "last_trade_price": ""}, {"market": "0x536e6778a152a264682bb3b64b5fe4cb0078b70698b15bc6f8df4a83e1c085d8", "asset_id": "108533752764268504631411933157673975434703750877634550581715557071193546344918", "timestamp": "1769384077714", "hash": "e6bbc8d776307c51b03e161a72ca9e4783ee1b27", "bids": [{"price": "0.01", "size": "215.69"}, {"price": "0.02", "size": "431.93"}, {"price": "0.03", "size": "24.37"}, {"price": "0.04", "size": "325"}, {"price": "0.05", "size": "100"}, {"price": "0.06", "size": "89.74"}, {"price": "0.08", "size": "79"}, {"price": "0.09", "size": "6.32"}, {"price": "0.17", "size": "10"}], "asks": [{"price": "0.99", "size": "612.54"}, {"price": "0.98", "size": "261.64"}, {"price": "0.97", "size": "66"}, {"price": "0.96", "size": "65.7"}, {"price": "0.95", "size": "40"}, {"price": "0.94", "size": "5.47"}], "event_type": "book", "last_trade_price": ""}, {"market": "0x0bd1a9e3ac504ff9f0256928d99c5910420d2779e5ad6b6a5341fae90cf6420b", "asset_id": "62701179308938939976504957175000732839413768924693974812667582642061827214887", "timestamp": "1769383415108", "hash": "c1fcabd404acdff9223491942c5af67146d03da5", "bids": [{"price": "0.01", "size": "214.6"}, {"price": "0.02", "size": "432.44"}, {"price": "0.03", "size": "13.11"}, {"price": "0.05", "size": "100"}, {"price": "0.06", "size": "39.22"}, {"price": "0.07", "size": "185.71"}, {"price": "0.08", "size": "92"}, {"price": "0.09", "size": "10.43"}, {"price": "0.18", "size": "10"}], "asks": [{"price": "0.99", "size": "612.54"}, {"price": "0.98", "size": "261.64"}, {"price": "0.97", "size": "66"}, {"price": "0.96", "size": "65.7"}, {"price": "0.95", "size": "40"}, {"price": "0.94", "size": "5.47"}], "event_type": "book", "last_trade_price": ""}, {"market": "0x536e6778a152a264682bb3b64b5fe4cb0078b70698b15bc6f8df4a83e1c085d8", "asset_id": "26788784709196149487760530358865210229248854515858916250364793494793553958627", "timestamp": "1769384077714", "hash": "b20135b9e44a387b63a54442c5800a0ff9513ab6", "bids": [{"price": "0.01", "size": "612.54"}, {"price": "0.02", "size": "261.64"}, {"price": "0.03", "size": "66"}, {"price": "0.04", "size": "65.7"}, {"price": "0.05", "size": "40"}, {"price": "0.06", "size": "5.47"}], "asks": [{"price": "0.99", "size": "215.69"}, {"price": "0.98", "size": "431.93"}, {"price": "0.97", "size": "24.37"}, {"price": "0.96", "size": "325"}, {"price": "0.95", "size": "100"}, {"price": "0.94", "size": "89.74"}, {"price": "0.92", "size": "79"}, {"price": "0.91", "size": "6.32"}, {"price": "0.83", "size": "10"}], "event_type": "book", "last_trade_price": ""}, {"market": "0x5a8fe17da25cb8ec0fad679811168971a8b02dd939db1cdd37c66483022160fb", "asset_id": "84352105508155828458604972700463593709834848944907609434611193788368154003465", "timestamp": "1769384077714", "hash": "015650883c9d17a1e709917d2bdbbb022095885b", "bids": [{"price": "0.01", "size": "612.54"}, {"price": "0.02", "size": "261.64"}, {"price": "0.03", "size": "66"}, {"price": "0.04", "size": "65.7"}, {"price": "0.05", "size": "40"}, {"price": "0.06", "size": "5.47"}], "asks": [{"price": "0.99", "size": "211.13"}, {"price": "0.98", "size": "432.18"}, {"price": "0.97", "size": "8.68"}, {"price": "0.95", "size": "100"}, {"price": "0.94", "size": "39.39"}, {"price": "0.93", "size": "201.71"}, {"price": "0.92", "size": "79"}, {"price": "0.9", "size": "11.01"}, {"price": "0.82", "size": "10"}], "event_type": "book", "last_trade_price": ""}, {"market": "0x5a8fe17da25cb8ec0fad679811168971a8b02dd939db1cdd37c66483022160fb", "asset_id": "39298355177066040011628131731328108973525890751644986340323329408730116127088", "timestamp": "1769384077714", "hash": "9ed85771c9608292ee93f451cc1f780c95bed575", "bids": [{"price": "0.01", "size": "211.13"}, {"price": "0.02", "size": "432.18"}, {"price": "0.03", "size": "8.68"}, {"price": "0.05", "size": "100"}, {"price": "0.06", "size": "39.39"}, {"price": "0.07", "size": "201.71"}, {"price": "0.08", "size": "79"}, {"price": "0.1", "size": "11.01"}, {"price": "0.18", "size": "10"}], "asks": [{"price": "0.99", "size": "612.54"}, {"price": "0.98", "size": "261.64"}, {"price": "0.97", "size": "66"}, {"price": "0.96", "size": "65.7"}, {"price": "0.95", "size": "40"}, {"price": "0.94", "size": "5.47"}], "event_type": "book", "last_trade_price": ""}]}
