{"_local_timestamp": "2026-01-25T23:41:39.171225+00:00", "data": [{"market": "0x22b41c8074d069f1edbb5c38906d70c952803f9de0c31fef6e61d237d1e6a419", "asset_id": "114079901607148516505423532687047034344259612481350685268311827551391932771715", "timestamp": "1769383751098", "hash": "977a061b33fd44e00d5c84e9a593619d8f356221", "bids": [{"price": "0.01", "size": "3151.79"}, {"price": "0.02", "size": "49.1"}], "asks": [{"price": "0.99", "size": "50"}, {"price": "0.98", "size": "5.47"}], "event_type": "book", "last_trade_price": ""}, {"market": "0x80850be202d9ed8ff25bd8b01992e3100e6a9e2104745f5b831047b6659d926d", "asset_id": "56032881669788030478145818744845557211252912368439964407205318497586632752400", "timestamp": "1769383751098", "hash": "bce98b085c58f3d39f1f74e9268008c7d914e345", "bids": [{"price": "0.01", "size": "50"}, {"price": "0.02", "size": "5.47"}], "asks": [{"price": "0.99", "size": "3151.79"}, {"price": "0.98", "size": "49.1"}], "event_type": "book", "last_trade_price": ""}, {"market": "0x22b41c8074d069f1edbb5c38906d70c952803f9de0c31fef6e61d237d1e6a419", "asset_id": "36572881435031189366330573557398441924924911537680910015179593295177132125004", "timestamp": "1769383751098", "hash": "6f34c722ae08a755cc5f07ede598f7f264fd66e0", "bids": [{"price": "0.01", "size": "50"}, {"price": "0.02", "size": "5.47"}], "asks": [{"price": "0.99", "size": "3151.79"}, {"price": "0.98", "size": "49.1"}], "event_type": "book", "last_trade_price": ""}, {"market": "0x188e53b9e7f7cccf5d1f6cc219132ee2da6ad4cb6098e3f1ad843800dfbb8a9b", "asset_id": "28440515321368243812224814029062924424954864802750353192682991435014272227071", "timestamp": "1769383751098", "hash": "a03fc817fecf9e3d726064c5a68be98ed1b7f6ec", "bids": [{"price": "0.01", "size": "3151.79"}, {"price": "0.02", "size": "49.1"}], "asks": [{"price": "0.99", "size": "50"}, {"price": "0.98", "size": "5.47"}], "event_type": "book", "last_trade_price": ""}, {"market": "0x188e53b9e7f7cccf5d1f6cc219132ee2da6ad4cb6098e3f1ad843800dfbb8a9b", "asset_id": "56731469362873839782728813415769707557354949136040949629878769683631927538427", "timestamp": "1769383751098", "hash": "d8f69650e0389d196d7ef81702e417e00ca9d0a4", "bids": [{"price": "0.01", "size": "50"}, {"price": "0.02", "size": "5.47"}], "asks": [{"price": "0.99", "size": "3151.79"}, {"price": "0.98", "size": "49.1"}], "event_type": "book", "last_trade_price": ""}, {"market": "0x80850be202d9ed8ff25bd8b01992e3100e6a9e2104745f5b831047b6659d926d", "asset_id": "74170233821884431521675435763612812650604402103388640334532783281617154938215", "timestamp": "1769383751098", "hash": "516455b3002dd03d3e9db771bf25ea14946a67f5", "bids": [{"price": "0.01", "size": "3151.79"}, {"price": "0.02", "size": "49.1"}], "asks": [{"price": "0.99", "size": "50"}, {"price": "0.98", "size": "5.47"}], "event_type": "book", "last_trade_price": ""}]}
{"_local_timestamp": "2026-01-25T23:42:48.494085+00:00", "data": {"market": "0x188e53b9e7f7cccf5d1f6cc219132ee2da6ad4cb6098e3f1ad843800dfbb8a9b", "price_changes": [{"asset_id": "28440515321368243812224814029062924424954864802750353192682991435014272227071", "price": "0.01", "size": "3050", "side": "BUY", "hash": "e808a239298ef984bf01cc59513d2f1d4b7ad885", "best_bid": "0.02", "best_ask": "0.98"}, {"asset_id": "56731469362873839782728813415769707557354949136040949629878769683631927538427", "price": "0.99", "size": "3050", "side": "SELL", "hash": "2401d45aebd302997f2fa6d61e888ba85a1979a1", "best_bid": "0.02", "best_ask": "0.98"}], "timestamp": "1769384568361", "event_type": "price_change"}}
{"_local_timestamp": "2026-01-25T23:42:48.494833+00:00", "data": {"market": "0x80850be202d9ed8ff25bd8b01992e3100e6a9e2104745f5b831047b6659d926d", "price_changes": [{"asset_id": "74170233821884431521675435763612812650604402103388640334532783281617154938215", "price": "0.01", "size": "3050", "side": "BUY", "hash": "3374ff18e57511f287d3f236f6ccec0e24075ff3", "best_bid": "0.02", "best_ask": "0.98"}, {"asset_id": "56032881669788030478145818744845557211252912368439964407205318497586632752400", "price": "0.99", "size": "3050", "side": "SELL", "hash": "d4074a366b1af03426473063d1fdf84dad8f9c10", "best_bid": "0.02", "best_ask": "0.98"}], "timestamp": "1769384568361", "event_type": "price_change"}}
{"_local_timestamp": "2026-01-25T23:42:49.603472+00:00", "data": {"market": "0x22b41c8074d069f1edbb5c38906d70c952803f9de0c31fef6e61d237d1e6a419", "price_changes": [{"asset_id": "114079901607148516505423532687047034344259612481350685268311827551391932771715", "price": "0.01", "size": "3050", "side": "BUY", "hash": "02c46a5e3a2b09e0149674772671210979f32f4b", "best_bid": "0.02", "best_ask": "0.98"}, {"asset_id": "36572881435031189366330573557398441924924911537680910015179593295177132125004", "price": "0.99", "size": "3050", "side": "SELL", "hash": "b3d63246872f886696ae141083005f05c3817726", "best_bid": "0.02", "best_ask": "0.98"}], "timestamp": "1769384569465", "event_type": "price_change"}}
{"_local_timestamp": "2026-01-25T23:42:50.261931+00:00", "data": {"market": "0x22b41c8074d069f1edbb5c38906d70c952803f9de0c31fef6e61d237d1e6a419", "price_changes": [{"asset_id": "114079901607148516505423532687047034344259612481350685268311827551391932771715", "price": "0.02", "size": "65.46", "side": "BUY", "hash": "8755b1a6861d8f861a7baff2d0c88840e587fdfa", "best_bid": "0.02", "best_ask": "0.98"}, {"asset_id": "36572881435031189366330573557398441924924911537680910015179593295177132125004", "price": "0.98", "size": "65.46", "side": "SELL", "hash": "b55a6c80c4ed5b5725bcd88a068272d2d2d5f04c", "best_bid": "0.02", "best_ask": "0.98"}], "timestamp": "1769384570122", "event_type": "price_change"}}
{"_local_timestamp": "2026-01-25T23:42:50.262278+00:00", "data": {"market": "0x22b41c8074d069f1edbb5c38906d70c952803f9de0c31fef6e61d237d1e6a419", "price_changes": [{"asset_id": "114079901607148516505423532687047034344259612481350685268311827551391932771715", "price": "0.01", "size": "3119.07", "side": "BUY", "hash": "7929b5bacee3bf3e0e4df9cb257d58f0049d5b22", "best_bid": "0.02", "best_ask": "0.98"}, {"asset_id": "36572881435031189366330573557398441924924911537680910015179593295177132125004", "price": "0.99", "size": "3119.07", "side": "SELL", "hash": "263438d863bd85a188804e38f02237d71c98e465", "best_bid": "0.02", "best_ask": "0.98"}], "timestamp": "1769384570124", "event_type": "price_change"}}
{"_local_timestamp": "2026-01-25T23:42:50.485515+00:00", "data": {"market": "0x188e53b9e7f7cccf5d1f6cc219132ee2da6ad4cb6098e3f1ad843800dfbb8a9b", "price_changes": [{"asset_id": "28440515321368243812224814029062924424954864802750353192682991435014272227071", "price": "0.01", "size": "3119.07", "side": "BUY", "hash": "4832543fc11eba1a3afbed04ef7044c5c1705215", "best_bid": "0.02", "best_ask": "0.98"}, {"asset_id": "56731469362873839782728813415769707557354949136040949629878769683631927538427", "price": "0.99", "size": "3119.07", "side": "SELL", "hash": "0ef60968552f9c01c9c3d469395b0b05783c70e1", "best_bid": "0.02", "best_ask": "0.98"}], "timestamp": "1769384570347", "event_type": "price_change"}}
{"_local_timestamp": "2026-01-25T23:42:50.486523+00:00", "data": {"market": "0x80850be202d9ed8ff25bd8b01992e3100e6a9e2104745f5b831047b6659d926d", "price_changes": [{"asset_id": "74170233821884431521675435763612812650604402103388640334532783281617154938215", "price": "0.01", "size": "3119.07", "side": "BUY", "hash": "74371bd33b7793dea4861f679c56f149d9ac973a", "best_bid": "0.02", "best_ask": "0.98"}, {"asset_id": "56032881669788030478145818744845557211252912368439964407205318497586632752400", "price": "0.99", "size": "3119.07", "side": "SELL", "hash": "97aaaaec261f80a034a6d2b9f0a1dbb747ddc192", "best_bid": "0.02", "best_ask": "0.98"}], "timestamp": "1769384570347", "event_type": "price_change"}}
{"_local_timestamp": "2026-01-25T23:42:50.487998+00:00", "data": {"market": "0x188e53b9e7f7cccf5d1f6cc219132ee2da6ad4cb6098e3f1ad843800dfbb8a9b", "price_changes": [{"asset_id": "28440515321368243812224814029062924424954864802750353192682991435014272227071", "price": "0.02", "size": "65.46", "side": "BUY", "hash": "58368377b709d068829ea1d231c2a848d4b8861d", "best_bid": "0.02", "best_ask": "0.98"}, {"asset_id": "56731469362873839782728813415769707557354949136040949629878769683631927538427", "price": "0.98", "size": "65.46", "side": "SELL", "hash": "a391bf4643e509138962f5a200f5bd40f0d65b3e", "best_bid": "0.02", "best_ask": "0.98"}], "timestamp": "1769384570349", "event_type": "price_change"}}
{"_local_timestamp": "2026-01-25T23:42:50.488551+00:00", "data": {"market": "0x80850be202d9ed8ff25bd8b01992e3100e6a9e2104745f5b831047b6659d926d", "price_changes": [{"asset_id": "74170233821884431521675435763612812650604402103388640334532783281617154938215", "price": "0.02", "size": "65.46", "side": "BUY", "hash": "72c587b3c1a28e8683d34c1a99f144da71e959dd", "best_bid": "0.02", "best_ask": "0.98"}, {"asset_id": "56032881669788030478145818744845557211252912368439964407205318497586632752400", "price": "0.98", "size": "65.46", "side": "SELL", "hash": "388524407f6560810d17af7d114d8c5a3bfd57ac", "best_bid": "0.02", "best_ask": "0.98"}], "timestamp": "1769384570349", "event_type": "price_change"}}
{"_local_timestamp": "2026-01-25T23:43:22.047947+00:00", "data": {"market": "0x22b41c8074d069f1edbb5c38906d70c952803f9de0c31fef6e61d237d1e6a419", "price_changes": [{"asset_id": "36572881435031189366330573557398441924924911537680910015179593295177132125004", "price": "0.01", "size": "116.66", "side": "BUY", "hash": "0c1111d947cd808b1ff19669fccb7f9dfd5e0c42", "best_bid": "0.02", "best_ask": "0.98"}, {"asset_id": "114079901607148516505423532687047034344259612481350685268311827551391932771715", "price": "0.99", "size": "116.66", "side": "SELL", "hash": "9fe1fc3cea28f9ce6004f0ca07b323a5fa1b15dc", "best_bid": "0.02", "best_ask": "0.98"}], "timestamp": "1769384601929", "event_type": "price_change"}}
{"_local_timestamp": "2026-01-25T23:43:22.048963+00:00", "data": {"market": "0x188e53b9e7f7cccf5d1f6cc219132ee2da6ad4cb6098e3f1ad843800dfbb8a9b", "price_changes": [{"asset_id": "56731469362873839782728813415769707557354949136040949629878769683631927538427", "price": "0.01", "size": "116.66", "side": "BUY", "hash": "da4c4f08cae8a319ac8683bfb618b1045872a363", "best_bid": "0.02", "best_ask": "0.98"}, {"asset_id": "28440515321368243812224814029062924424954864802750353192682991435014272227071", "price": "0.99", "size": "116.66", "side": "SELL", "hash": "8da43b89f041d05e41205e25df1ef9cafd60f30d", "best_bid": "0.02", "best_ask": "0.98"}], "timestamp": "1769384601929", "event_type": "price_change"}}
{"_local_timestamp": "2026-01-25T23:43:22.049333+00:00", "data": {"market": "0x80850be202d9ed8ff25bd8b01992e3100e6a9e2104745f5b831047b6659d926d", "price_changes": [{"asset_id": "56032881669788030478145818744845557211252912368439964407205318497586632752400", "price": "0.01", "size": "116.66", "side": "BUY", "hash": "e24d3ac4dce601daf0c8e864bd60410f186acccb", "best_bid": "0.02", "best_ask": "0.98"}, {"asset_id": "74170233821884431521675435763612812650604402103388640334532783281617154938215", "price": "0.99", "size": "116.66", "side": "SELL", "hash": "e9e6d0e4f2e86b02dee4076b2747d46075711619", "best_bid": "0.02", "best_ask": "0.98"}], "timestamp": "1769384601929", "event_type": "price_change"}}
