{"_local_timestamp": "2026-01-25T23:41:38.263723+00:00", "data": [{"market": "0x3dd0c70718c29f928281b67b02a8ac3ddc298b95f085673c0926975f8a2447ff", "asset_id": "47843214991027435721398723610550897058377219573873617290088173754137105000769", "timestamp": "1769383768429", "hash": "4a9c439692c7ac6e44fe4170a497e6810334580e", "bids": [{"price": "0.01", "size": "285.01"}, {"price": "0.02", "size": "32.49"}], "asks": [{"price": "0.99", "size": "276.93"}, {"price": "0.98", "size": "150.79"}, {"price": "0.97", "size": "15.83"}, {"price": "0.96", "size": "5.47"}], "event_type": "book", "last_trade_price": ""}, {"market": "0x9aa7d18b9adf6ab93ebfb726b6dbd73073eeda84c0fefad986134445c894a213", "asset_id": "97329246119493356265340790800968731885717725354362570221270422102124497111966", "timestamp": "1769383766060", "hash": "0ac64bf986b43c2a3cdd0eb0e75ae9fd9e348f20", "bids": [{"price": "0.01", "size": "424.83"}, {"price": "0.02", "size": "58.12"}, {"price": "0.03", "size": "6.42"}, {"price": "0.04", "size": "133"}, {"price": "0.05", "size": "77.93"}], "asks": [{"price": "0.99", "size": "414.79"}, {"price": "0.98", "size": "26.16"}, {"price": "0.96", "size": "31"}, {"price": "0.95", "size": "80"}, {"price": "0.94", "size": "43.95"}], "event_type": "book", "last_trade_price": ""}, {"market": "0x41df7e4654eab3c5db29ce94fd84dfb3ea11d1fa2c85220bf2f999a73582dca0", "asset_id": "51336797329640041222262197698461213788835420781201012808155508392593102967170", "timestamp": "1769383769287", "hash": "6dc7fb7f17fb2d654bd1d7e9fa1ab922833d5c67", "bids": [{"price": "0.01", "size": "276.93"}, {"price": "0.02", "size": "150.79"}, {"price": "0.03", "size": "15.83"}, {"price": "0.04", "size": "5.47"}], "asks": [{"price": "0.99", "size": "285.01"}, {"price": "0.98", "size": "32.49"}], "event_type": "book", "last_trade_price": ""}, {"market": "0x3447332db6e0151dfd03ab151352f79035fd3e6d722cfd1e789d2d7682a2c06e", "asset_id": "66228669318483962999352657134866961907110607952396034484897779219156820992943", "timestamp": "1769383770383", "hash": "1caa2bf1f87ee6c268609beea64cd1e29efda2e2", "bids": [{"price": "0.01", "size": "276.93"}, {"price": "0.02", "size": "150.79"}, {"price": "0.03", "size": "15.83"}, {"price": "0.04", "size": "5.47"}], "asks": [{"price": "0.99", "size": "285.01"}, {"price": "0.98", "size": "32.49"}], "event_type": "book", "last_trade_price": ""}, {"market": "0x3dd0c70718c29f928281b67b02a8ac3ddc298b95f085673c0926975f8a2447ff", "asset_id": "53983896366822834516665881740496146129307693403455313222819738621747778696309", "timestamp": "1769383768429", "hash": "d2d082d98140986170710c92cbec1e7be46e24ec", "bids": [{"price": "0.01", "size": "276.93"}, {"price": "0.02", "size": "150.79"}, {"price": "0.03", "size": "15.83"}, {"price": "0.04", "size": "5.47"}], "asks": [{"price": "0.99", "size": "285.01"}, {"price": "0.98", "size": "32.49"}], "event_type": "book", "last_trade_price": ""}, {"market": "0x41df7e4654eab3c5db29ce94fd84dfb3ea11d1fa2c85220bf2f999a73582dca0", "asset_id": "51264332757585364297341200787534848429464971972624399695054670772461037146892", "timestamp": "1769383769287", "hash": "7e164a4d99527d540c7302b03b998d8dba7f56d6", "bids": [{"price": "0.01", "size": "285.01"}, {"price": "0.02", "size": "32.49"}], "asks": [{"price": "0.99", "size": "276.93"}, {"price": "0.98", "size": "150.79"}, {"price": "0.97", "size": "15.83"}, {"price": "0.96", "size": "5.47"}], "event_type": "book", "last_trade_price": ""}, {"market": "0x3447332db6e0151dfd03ab151352f79035fd3e6d722cfd1e789d2d7682a2c06e", "asset_id": "30539699474536457795757772844264821043393680980912890870627702469276616414285", "timestamp": "1769383770383", "hash": "6b47af743b3b75a02c72a01d4e1c76f528155f73", "bids": [{"price": "0.01", "size": "285.01"}, {"price": "0.02", "size": "32.49"}], "asks": [{"price": "0.99", "size": "276.93"}, {"price": "0.98", "size": "150.79"}, {"price": "0.97", "size": "15.83"}, {"price": "0.96", "size": "5.47"}], "event_type": "book", "last_trade_price": ""}, {"market": "0xf41f153e0186747ccb201159f95caa09b16bca1cfc262c4e87fce439f19ef690", "asset_id": "66552188149092221291368587102344490161012953814931139836171319463190163379651", "timestamp": "1769383767206", "hash": "a86789141c3d1894030635fdddc1298f26fffd10", "bids": [{"price": "0.01", "size": "276.93"}, {"price": "0.02", "size": "150.79"}, {"price": "0.03", "size": "15.83"}, {"price": "0.04", "size": "5.47"}], "asks": [{"price": "0.99", "size": "285.01"}, {"price": "0.98", "size": "32.49"}], "event_type": "book", "last_trade_price": ""}, {"market": "0x9aa7d18b9adf6ab93ebfb726b6dbd73073eeda84c0fefad986134445c894a213", "asset_id": "20697954580936781803645566585492024862373002803460298583276050873720755317414", "timestamp": "1769383766060", "hash": "33d31ddd5af14618828f99106b1d73c1a5de90f9", "bids": [{"price": "0.01", "size": "414.79"}, {"price": "0.02", "size": "26.16"}, {"price": "0.04", "size": "31"}, {"price": "0.05", "size": "80"}, {"price": "0.06", "size": "43.95"}], "asks": [{"price": "0.99", "size": "424.83"}, {"price": "0.98", "size": "58.12"}, {"price": "0.97", "size": "6.42"}, {"price": "0.96", "size": "133"}, {"price": "0.95", "size": "77.93"}], "event_type": "book", "last_trade_price": ""}, {"market": "0xf41f153e0186747ccb201159f95caa09b16bca1cfc262c4e87fce439f19ef690", "asset_id": "36486334349128853756760647397945844499607276563937898418352850851192674096712", "timestamp": "1769383767206", "hash": "10e04472045cbb73f974fb9bb0a44e334ae3a3aa", "bids": [{"price": "0.01", "size": "285.01"}, {"price": "0.02", "size": "32.49"}], "asks": [{"price": "0.99", "size": "276.93"}, {"price": "0.98", "size": "150.79"}, {"price": "0.97", "size": "15.83"}, {"price": "0.96", "size": "5.47"}], "event_type": "book", "last_trade_price": ""}]}
