{"_local_timestamp": "2026-01-25T23:40:41.641001+00:00", "data": [{"market": "0x3f85b0d93db11c449ff2b38687dcd1eacde59f87237c15815af3fa1b5b8e1cf3", "asset_id": "105348778318527990745805132520856699619712448389399495051215018454082596094957", "timestamp": "1769384440622", "hash": "b289978bd14297fff579c52b588a9a9f98a3be26", "bids": [{"price": "0.001", "size": "6692.36"}, {"price": "0.002", "size": "5.05"}, {"price": "0.003", "size": "1000"}, {"price": "0.004", "size": "20.47"}, {"price": "0.01", "size": "5750"}, {"price": "0.02", "size": "2500"}, {"price": "0.021", "size": "14.34"}, {"price": "0.05", "size": "330"}, {"price": "0.051", "size": "39"}, {"price": "0.09", "size": "500"}, {"price": "0.093", "size": "3724"}, {"price": "0.094", "size": "6.4"}, {"price": "0.14", "size": "242.85"}, {"price": "0.141", "size": "1459"}, {"price": "0.19", "size": "168.42"}, {"price": "0.2", "size": "1050"}, {"price": "0.24", "size": "216.66"}, {"price": "0.242", "size": "1834"}, {"price": "0.27", "size": "50"}, {"price": "0.28", "size": "92.85"}, {"price": "0.33", "size": "72.72"}, {"price": "0.34", "size": "50"}, {"price": "0.38", "size": "52.63"}, {"price": "0.429", "size": "1398"}, {"price": "0.43", "size": "3311"}, {"price": "0.432", "size": "185"}, {"price": "0.72", "size": "5"}, {"price": "0.861", "size": "5"}, {"price": "0.876", "size": "185.45"}, {"price": "0.906", "size": "54.07"}, {"price": "0.907", "size": "200"}, {"price": "0.919", "size": "106"}, {"price": "0.92", "size": "200"}, {"price": "0.921", "size": "36.3"}, {"price": "0.922", "size": "23.1"}, {"price": "0.923", "size": "6.47"}], "asks": [{"price": "0.999", "size": "6084.99"}, {"price": "0.998", "size": "1756.13"}, {"price": "0.997", "size": "32"}, {"price": "0.99", "size": "1955.98"}, {"price": "0.989", "size": "11.44"}, {"price": "0.98", "size": "1200"}, {"price": "0.979", "size": "250"}, {"price": "0.978", "size": "7.31"}, {"price": "0.975", "size": "100"}, {"price": "0.97", "size": "1072.37"}, {"price": "0.969", "size": "100"}, {"price": "0.966", "size": "229.87"}, {"price": "0.965", "size": "170.37"}, {"price": "0.964", "size": "6.74"}, {"price": "0.96", "size": "239.02"}, {"price": "0.959", "size": "244"}, {"price": "0.941", "size": "207.28"}, {"price": "0.94", "size": "1.39"}], "event_type": "book", "last_trade_price": "0.060"}, {"market": "0x3f85b0d93db11c449ff2b38687dcd1eacde59f87237c15815af3fa1b5b8e1cf3", "asset_id": "71147528580947670980523166500223986349995999092566261733258219373243679868890", "timestamp": "1769384440622", "hash": "fe09b377f64291686ea444346aafcdc9891eae09", "bids": [{"price": "0.001", "size": "6084.99"}, {"price": "0.002", "size": "1756.13"}, {"price": "0.003", "size": "32"}, {"price": "0.01", "size": "1955.98"}, {"price": "0.011", "size": "11.44"}, {"price": "0.02", "size": "1200"}, {"price": "0.021", "size": "250"}, {"price": "0.022", "size": "7.31"}, {"price": "0.025", "size": "100"}, {"price": "0.03", "size": "1072.37"}, {"price": "0.031", "size": "100"}, {"price": "0.034", "size": "229.87"}, {"price": "0.035", "size": "170.37"}, {"price": "0.036", "size": "6.74"}, {"price": "0.04", "size": "239.02"}, {"price": "0.041", "size": "244"}, {"price": "0.059", "size": "207.28"}, {"price": "0.06", "size": "1.39"}], "asks": [{"price": "0.999", "size": "6692.36"}, {"price": "0.998", "size": "5.05"}, {"price": "0.997", "size": "1000"}, {"price": "0.996", "size": "20.47"}, {"price": "0.99", "size": "5750"}, {"price": "0.98", "size": "2500"}, {"price": "0.979", "size": "14.34"}, {"price": "0.95", "size": "330"}, {"price": "0.949", "size": "39"}, {"price": "0.91", "size": "500"}, {"price": "0.907", "size": "3724"}, {"price": "0.906", "size": "6.4"}, {"price": "0.86", "size": "242.85"}, {"price": "0.859", "size": "1459"}, {"price": "0.81", "size": "168.42"}, {"price": "0.8", "size": "1050"}, {"price": "0.76", "size": "216.66"}, {"price": "0.758", "size": "1834"}, {"price": "0.73", "size": "50"}, {"price": "0.72", "size": "92.85"}, {"price": "0.67", "size": "72.72"}, {"price": "0.66", "size": "50"}, {"price": "0.62", "size": "52.63"}, {"price": "0.571", "size": "1398"}, {"price": "0.57", "size": "3311"}, {"price": "0.568", "size": "185"}, {"price": "0.28", "size": "5"}, {"price": "0.139", "size": "5"}, {"price": "0.124", "size": "185.45"}, {"price": "0.094", "size": "54.07"}, {"price": "0.093", "size": "200"}, {"price": "0.081", "size": "106"}, {"price": "0.08", "size": "200"}, {"price": "0.079", "size": "36.3"}, {"price": "0.078", "size": "23.1"}, {"price": "0.077", "size": "6.47"}], "event_type": "book", "last_trade_price": "0.060"}]}
{"_local_timestamp": "2026-01-25T23:41:14.613557+00:00", "data": {"market": "0x3f85b0d93db11c449ff2b38687dcd1eacde59f87237c15815af3fa1b5b8e1cf3", "price_changes": [{"asset_id": "105348778318527990745805132520856699619712448389399495051215018454082596094957", "price": "0.242", "size": "100", "side": "BUY", "hash": "052e8877bdc8ee85ad9954ebfb63f62464ec6184", "best_bid": "0.923", "best_ask": "0.94"}, {"asset_id": "71147528580947670980523166500223986349995999092566261733258219373243679868890", "price": "0.758", "size": "100", "side": "SELL", "hash": "eaeed64fd229f5a5cdb663a1566263fe2294a27f", "best_bid": "0.06", "best_ask": "0.077"}], "timestamp": "1769384474530", "event_type": "price_change"}}
{"_local_timestamp": "2026-01-25T23:41:17.056712+00:00", "data": {"market": "0x3f85b0d93db11c449ff2b38687dcd1eacde59f87237c15815af3fa1b5b8e1cf3", "price_changes": [{"asset_id": "105348778318527990745805132520856699619712448389399495051215018454082596094957", "price": "0.241", "size": "1742", "side": "BUY", "hash": "e45ab5af8035b381bcb3adb86b2a5f3abaaa1852", "best_bid": "0.923", "best_ask": "0.94"}, {"asset_id": "71147528580947670980523166500223986349995999092566261733258219373243679868890", "price": "0.759", "size": "1742", "side": "SELL", "hash": "0ec79a7bf5c2546f298c473e632f45ecc7246dfd", "best_bid": "0.06", "best_ask": "0.077"}], "timestamp": "1769384476987", "event_type": "price_change"}}
{"_local_timestamp": "2026-01-25T23:41:50.927141+00:00", "data": {"market": "0x3f85b0d93db11c449ff2b38687dcd1eacde59f87237c15815af3fa1b5b8e1cf3", "price_changes": [{"asset_id": "105348778318527990745805132520856699619712448389399495051215018454082596094957", "price": "0.43", "size": "3251", "side": "BUY", "hash": "4ad7860cbf7a180b60f45d7e30bb76532238e3dc", "best_bid": "0.923", "best_ask": "0.94"}, {"asset_id": "71147528580947670980523166500223986349995999092566261733258219373243679868890", "price": "0.57", "size": "3251", "side": "SELL", "hash": "bfa56357121eb0ead45201dd834907633f10b550", "best_bid": "0.06", "best_ask": "0.077"}], "timestamp": "1769384510753", "event_type": "price_change"}}
{"_local_timestamp": "2026-01-25T23:41:50.929272+00:00", "data": {"market": "0x3f85b0d93db11c449ff2b38687dcd1eacde59f87237c15815af3fa1b5b8e1cf3", "price_changes": [{"asset_id": "105348778318527990745805132520856699619712448389399495051215018454082596094957", "price": "0.24", "size": "116.66", "side": "BUY", "hash": "4ad7860cbf7a180b60f45d7e30bb76532238e3dc", "best_bid": "0.923", "best_ask": "0.94"}, {"asset_id": "71147528580947670980523166500223986349995999092566261733258219373243679868890", "price": "0.76", "size": "116.66", "side": "SELL", "hash": "bfa56357121eb0ead45201dd834907633f10b550", "best_bid": "0.06", "best_ask": "0.077"}], "timestamp": "1769384510753", "event_type": "price_change"}}
{"_local_timestamp": "2026-01-25T23:41:52.015134+00:00", "data": {"market": "0x3f85b0d93db11c449ff2b38687dcd1eacde59f87237c15815af3fa1b5b8e1cf3", "price_changes": [{"asset_id": "105348778318527990745805132520856699619712448389399495051215018454082596094957", "price": "0.432", "size": "245", "side": "BUY", "hash": "73ee141ac250c33cd9754c5a2543495088a9a9d7", "best_bid": "0.923", "best_ask": "0.94"}, {"asset_id": "71147528580947670980523166500223986349995999092566261733258219373243679868890", "price": "0.568", "size": "245", "side": "SELL", "hash": "1a2833f67311238e938119ac3212838507d34add", "best_bid": "0.06", "best_ask": "0.077"}], "timestamp": "1769384511699", "event_type": "price_change"}}
{"_local_timestamp": "2026-01-25T23:41:52.927391+00:00", "data": {"market": "0x3f85b0d93db11c449ff2b38687dcd1eacde59f87237c15815af3fa1b5b8e1cf3", "price_changes": [{"asset_id": "105348778318527990745805132520856699619712448389399495051215018454082596094957", "price": "0.242", "size": "200", "side": "BUY", "hash": "651b374abab63c2b74b3b7fb991d2f270872e30d", "best_bid": "0.923", "best_ask": "0.94"}, {"asset_id": "71147528580947670980523166500223986349995999092566261733258219373243679868890", "price": "0.758", "size": "200", "side": "SELL", "hash": "16782449ad5537226a0fb149bd5cf5b457da2e0f", "best_bid": "0.06", "best_ask": "0.077"}], "timestamp": "1769384511946", "event_type": "price_change"}}
{"_local_timestamp": "2026-01-25T23:42:47.196434+00:00", "data": {"market": "0x3f85b0d93db11c449ff2b38687dcd1eacde59f87237c15815af3fa1b5b8e1cf3", "price_changes": [{"asset_id": "105348778318527990745805132520856699619712448389399495051215018454082596094957", "price": "0.241", "size": "0", "side": "BUY", "hash": "c42a7557c72482e2fc464416cad552f804af6a67", "best_bid": "0.923", "best_ask": "0.94"}, {"asset_id": "71147528580947670980523166500223986349995999092566261733258219373243679868890", "price": "0.759", "size": "0", "side": "SELL", "hash": "d68e3712cd3e423187e73c9ea9e984963f972eda", "best_bid": "0.06", "best_ask": "0.077"}], "timestamp": "1769384566989", "event_type": "price_change"}}
{"_local_timestamp": "2026-01-25T23:43:12.502028+00:00", "data": {"market": "0x3f85b0d93db11c449ff2b38687dcd1eacde59f87237c15815af3fa1b5b8e1cf3", "price_changes": [{"asset_id": "105348778318527990745805132520856699619712448389399495051215018454082596094957", "price": "0.243", "size": "1728", "side": "BUY", "hash": "90ef57aff08a49a9af59ba4fea35e02a881c0947", "best_bid": "0.923", "best_ask": "0.94"}, {"asset_id": "71147528580947670980523166500223986349995999092566261733258219373243679868890", "price": "0.757", "size": "1728", "side": "SELL", "hash": "519c1a622789f87828f584edd388b700e122445a", "best_bid": "0.06", "best_ask": "0.077"}], "timestamp": "1769384592369", "event_type": "price_change"}}
