{"_local_timestamp": "2026-01-25T23:40:42.128407+00:00", "data": [{"market": "0x97c667cff605b7dea893e79ace9b9506d244898fc5429358ae1e218548ac360b", "asset_id": "50273842713217173135967070517670066246379254064706403726846799660656446284544", "timestamp": "1769384427890", "hash": "6c98418fd9fb90790ea8e5716aee972ba66eaea3", "bids": [{"price": "0.01", "size": "76.95"}, {"price": "0.02", "size": "29.91"}, {"price": "0.05", "size": "30"}, {"price": "0.06", "size": "33"}, {"price": "0.07", "size": "8.32"}, {"price": "0.08", "size": "66.66"}, {"price": "0.11", "size": "75"}, {"price": "0.12", "size": "25.97"}, {"price": "0.18", "size": "72.21"}], "asks": [{"price": "0.99", "size": "77.57"}, {"price": "0.98", "size": "25.29"}, {"price": "0.94", "size": "66.66"}, {"price": "0.93", "size": "5.5"}, {"price": "0.91", "size": "11.1"}, {"price": "0.89", "size": "200"}, {"price": "0.88", "size": "66.66"}], "event_type": "book", "last_trade_price": ""}, {"market": "0x4a03df68d8bc2d9d5acb5a20a907decce4045668931d6edac88f6deea39de1ce", "asset_id": "91134056361940201893494305153220998213627095877115808251230716593928688430751", "timestamp": "1769384128571", "hash": "479c681d5fd3b746bb6e164e3d9f2f00dbf0aa17", "bids": [{"price": "0.02", "size": "100"}, {"price": "0.03", "size": "16"}, {"price": "0.05", "size": "20"}, {"price": "0.09", "size": "125"}, {"price": "0.15", "size": "100"}, {"price": "0.27", "size": "10"}], "asks": [{"price": "0.99", "size": "5576.67"}, {"price": "0.98", "size": "2200"}, {"price": "0.97", "size": "14"}, {"price": "0.95", "size": "10"}, {"price": "0.94", "size": "1100"}, {"price": "0.93", "size": "20"}, {"price": "0.92", "size": "6.28"}, {"price": "0.91", "size": "377.77"}, {"price": "0.88", "size": "541.66"}, {"price": "0.84", "size": "325"}, {"price": "0.83", "size": "5.24"}, {"price": "0.81", "size": "136.84"}, {"price": "0.78", "size": "259.09"}, {"price": "0.77", "size": "54"}, {"price": "0.75", "size": "80"}, {"price": "0.72", "size": "58.01"}, {"price": "0.71", "size": "6"}, {"price": "0.44", "size": "208.01"}], "event_type": "book", "last_trade_price": ""}, {"market": "0x4a03df68d8bc2d9d5acb5a20a907decce4045668931d6edac88f6deea39de1ce", "asset_id": "71632165236422651470429350517544804037517697197619834153829962377081244850682", "timestamp": "1769384128571", "hash": "fb23904f773e508f2f619922006479a43d60ac59", "bids": [{"price": "0.01", "size": "5576.67"}, {"price": "0.02", "size": "2200"}, {"price": "0.03", "size": "14"}, {"price": "0.05", "size": "10"}, {"price": "0.06", "size": "1100"}, {"price": "0.07", "size": "20"}, {"price": "0.08", "size": "6.28"}, {"price": "0.09", "size": "377.77"}, {"price": "0.12", "size": "541.66"}, {"price": "0.16", "size": "325"}, {"price": "0.17", "size": "5.24"}, {"price": "0.19", "size": "136.84"}, {"price": "0.22", "size": "259.09"}, {"price": "0.23", "size": "54"}, {"price": "0.25", "size": "80"}, {"price": "0.28", "size": "58.01"}, {"price": "0.29", "size": "6"}, {"price": "0.56", "size": "208.01"}], "asks": [{"price": "0.98", "size": "100"}, {"price": "0.97", "size": "16"}, {"price": "0.95", "size": "20"}, {"price": "0.91", "size": "125"}, {"price": "0.85", "size": "100"}, {"price": "0.73", "size": "10"}], "event_type": "book", "last_trade_price": ""}, {"market": "0x97c667cff605b7dea893e79ace9b9506d244898fc5429358ae1e218548ac360b", "asset_id": "92489819804290368443943803966220296254525527906989333620579684623025259387169", "timestamp": "1769384427890", "hash": "372b950f75b43695813dd31c5b3d9655312f3ec0", "bids": [{"price": "0.01", "size": "77.57"}, {"price": "0.02", "size": "25.29"}, {"price": "0.06", "size": "66.66"}, {"price": "0.07", "size": "5.5"}, {"price": "0.09", "size": "11.1"}, {"price": "0.11", "size": "200"}, {"price": "0.12", "size": "66.66"}], "asks": [{"price": "0.99", "size": "76.95"}, {"price": "0.98", "size": "29.91"}, {"price": "0.95", "size": "30"}, {"price": "0.94", "size": "33"}, {"price": "0.93", "size": "8.32"}, {"price": "0.92", "size": "66.66"}, {"price": "0.89", "size": "75"}, {"price": "0.88", "size": "25.97"}, {"price": "0.82", "size": "72.21"}], "event_type": "book", "last_trade_price": ""}]}
{"_local_timestamp": "2026-01-25T23:42:41.633100+00:00", "data": {"market": "0x4a03df68d8bc2d9d5acb5a20a907decce4045668931d6edac88f6deea39de1ce", "price_changes": [{"asset_id": "91134056361940201893494305153220998213627095877115808251230716593928688430751", "price": "0.04", "size": "7.79", "side": "BUY", "hash": "30c296a65007f1d03826d6c5b563897452c7bc8d", "best_bid": "0.27", "best_ask": "0.44"}, {"asset_id": "71632165236422651470429350517544804037517697197619834153829962377081244850682", "price": "0.96", "size": "7.79", "side": "SELL", "hash": "f73247dc4ed80d458dd238a02437a0b34f80907d", "best_bid": "0.56", "best_ask": "0.73"}], "timestamp": "1769384561554", "event_type": "price_change"}}
{"_local_timestamp": "2026-01-25T23:42:41.634161+00:00", "data": {"market": "0x4a03df68d8bc2d9d5acb5a20a907decce4045668931d6edac88f6deea39de1ce", "price_changes": [{"asset_id": "91134056361940201893494305153220998213627095877115808251230716593928688430751", "price": "0.01", "size": "17.3", "side": "BUY", "hash": "1408e8cd5235c2301eef05685fb106db4a419c72", "best_bid": "0.27", "best_ask": "0.44"}, {"asset_id": "71632165236422651470429350517544804037517697197619834153829962377081244850682", "price": "0.99", "size": "17.3", "side": "SELL", "hash": "50e35196247e520502d9636899060f34f1e36b84", "best_bid": "0.56", "best_ask": "0.73"}], "timestamp": "1769384561556", "event_type": "price_change"}}
{"_local_timestamp": "2026-01-25T23:42:41.637719+00:00", "data": {"market": "0x4a03df68d8bc2d9d5acb5a20a907decce4045668931d6edac88f6deea39de1ce", "price_changes": [{"asset_id": "91134056361940201893494305153220998213627095877115808251230716593928688430751", "price": "0.1", "size": "5.15", "side": "BUY", "hash": "760874d787ef568b7f20f85f06aecb3711ddae9a", "best_bid": "0.27", "best_ask": "0.44"}, {"asset_id": "71632165236422651470429350517544804037517697197619834153829962377081244850682", "price": "0.9", "size": "5.15", "side": "SELL", "hash": "293fd2335145cde438d7ca6c420414378540bc37", "best_bid": "0.56", "best_ask": "0.73"}], "timestamp": "1769384561557", "event_type": "price_change"}}
{"_local_timestamp": "2026-01-25T23:43:58.592931+00:00", "data": {"market": "0x97c667cff605b7dea893e79ace9b9506d244898fc5429358ae1e218548ac360b", "price_changes": [{"asset_id": "50273842713217173135967070517670066246379254064706403726846799660656446284544", "price": "0.13", "size": "50", "side": "BUY", "hash": "74feff61df23dfd65c6fb69161667db8f84558fe", "best_bid": "0.18", "best_ask": "0.88"}, {"asset_id": "92489819804290368443943803966220296254525527906989333620579684623025259387169", "price": "0.87", "size": "50", "side": "SELL", "hash": "ddbf6c5db2621e29591a3d5347716fc234297595", "best_bid": "0.12", "best_ask": "0.82"}], "timestamp": "1769384638526", "event_type": "price_change"}}
{"_local_timestamp": "2026-01-25T23:43:59.226298+00:00", "data": {"market": "0x97c667cff605b7dea893e79ace9b9506d244898fc5429358ae1e218548ac360b", "price_changes": [{"asset_id": "50273842713217173135967070517670066246379254064706403726846799660656446284544", "price": "0.12", "size": "5.97", "side": "BUY", "hash": "8b042e1f7f939466a401db2dcc2a4c3f62e41df4", "best_bid": "0.18", "best_ask": "0.88"}, {"asset_id": "92489819804290368443943803966220296254525527906989333620579684623025259387169", "price": "0.88", "size": "5.97", "side": "SELL", "hash": "4c9cf746d16fcbb87e1a1f3f2d578da4b8bde6cb", "best_bid": "0.12", "best_ask": "0.82"}], "timestamp": "1769384639153", "event_type": "price_change"}}
{"_local_timestamp": "2026-01-25T23:43:59.252007+00:00", "data": {"market": "0x97c667cff605b7dea893e79ace9b9506d244898fc5429358ae1e218548ac360b", "price_changes": [{"asset_id": "50273842713217173135967070517670066246379254064706403726846799660656446284544", "price": "0.14", "size": "20", "side": "BUY", "hash": "3c21cfe481c621150449e58948ad9aa6cd64eb4d", "best_bid": "0.18", "best_ask": "0.88"}, {"asset_id": "92489819804290368443943803966220296254525527906989333620579684623025259387169", "price": "0.86", "size": "20", "side": "SELL", "hash": "df739ddd47559f22eb5a85383f5d63b7c443b419", "best_bid": "0.12", "best_ask": "0.82"}], "timestamp": "1769384639177", "event_type": "price_change"}}
