{"_local_timestamp": "2026-01-25T23:40:31.190377+00:00", "data": [{"market": "0x339d8be5cb57653a9ee63e07d216543622cdefb45eed81b1680e83887a2d7bc6", "asset_id": "49913535691357405888189005795777119729203074497784553050607906527813175648482", "timestamp": "1769384429267", "hash": "c00e2a86e6b25df1be27e9ac37e4c822adbf283c", "bids": [{"price": "0.001", "size": "2161"}, {"price": "0.002", "size": "1250"}, {"price": "0.003", "size": "1000"}, {"price": "0.004", "size": "1000"}, {"price": "0.01", "size": "5000"}, {"price": "0.02", "size": "1000"}, {"price": "0.021", "size": "8353"}, {"price": "0.082", "size": "2650"}, {"price": "0.134", "size": "1194"}, {"price": "0.135", "size": "3485"}, {"price": "0.184", "size": "100"}, {"price": "0.2", "size": "200"}, {"price": "0.201", "size": "25"}, {"price": "0.21", "size": "100"}, {"price": "0.261", "size": "50"}, {"price": "0.27", "size": "50"}, {"price": "0.4", "size": "66.17"}, {"price": "0.401", "size": "90.69"}, {"price": "0.5", "size": "8.65"}, {"price": "0.51", "size": "187"}, {"price": "0.511", "size": "72.66"}, {"price": "0.512", "size": "100"}, {"price": "0.513", "size": "6"}, {"price": "0.54", "size": "6"}, {"price": "0.542", "size": "66.66"}, {"price": "0.564", "size": "5"}, {"price": "0.568", "size": "6"}, {"price": "0.572", "size": "66.66"}, {"price": "0.574", "size": "45"}], "asks": [{"price": "0.999", "size": "2869.5"}, {"price": "0.998", "size": "1250"}, {"price": "0.996", "size": "1000"}, {"price": "0.995", "size": "500"}, {"price": "0.994", "size": "188.85"}, {"price": "0.993", "size": "8613"}, {"price": "0.98", "size": "500"}, {"price": "0.979", "size": "250"}, {"price": "0.949", "size": "936.48"}, {"price": "0.934", "size": "723.72"}, {"price": "0.932", "size": "515.17"}, {"price": "0.929", "size": "324"}, {"price": "0.928", "size": "500"}, {"price": "0.926", "size": "554.32"}, {"price": "0.925", "size": "173.33"}, {"price": "0.902", "size": "50"}, {"price": "0.901", "size": "55.55"}, {"price": "0.88", "size": "23"}, {"price": "0.868", "size": "63.94"}, {"price": "0.85", "size": "7"}, {"price": "0.849", "size": "6"}, {"price": "0.845", "size": "200"}, {"price": "0.838", "size": "200"}, {"price": "0.837", "size": "6"}, {"price": "0.835", "size": "200"}, {"price": "0.833", "size": "3000"}, {"price": "0.832", "size": "106"}, {"price": "0.83", "size": "6"}, {"price": "0.829", "size": "123.64"}, {"price": "0.828", "size": "29.69"}], "event_type": "book", "last_trade_price": "0.609"}, {"market": "0x339d8be5cb57653a9ee63e07d216543622cdefb45eed81b1680e83887a2d7bc6", "asset_id": "107283612200874762627410448315233948227070614640181631187039818267842487558132", "timestamp": "1769384429267", "hash": "3f60e3c99e63b855871a164eb0e64ed41bb1da74", "bids": [{"price": "0.001", "size": "2869.5"}, {"price": "0.002", "size": "1250"}, {"price": "0.004", "size": "1000"}, {"price": "0.005", "size": "500"}, {"price": "0.006", "size": "188.85"}, {"price": "0.007", "size": "8613"}, {"price": "0.02", "size": "500"}, {"price": "0.021", "size": "250"}, {"price": "0.051", "size": "936.48"}, {"price": "0.066", "size": "723.72"}, {"price": "0.068", "size": "515.17"}, {"price": "0.071", "size": "324"}, {"price": "0.072", "size": "500"}, {"price": "0.074", "size": "554.32"}, {"price": "0.075", "size": "173.33"}, {"price": "0.098", "size": "50"}, {"price": "0.099", "size": "55.55"}, {"price": "0.12", "size": "23"}, {"price": "0.132", "size": "63.94"}, {"price": "0.15", "size": "7"}, {"price": "0.151", "size": "6"}, {"price": "0.155", "size": "200"}, {"price": "0.162", "size": "200"}, {"price": "0.163", "size": "6"}, {"price": "0.165", "size": "200"}, {"price": "0.167", "size": "3000"}, {"price": "0.168", "size": "106"}, {"price": "0.17", "size": "6"}, {"price": "0.171", "size": "123.64"}, {"price": "0.172", "size": "29.69"}], "asks": [{"price": "0.999", "size": "2161"}, {"price": "0.998", "size": "1250"}, {"price": "0.997", "size": "1000"}, {"price": "0.996", "size": "1000"}, {"price": "0.99", "size": "5000"}, {"price": "0.98", "size": "1000"}, {"price": "0.979", "size": "8353"}, {"price": "0.918", "size": "2650"}, {"price": "0.866", "size": "1194"}, {"price": "0.865", "size": "3485"}, {"price": "0.816", "size": "100"}, {"price": "0.8", "size": "200"}, {"price": "0.799", "size": "25"}, {"price": "0.79", "size": "100"}, {"price": "0.739", "size": "50"}, {"price": "0.73", "size": "50"}, {"price": "0.6", "size": "66.17"}, {"price": "0.599", "size": "90.69"}, {"price": "0.5", "size": "8.65"}, {"price": "0.49", "size": "187"}, {"price": "0.489", "size": "72.66"}, {"price": "0.488", "size": "100"}, {"price": "0.487", "size": "6"}, {"price": "0.46", "size": "6"}, {"price": "0.458", "size": "66.66"}, {"price": "0.436", "size": "5"}, {"price": "0.432", "size": "6"}, {"price": "0.428", "size": "66.66"}, {"price": "0.426", "size": "45"}], "event_type": "book", "last_trade_price": "0.609"}]}
{"_local_timestamp": "2026-01-25T23:40:31.863869+00:00", "data": {"market": "0x339d8be5cb57653a9ee63e07d216543622cdefb45eed81b1680e83887a2d7bc6", "price_changes": [{"asset_id": "107283612200874762627410448315233948227070614640181631187039818267842487558132", "price": "0.816", "size": "110.54", "side": "SELL", "hash": "ac2698f9719dc4c20e953d88cae64e7911e91530", "best_bid": "0.172", "best_ask": "0.426"}, {"asset_id": "49913535691357405888189005795777119729203074497784553050607906527813175648482", "price": "0.184", "size": "110.54", "side": "BUY", "hash": "6ec35c5adfd7830e15b9589a52806d99915bcaaf", "best_bid": "0.574", "best_ask": "0.828"}], "timestamp": "1769384431787", "event_type": "price_change"}}
{"_local_timestamp": "2026-01-25T23:41:49.863084+00:00", "data": {"market": "0x339d8be5cb57653a9ee63e07d216543622cdefb45eed81b1680e83887a2d7bc6", "price_changes": [{"asset_id": "49913535691357405888189005795777119729203074497784553050607906527813175648482", "price": "0.572", "size": "133.09", "side": "BUY", "hash": "d9cffbc74bb234197b8ffb9a0325d82630de6f6a", "best_bid": "0.574", "best_ask": "0.828"}, {"asset_id": "107283612200874762627410448315233948227070614640181631187039818267842487558132", "price": "0.428", "size": "133.09", "side": "SELL", "hash": "32a118bb80c363ad32fb23d80f915b8d3558ec84", "best_bid": "0.172", "best_ask": "0.426"}], "timestamp": "1769384509774", "event_type": "price_change"}}
{"_local_timestamp": "2026-01-25T23:41:50.949873+00:00", "data": {"market": "0x339d8be5cb57653a9ee63e07d216543622cdefb45eed81b1680e83887a2d7bc6", "price_changes": [{"asset_id": "49913535691357405888189005795777119729203074497784553050607906527813175648482", "price": "0.21", "size": "0", "side": "BUY", "hash": "3e3054be6bb1d8ba01a437aedc01c5372d55e34d", "best_bid": "0.574", "best_ask": "0.828"}, {"asset_id": "107283612200874762627410448315233948227070614640181631187039818267842487558132", "price": "0.79", "size": "0", "side": "SELL", "hash": "b004018f1978dbb29629faae7d6906e6e0b80fe7", "best_bid": "0.172", "best_ask": "0.426"}], "timestamp": "1769384510769", "event_type": "price_change"}}
{"_local_timestamp": "2026-01-25T23:41:50.952023+00:00", "data": {"market": "0x339d8be5cb57653a9ee63e07d216543622cdefb45eed81b1680e83887a2d7bc6", "price_changes": [{"asset_id": "49913535691357405888189005795777119729203074497784553050607906527813175648482", "price": "0.2", "size": "50", "side": "BUY", "hash": "3e3054be6bb1d8ba01a437aedc01c5372d55e34d", "best_bid": "0.574", "best_ask": "0.828"}, {"asset_id": "107283612200874762627410448315233948227070614640181631187039818267842487558132", "price": "0.8", "size": "50", "side": "SELL", "hash": "b004018f1978dbb29629faae7d6906e6e0b80fe7", "best_bid": "0.172", "best_ask": "0.426"}], "timestamp": "1769384510769", "event_type": "price_change"}}
{"_local_timestamp": "2026-01-25T23:41:52.814877+00:00", "data": {"market": "0x339d8be5cb57653a9ee63e07d216543622cdefb45eed81b1680e83887a2d7bc6", "price_changes": [{"asset_id": "49913535691357405888189005795777119729203074497784553050607906527813175648482", "price": "0.27", "size": "150", "side": "BUY", "hash": "79ac008f0a30bf97a32f86dd2dbe2420a455a3cd", "best_bid": "0.574", "best_ask": "0.828"}, {"asset_id": "107283612200874762627410448315233948227070614640181631187039818267842487558132", "price": "0.73", "size": "150", "side": "SELL", "hash": "d63e7ae18871fc3622067b9a11efaed27f1fd672", "best_bid": "0.172", "best_ask": "0.426"}], "timestamp": "1769384511813", "event_type": "price_change"}}
{"_local_timestamp": "2026-01-25T23:41:52.995099+00:00", "data": {"market": "0x339d8be5cb57653a9ee63e07d216543622cdefb45eed81b1680e83887a2d7bc6", "price_changes": [{"asset_id": "49913535691357405888189005795777119729203074497784553050607906527813175648482", "price": "0.184", "size": "260.54", "side": "BUY", "hash": "13d047adc2081b2d20012041b22054c178b36575", "best_bid": "0.574", "best_ask": "0.828"}, {"asset_id": "107283612200874762627410448315233948227070614640181631187039818267842487558132", "price": "0.816", "size": "260.54", "side": "SELL", "hash": "4024e66087d27fcf9cd7bb3b583954abf7e3c014", "best_bid": "0.172", "best_ask": "0.426"}], "timestamp": "1769384512662", "event_type": "price_change"}}
{"_local_timestamp": "2026-01-25T23:42:15.749272+00:00", "data": {"market": "0x339d8be5cb57653a9ee63e07d216543622cdefb45eed81b1680e83887a2d7bc6", "price_changes": [{"asset_id": "49913535691357405888189005795777119729203074497784553050607906527813175648482", "price": "0.572", "size": "66.43", "side": "BUY", "hash": "296b244ff11a9a65a418a63ea212e11b8bc9f4e9", "best_bid": "0.574", "best_ask": "0.828"}, {"asset_id": "107283612200874762627410448315233948227070614640181631187039818267842487558132", "price": "0.428", "size": "66.43", "side": "SELL", "hash": "4f902e017675dec951283f245bfabb5f5148fb3d", "best_bid": "0.172", "best_ask": "0.426"}], "timestamp": "1769384535646", "event_type": "price_change"}}
{"_local_timestamp": "2026-01-25T23:42:15.750363+00:00", "data": {"market": "0x339d8be5cb57653a9ee63e07d216543622cdefb45eed81b1680e83887a2d7bc6", "price_changes": [{"asset_id": "49913535691357405888189005795777119729203074497784553050607906527813175648482", "price": "0.542", "size": "0", "side": "BUY", "hash": "296b244ff11a9a65a418a63ea212e11b8bc9f4e9", "best_bid": "0.574", "best_ask": "0.828"}, {"asset_id": "107283612200874762627410448315233948227070614640181631187039818267842487558132", "price": "0.458", "size": "0", "side": "SELL", "hash": "4f902e017675dec951283f245bfabb5f5148fb3d", "best_bid": "0.172", "best_ask": "0.426"}], "timestamp": "1769384535646", "event_type": "price_change"}}
{"_local_timestamp": "2026-01-25T23:42:15.750949+00:00", "data": {"market": "0x339d8be5cb57653a9ee63e07d216543622cdefb45eed81b1680e83887a2d7bc6", "price_changes": [{"asset_id": "49913535691357405888189005795777119729203074497784553050607906527813175648482", "price": "0.511", "size": "6", "side": "BUY", "hash": "296b244ff11a9a65a418a63ea212e11b8bc9f4e9", "best_bid": "0.574", "best_ask": "0.828"}, {"asset_id": "107283612200874762627410448315233948227070614640181631187039818267842487558132", "price": "0.489", "size": "6", "side": "SELL", "hash": "4f902e017675dec951283f245bfabb5f5148fb3d", "best_bid": "0.172", "best_ask": "0.426"}], "timestamp": "1769384535646", "event_type": "price_change"}}
{"_local_timestamp": "2026-01-25T23:42:16.349115+00:00", "data": {"market": "0x339d8be5cb57653a9ee63e07d216543622cdefb45eed81b1680e83887a2d7bc6", "price_changes": [{"asset_id": "49913535691357405888189005795777119729203074497784553050607906527813175648482", "price": "0.575", "size": "66.66", "side": "BUY", "hash": "e98af2180d1d32da09328f0e9ba8fb1d19c7f026", "best_bid": "0.575", "best_ask": "0.828"}, {"asset_id": "107283612200874762627410448315233948227070614640181631187039818267842487558132", "price": "0.425", "size": "66.66", "side": "SELL", "hash": "70f1ba70dbe4d2d5a57c08aa6518feab3f26bcf5", "best_bid": "0.172", "best_ask": "0.425"}], "timestamp": "1769384536253", "event_type": "price_change"}}
{"_local_timestamp": "2026-01-25T23:42:16.354073+00:00", "data": {"market": "0x339d8be5cb57653a9ee63e07d216543622cdefb45eed81b1680e83887a2d7bc6", "price_changes": [{"asset_id": "49913535691357405888189005795777119729203074497784553050607906527813175648482", "price": "0.402", "size": "66.66", "side": "BUY", "hash": "f33194ccb1d25fefed6a43f23c5fa87db6c5d6a9", "best_bid": "0.575", "best_ask": "0.828"}, {"asset_id": "107283612200874762627410448315233948227070614640181631187039818267842487558132", "price": "0.598", "size": "66.66", "side": "SELL", "hash": "ecb9164cdc4320775a2df14d46e872a4f703ad2d", "best_bid": "0.172", "best_ask": "0.425"}], "timestamp": "1769384536260", "event_type": "price_change"}}
{"_local_timestamp": "2026-01-25T23:42:16.371415+00:00", "data": {"market": "0x339d8be5cb57653a9ee63e07d216543622cdefb45eed81b1680e83887a2d7bc6", "price_changes": [{"asset_id": "49913535691357405888189005795777119729203074497784553050607906527813175648482", "price": "0.488", "size": "66.66", "side": "BUY", "hash": "aba34933c10d704599fe20af3c125fe70adcba69", "best_bid": "0.575", "best_ask": "0.828"}, {"asset_id": "107283612200874762627410448315233948227070614640181631187039818267842487558132", "price": "0.512", "size": "66.66", "side": "SELL", "hash": "f18340971cc3dbf8911332e5ced8a8294fab113c", "best_bid": "0.172", "best_ask": "0.425"}], "timestamp": "1769384536271", "event_type": "price_change"}}
{"_local_timestamp": "2026-01-25T23:42:16.955318+00:00", "data": {"market": "0x339d8be5cb57653a9ee63e07d216543622cdefb45eed81b1680e83887a2d7bc6", "price_changes": [{"asset_id": "49913535691357405888189005795777119729203074497784553050607906527813175648482", "price": "0.575", "size": "96.65", "side": "BUY", "hash": "ab72920caeafc228718656ca4730cfe4df855f8e", "best_bid": "0.575", "best_ask": "0.828"}, {"asset_id": "107283612200874762627410448315233948227070614640181631187039818267842487558132", "price": "0.425", "size": "96.65", "side": "SELL", "hash": "aab46c1b07e711ab705004e711405e04a555c1a6", "best_bid": "0.172", "best_ask": "0.425"}], "timestamp": "1769384536850", "event_type": "price_change"}}
{"_local_timestamp": "2026-01-25T23:42:24.652744+00:00", "data": {"market": "0x339d8be5cb57653a9ee63e07d216543622cdefb45eed81b1680e83887a2d7bc6", "price_changes": [{"asset_id": "49913535691357405888189005795777119729203074497784553050607906527813175648482", "price": "0.261", "size": "0", "side": "BUY", "hash": "158d029faec245a119265e1e4219d71842e6ed6b", "best_bid": "0.575", "best_ask": "0.828"}, {"asset_id": "107283612200874762627410448315233948227070614640181631187039818267842487558132", "price": "0.739", "size": "0", "side": "SELL", "hash": "39543cd5fa37fe04af29ee4c5757da119584e0dd", "best_bid": "0.172", "best_ask": "0.425"}], "timestamp": "1769384544474", "event_type": "price_change"}}
{"_local_timestamp": "2026-01-25T23:42:24.684917+00:00", "data": {"market": "0x339d8be5cb57653a9ee63e07d216543622cdefb45eed81b1680e83887a2d7bc6", "price_changes": [{"asset_id": "49913535691357405888189005795777119729203074497784553050607906527813175648482", "price": "0.184", "size": "160.54", "side": "BUY", "hash": "118445c59fd5d32abf04ae201ae85c8fff3e6262", "best_bid": "0.575", "best_ask": "0.828"}, {"asset_id": "107283612200874762627410448315233948227070614640181631187039818267842487558132", "price": "0.816", "size": "160.54", "side": "SELL", "hash": "4a886f1a74868522a727c3801a28600ce3063cc4", "best_bid": "0.172", "best_ask": "0.425"}], "timestamp": "1769384544479", "event_type": "price_change"}}
{"_local_timestamp": "2026-01-25T23:42:25.164847+00:00", "data": {"market": "0x339d8be5cb57653a9ee63e07d216543622cdefb45eed81b1680e83887a2d7bc6", "price_changes": [{"asset_id": "49913535691357405888189005795777119729203074497784553050607906527813175648482", "price": "0.21", "size": "50", "side": "BUY", "hash": "b4fe797201d78b0bc0d8536f60a580bae997f15b", "best_bid": "0.575", "best_ask": "0.828"}, {"asset_id": "107283612200874762627410448315233948227070614640181631187039818267842487558132", "price": "0.79", "size": "50", "side": "SELL", "hash": "4d00c2669cb496fde638a40e4125f249f95fa789", "best_bid": "0.172", "best_ask": "0.425"}], "timestamp": "1769384544904", "event_type": "price_change"}}
{"_local_timestamp": "2026-01-25T23:42:25.213738+00:00", "data": {"market": "0x339d8be5cb57653a9ee63e07d216543622cdefb45eed81b1680e83887a2d7bc6", "price_changes": [{"asset_id": "49913535691357405888189005795777119729203074497784553050607906527813175648482", "price": "0.2", "size": "150", "side": "BUY", "hash": "bb6b928440ed62b507bf85f2098dacb729cd2dde", "best_bid": "0.575", "best_ask": "0.828"}, {"asset_id": "107283612200874762627410448315233948227070614640181631187039818267842487558132", "price": "0.8", "size": "150", "side": "SELL", "hash": "369823f318a6fe1d34c7ecf006656f1d01566b12", "best_bid": "0.172", "best_ask": "0.425"}], "timestamp": "1769384544942", "event_type": "price_change"}}
{"_local_timestamp": "2026-01-25T23:42:30.365101+00:00", "data": {"market": "0x339d8be5cb57653a9ee63e07d216543622cdefb45eed81b1680e83887a2d7bc6", "price_changes": [{"asset_id": "107283612200874762627410448315233948227070614640181631187039818267842487558132", "price": "0.424", "size": "84", "side": "SELL", "hash": "e9951ab057ea5be752d499ab33eb0dae63f92500", "best_bid": "0.172", "best_ask": "0.424"}, {"asset_id": "49913535691357405888189005795777119729203074497784553050607906527813175648482", "price": "0.576", "size": "84", "side": "BUY", "hash": "b4fcf843812db7bd8a1d9eb7e3284c69b1a6f2d7", "best_bid": "0.576", "best_ask": "0.828"}], "timestamp": "1769384550208", "event_type": "price_change"}}
{"_local_timestamp": "2026-01-25T23:42:31.158214+00:00", "data": {"market": "0x339d8be5cb57653a9ee63e07d216543622cdefb45eed81b1680e83887a2d7bc6", "price_changes": [{"asset_id": "49913535691357405888189005795777119729203074497784553050607906527813175648482", "price": "0.575", "size": "66.66", "side": "BUY", "hash": "6327ec8241c21aa2161f54c2cda1fef555e40c4a", "best_bid": "0.576", "best_ask": "0.828"}, {"asset_id": "107283612200874762627410448315233948227070614640181631187039818267842487558132", "price": "0.425", "size": "66.66", "side": "SELL", "hash": "7fd0b49189aef438f809bc0ddebf5e988b35918a", "best_bid": "0.172", "best_ask": "0.424"}], "timestamp": "1769384550983", "event_type": "price_change"}}
{"_local_timestamp": "2026-01-25T23:42:31.242873+00:00", "data": {"market": "0x339d8be5cb57653a9ee63e07d216543622cdefb45eed81b1680e83887a2d7bc6", "price_changes": [{"asset_id": "49913535691357405888189005795777119729203074497784553050607906527813175648482", "price": "0.576", "size": "113.99", "side": "BUY", "hash": "770f553e17cfedddc4eee062b75279eb01bb0cf8", "best_bid": "0.576", "best_ask": "0.828"}, {"asset_id": "107283612200874762627410448315233948227070614640181631187039818267842487558132", "price": "0.424", "size": "113.99", "side": "SELL", "hash": "d096b56337c2633ddf33070954b0747f6820cb60", "best_bid": "0.172", "best_ask": "0.424"}], "timestamp": "1769384551076", "event_type": "price_change"}}
{"_local_timestamp": "2026-01-25T23:42:31.891012+00:00", "data": {"market": "0x339d8be5cb57653a9ee63e07d216543622cdefb45eed81b1680e83887a2d7bc6", "price_changes": [{"asset_id": "107283612200874762627410448315233948227070614640181631187039818267842487558132", "price": "0.424", "size": "29.99", "side": "SELL", "hash": "b2295e8f9ea255b5ed65dd485ca4887029e0d078", "best_bid": "0.172", "best_ask": "0.424"}, {"asset_id": "49913535691357405888189005795777119729203074497784553050607906527813175648482", "price": "0.576", "size": "29.99", "side": "BUY", "hash": "3cec7b43a019d175c4a0bcec7c306026392f53bb", "best_bid": "0.576", "best_ask": "0.828"}], "timestamp": "1769384551705", "event_type": "price_change"}}
{"_local_timestamp": "2026-01-25T23:42:45.427953+00:00", "data": {"market": "0x339d8be5cb57653a9ee63e07d216543622cdefb45eed81b1680e83887a2d7bc6", "price_changes": [{"asset_id": "49913535691357405888189005795777119729203074497784553050607906527813175648482", "price": "0.27", "size": "100", "side": "BUY", "hash": "b189306e61d0d8a0ae25224bd690a4bac9d6c427", "best_bid": "0.576", "best_ask": "0.828"}, {"asset_id": "107283612200874762627410448315233948227070614640181631187039818267842487558132", "price": "0.73", "size": "100", "side": "SELL", "hash": "8fb933cc024a8807aac2769d5ec4676674237380", "best_bid": "0.172", "best_ask": "0.424"}], "timestamp": "1769384565222", "event_type": "price_change"}}
{"_local_timestamp": "2026-01-25T23:43:43.143408+00:00", "data": {"market": "0x339d8be5cb57653a9ee63e07d216543622cdefb45eed81b1680e83887a2d7bc6", "price_changes": [{"asset_id": "49913535691357405888189005795777119729203074497784553050607906527813175648482", "price": "0.572", "size": "0", "side": "BUY", "hash": "9a4da3f9681c47d93ea29f474ac7c6df1acd1cee", "best_bid": "0.576", "best_ask": "0.828"}, {"asset_id": "107283612200874762627410448315233948227070614640181631187039818267842487558132", "price": "0.428", "size": "0", "side": "SELL", "hash": "517bdcfb9297cc2429a6c4cd6edf3b0a4288b03f", "best_bid": "0.172", "best_ask": "0.424"}], "timestamp": "1769384623068", "event_type": "price_change"}}
{"_local_timestamp": "2026-01-25T23:43:43.643753+00:00", "data": {"market": "0x339d8be5cb57653a9ee63e07d216543622cdefb45eed81b1680e83887a2d7bc6", "price_changes": [{"asset_id": "49913535691357405888189005795777119729203074497784553050607906527813175648482", "price": "0.576", "size": "0", "side": "BUY", "hash": "f97fa3b0bb3715092e420afba5715839b47af887", "best_bid": "0.575", "best_ask": "0.828"}, {"asset_id": "107283612200874762627410448315233948227070614640181631187039818267842487558132", "price": "0.424", "size": "0", "side": "SELL", "hash": "7c5404b23217a336a3e675356e49455695d3f34e", "best_bid": "0.172", "best_ask": "0.425"}], "timestamp": "1769384623566", "event_type": "price_change"}}
{"_local_timestamp": "2026-01-25T23:43:43.665209+00:00", "data": {"market": "0x339d8be5cb57653a9ee63e07d216543622cdefb45eed81b1680e83887a2d7bc6", "price_changes": [{"asset_id": "107283612200874762627410448315233948227070614640181631187039818267842487558132", "price": "0.423", "size": "82", "side": "SELL", "hash": "66c6f2d0c3ab688b77e1b63539b9aabf9d96c6a8", "best_bid": "0.172", "best_ask": "0.423"}, {"asset_id": "49913535691357405888189005795777119729203074497784553050607906527813175648482", "price": "0.577", "size": "82", "side": "BUY", "hash": "79025a7ca8116540cc7e8030dd269b7d95a3d1bb", "best_bid": "0.577", "best_ask": "0.828"}], "timestamp": "1769384623596", "event_type": "price_change"}}
{"_local_timestamp": "2026-01-25T23:43:44.798533+00:00", "data": {"market": "0x339d8be5cb57653a9ee63e07d216543622cdefb45eed81b1680e83887a2d7bc6", "price_changes": [{"asset_id": "107283612200874762627410448315233948227070614640181631187039818267842487558132", "price": "0.423", "size": "0", "side": "SELL", "hash": "c7c3c3d538577aa7428ee202ef8a3c3f7ccf7156", "best_bid": "0.172", "best_ask": "0.425"}, {"asset_id": "49913535691357405888189005795777119729203074497784553050607906527813175648482", "price": "0.577", "size": "0", "side": "BUY", "hash": "3a05a8ed9a1ad97cbab244bbf49dc84f302f7fc0", "best_bid": "0.575", "best_ask": "0.828"}], "timestamp": "1769384624704", "event_type": "price_change"}}
{"_local_timestamp": "2026-01-25T23:43:44.843879+00:00", "data": {"market": "0x339d8be5cb57653a9ee63e07d216543622cdefb45eed81b1680e83887a2d7bc6", "price_changes": [{"asset_id": "107283612200874762627410448315233948227070614640181631187039818267842487558132", "price": "0.424", "size": "84", "side": "SELL", "hash": "627d0f6c622248f32749bcb72d9562e92aaf1245", "best_bid": "0.172", "best_ask": "0.424"}, {"asset_id": "49913535691357405888189005795777119729203074497784553050607906527813175648482", "price": "0.576", "size": "84", "side": "BUY", "hash": "9e30ad94bc4d5644e000ba36ee35b67429ebb612", "best_bid": "0.576", "best_ask": "0.828"}], "timestamp": "1769384624742", "event_type": "price_change"}}
{"_local_timestamp": "2026-01-25T23:43:46.308978+00:00", "data": {"market": "0x339d8be5cb57653a9ee63e07d216543622cdefb45eed81b1680e83887a2d7bc6", "price_changes": [{"asset_id": "107283612200874762627410448315233948227070614640181631187039818267842487558132", "price": "0.424", "size": "0", "side": "SELL", "hash": "4b2f8a4255bb669adcded313848d9d99ccb5b5e3", "best_bid": "0.172", "best_ask": "0.425"}, {"asset_id": "49913535691357405888189005795777119729203074497784553050607906527813175648482", "price": "0.576", "size": "0", "side": "BUY", "hash": "b69756476d11df9a07baf0d27c7d197cd9e42111", "best_bid": "0.575", "best_ask": "0.828"}], "timestamp": "1769384626206", "event_type": "price_change"}}
{"_local_timestamp": "2026-01-25T23:43:46.330241+00:00", "data": {"market": "0x339d8be5cb57653a9ee63e07d216543622cdefb45eed81b1680e83887a2d7bc6", "price_changes": [{"asset_id": "107283612200874762627410448315233948227070614640181631187039818267842487558132", "price": "0.424", "size": "114", "side": "SELL", "hash": "04110ab0509ec5a27c53a953fcba93d100c65c6a", "best_bid": "0.172", "best_ask": "0.424"}, {"asset_id": "49913535691357405888189005795777119729203074497784553050607906527813175648482", "price": "0.576", "size": "114", "side": "BUY", "hash": "9b892af1c1af1036ef1fcbafd15d728084b28a05", "best_bid": "0.576", "best_ask": "0.828"}], "timestamp": "1769384626230", "event_type": "price_change"}}
{"_local_timestamp": "2026-01-25T23:43:47.800782+00:00", "data": {"market": "0x339d8be5cb57653a9ee63e07d216543622cdefb45eed81b1680e83887a2d7bc6", "price_changes": [{"asset_id": "107283612200874762627410448315233948227070614640181631187039818267842487558132", "price": "0.424", "size": "0", "side": "SELL", "hash": "3ca1153feec5277f1a9d84fd34833185f5cf6ec0", "best_bid": "0.172", "best_ask": "0.425"}, {"asset_id": "49913535691357405888189005795777119729203074497784553050607906527813175648482", "price": "0.576", "size": "0", "side": "BUY", "hash": "d57e7daa68b535c0a77d18f690df68b3ab42c398", "best_bid": "0.575", "best_ask": "0.828"}], "timestamp": "1769384627705", "event_type": "price_change"}}
{"_local_timestamp": "2026-01-25T23:43:47.825383+00:00", "data": {"market": "0x339d8be5cb57653a9ee63e07d216543622cdefb45eed81b1680e83887a2d7bc6", "price_changes": [{"asset_id": "107283612200874762627410448315233948227070614640181631187039818267842487558132", "price": "0.424", "size": "114", "side": "SELL", "hash": "97b0f8d47cec2f5cd81a507b5cb6410c3f0339dc", "best_bid": "0.172", "best_ask": "0.424"}, {"asset_id": "49913535691357405888189005795777119729203074497784553050607906527813175648482", "price": "0.576", "size": "114", "side": "BUY", "hash": "7d5191fcab2fd3b2b77c42f7252af7428d59ee58", "best_bid": "0.576", "best_ask": "0.828"}], "timestamp": "1769384627730", "event_type": "price_change"}}
{"_local_timestamp": "2026-01-25T23:43:49.296008+00:00", "data": {"market": "0x339d8be5cb57653a9ee63e07d216543622cdefb45eed81b1680e83887a2d7bc6", "price_changes": [{"asset_id": "107283612200874762627410448315233948227070614640181631187039818267842487558132", "price": "0.424", "size": "0", "side": "SELL", "hash": "299e96f9207cd64f65d98f045d37678adbba126d", "best_bid": "0.172", "best_ask": "0.425"}, {"asset_id": "49913535691357405888189005795777119729203074497784553050607906527813175648482", "price": "0.576", "size": "0", "side": "BUY", "hash": "19802418e8543f8e5bdaafac2452cdfe341690e2", "best_bid": "0.575", "best_ask": "0.828"}], "timestamp": "1769384629203", "event_type": "price_change"}}
{"_local_timestamp": "2026-01-25T23:43:49.328356+00:00", "data": {"market": "0x339d8be5cb57653a9ee63e07d216543622cdefb45eed81b1680e83887a2d7bc6", "price_changes": [{"asset_id": "107283612200874762627410448315233948227070614640181631187039818267842487558132", "price": "0.424", "size": "114", "side": "SELL", "hash": "5ad9155bb1644fef9c085a0235d7764542b1b47c", "best_bid": "0.172", "best_ask": "0.424"}, {"asset_id": "49913535691357405888189005795777119729203074497784553050607906527813175648482", "price": "0.576", "size": "114", "side": "BUY", "hash": "b453d252d8dafd60ab7993a8fbe4a07cbcdd6b73", "best_bid": "0.576", "best_ask": "0.828"}], "timestamp": "1769384629230", "event_type": "price_change"}}
{"_local_timestamp": "2026-01-25T23:43:51.316769+00:00", "data": {"market": "0x339d8be5cb57653a9ee63e07d216543622cdefb45eed81b1680e83887a2d7bc6", "price_changes": [{"asset_id": "107283612200874762627410448315233948227070614640181631187039818267842487558132", "price": "0.424", "size": "0", "side": "SELL", "hash": "7c3582d0c6a0cca2cf5965195fdaa39a260d84c7", "best_bid": "0.172", "best_ask": "0.425"}, {"asset_id": "49913535691357405888189005795777119729203074497784553050607906527813175648482", "price": "0.576", "size": "0", "side": "BUY", "hash": "d78b5a2e31ad981dc9dd8a36f5f60bfcb80db18f", "best_bid": "0.575", "best_ask": "0.828"}], "timestamp": "1769384630705", "event_type": "price_change"}}
{"_local_timestamp": "2026-01-25T23:43:51.317506+00:00", "data": {"market": "0x339d8be5cb57653a9ee63e07d216543622cdefb45eed81b1680e83887a2d7bc6", "price_changes": [{"asset_id": "107283612200874762627410448315233948227070614640181631187039818267842487558132", "price": "0.424", "size": "114", "side": "SELL", "hash": "590ebb55ab1d2165058456b6466038a036108a9e", "best_bid": "0.172", "best_ask": "0.424"}, {"asset_id": "49913535691357405888189005795777119729203074497784553050607906527813175648482", "price": "0.576", "size": "114", "side": "BUY", "hash": "0a9dba8f0f9888c45c5523adf13ef0b20b3ad409", "best_bid": "0.576", "best_ask": "0.828"}], "timestamp": "1769384630731", "event_type": "price_change"}}
