{"_local_timestamp": "2026-01-25T23:40:31.190377+00:00", "data": [{"market": "0x339d8be5cb57653a9ee63e07d216543622cdefb45eed81b1680e83887a2d7bc6", "asset_id": "49913535691357405888189005795777119729203074497784553050607906527813175648482", "timestamp": "1769384429267", "hash": "c00e2a86e6b25df1be27e9ac37e4c822adbf283c", "bids": [{"price": "0.001", "size": "2161"}, {"price": "0.002", "size": "1250"}, {"price": "0.003", "size": "1000"}, {"price": "0.004", "size": "1000"}, {"price": "0.01", "size": "5000"}, {"price": "0.02", "size": "1000"}, {"price": "0.021", "size": "8353"}, {"price": "0.082", "size": "2650"}, {"price": "0.134", "size": "1194"}, {"price": "0.135", "size": "3485"}, {"price": "0.184", "size": "100"}, {"price": "0.2", "size": "200"}, {"price": "0.201", "size": "25"}, {"price": "0.21", "size": "100"}, {"price": "0.261", "size": "50"}, {"price": "0.27", "size": "50"}, {"price": "0.4", "size": "66.17"}, {"price": "0.401", "size": "90.69"}, {"price": "0.5", "size": "8.65"}, {"price": "0.51", "size": "187"}, {"price": "0.511", "size": "72.66"}, {"price": "0.512", "size": "100"}, {"price": "0.513", "size": "6"}, {"price": "0.54", "size": "6"}, {"price": "0.542", "size": "66.66"}, {"price": "0.564", "size": "5"}, {"price": "0.568", "size": "6"}, {"price": "0.572", "size": "66.66"}, {"price": "0.574", "size": "45"}], "asks": [{"price": "0.999", "size": "2869.5"}, {"price": "0.998", "size": "1250"}, {"price": "0.996", "size": "1000"}, {"price": "0.995", "size": "500"}, {"price": "0.994", "size": "188.85"}, {"price": "0.993", "size": "8613"}, {"price": "0.98", "size": "500"}, {"price": "0.979", "size": "250"}, {"price": "0.949", "size": "936.48"}, {"price": "0.934", "size": "723.72"}, {"price": "0.932", "size": "515.17"}, {"price": "0.929", "size": "324"}, {"price": "0.928", "size": "500"}, {"price": "0.926", "size": "554.32"}, {"price": "0.925", "size": "173.33"}, {"price": "0.902", "size": "50"}, {"price": "0.901", "size": "55.55"}, {"price": "0.88", "size": "23"}, {"price": "0.868", "size": "63.94"}, {"price": "0.85", "size": "7"}, {"price": "0.849", "size": "6"}, {"price": "0.845", "size": "200"}, {"price": "0.838", "size": "200"}, {"price": "0.837", "size": "6"}, {"price": "0.835", "size": "200"}, {"price": "0.833", "size": "3000"}, {"price": "0.832", "size": "106"}, {"price": "0.83", "size": "6"}, {"price": "0.829", "size": "123.64"}, {"price": "0.828", "size": "29.69"}], "event_type": "book", "last_trade_price": "0.609"}, {"market": "0x339d8be5cb57653a9ee63e07d216543622cdefb45eed81b1680e83887a2d7bc6", "asset_id": "107283612200874762627410448315233948227070614640181631187039818267842487558132", "timestamp": "1769384429267", "hash": "3f60e3c99e63b855871a164eb0e64ed41bb1da74", "bids": [{"price": "0.001", "size": "2869.5"}, {"price": "0.002", "size": "1250"}, {"price": "0.004", "size": "1000"}, {"price": "0.005", "size": "500"}, {"price": "0.006", "size": "188.85"}, {"price": "0.007", "size": "8613"}, {"price": "0.02", "size": "500"}, {"price": "0.021", "size": "250"}, {"price": "0.051", "size": "936.48"}, {"price": "0.066", "size": "723.72"}, {"price": "0.068", "size": "515.17"}, {"price": "0.071", "size": "324"}, {"price": "0.072", "size": "500"}, {"price": "0.074", "size": "554.32"}, {"price": "0.075", "size": "173.33"}, {"price": "0.098", "size": "50"}, {"price": "0.099", "size": "55.55"}, {"price": "0.12", "size": "23"}, {"price": "0.132", "size": "63.94"}, {"price": "0.15", "size": "7"}, {"price": "0.151", "size": "6"}, {"price": "0.155", "size": "200"}, {"price": "0.162", "size": "200"}, {"price": "0.163", "size": "6"}, {"price": "0.165", "size": "200"}, {"price": "0.167", "size": "3000"}, {"price": "0.168", "size": "106"}, {"price": "0.17", "size": "6"}, {"price": "0.171", "size": "123.64"}, {"price": "0.172", "size": "29.69"}], "asks": [{"price": "0.999", "size": "2161"}, {"price": "0.998", "size": "1250"}, {"price": "0.997", "size": "1000"}, {"price": "0.996", "size": "1000"}, {"price": "0.99", "size": "5000"}, {"price": "0.98", "size": "1000"}, {"price": "0.979", "size": "8353"}, {"price": "0.918", "size": "2650"}, {"price": "0.866", "size": "1194"}, {"price": "0.865", "size": "3485"}, {"price": "0.816", "size": "100"}, {"price": "0.8", "size": "200"}, {"price": "0.799", "size": "25"}, {"price": "0.79", "size": "100"}, {"price": "0.739", "size": "50"}, {"price": "0.73", "size": "50"}, {"price": "0.6", "size": "66.17"}, {"price": "0.599", "size": "90.69"}, {"price": "0.5", "size": "8.65"}, {"price": "0.49", "size": "187"}, {"price": "0.489", "size": "72.66"}, {"price": "0.488", "size": "100"}, {"price": "0.487", "size": "6"}, {"price": "0.46", "size": "6"}, {"price": "0.458", "size": "66.66"}, {"price": "0.436", "size": "5"}, {"price": "0.432", "size": "6"}, {"price": "0.428", "size": "66.66"}, {"price": "0.426", "size": "45"}], "event_type": "book", "last_trade_price": "0.609"}]}
{"_local_timestamp": "2026-01-25T23:40:31.863869+00:00", "data": {"market": "0x339d8be5cb57653a9ee63e07d216543622cdefb45eed81b1680e83887a2d7bc6", "price_changes": [{"asset_id": "107283612200874762627410448315233948227070614640181631187039818267842487558132", "price": "0.816", "size": "110.54", "side": "SELL", "hash": "ac2698f9719dc4c20e953d88cae64e7911e91530", "best_bid": "0.172", "best_ask": "0.426"}, {"asset_id": "49913535691357405888189005795777119729203074497784553050607906527813175648482", "price": "0.184", "size": "110.54", "side": "BUY", "hash": "6ec35c5adfd7830e15b9589a52806d99915bcaaf", "best_bid": "0.574", "best_ask": "0.828"}], "timestamp": "1769384431787", "event_type": "price_change"}}
{"_local_timestamp": "2026-01-25T23:41:49.863084+00:00", "data": {"market": "0x339d8be5cb57653a9ee63e07d216543622cdefb45eed81b1680e83887a2d7bc6", "price_changes": [{"asset_id": "49913535691357405888189005795777119729203074497784553050607906527813175648482", "price": "0.572", "size": "133.09", "side": "BUY", "hash": "d9cffbc74bb234197b8ffb9a0325d82630de6f6a", "best_bid": "0.574", "best_ask": "0.828"}, {"asset_id": "107283612200874762627410448315233948227070614640181631187039818267842487558132", "price": "0.428", "size": "133.09", "side": "SELL", "hash": "32a118bb80c363ad32fb23d80f915b8d3558ec84", "best_bid": "0.172", "best_ask": "0.426"}], "timestamp": "1769384509774", "event_type": "price_change"}}
{"_local_timestamp": "2026-01-25T23:41:50.949873+00:00", "data": {"market": "0x339d8be5cb57653a9ee63e07d216543622cdefb45eed81b1680e83887a2d7bc6", "price_changes": [{"asset_id": "49913535691357405888189005795777119729203074497784553050607906527813175648482", "price": "0.21", "size": "0", "side": "BUY", "hash": "3e3054be6bb1d8ba01a437aedc01c5372d55e34d", "best_bid": "0.574", "best_ask": "0.828"}, {"asset_id": "107283612200874762627410448315233948227070614640181631187039818267842487558132", "price": "0.79", "size": "0", "side": "SELL", "hash": "b004018f1978dbb29629faae7d6906e6e0b80fe7", "best_bid": "0.172", "best_ask": "0.426"}], "timestamp": "1769384510769", "event_type": "price_change"}}
{"_local_timestamp": "2026-01-25T23:41:50.952023+00:00", "data": {"market": "0x339d8be5cb57653a9ee63e07d216543622cdefb45eed81b1680e83887a2d7bc6", "price_changes": [{"asset_id": "49913535691357405888189005795777119729203074497784553050607906527813175648482", "price": "0.2", "size": "50", "side": "BUY", "hash": "3e3054be6bb1d8ba01a437aedc01c5372d55e34d", "best_bid": "0.574", "best_ask": "0.828"}, {"asset_id": "107283612200874762627410448315233948227070614640181631187039818267842487558132", "price": "0.8", "size": "50", "side": "SELL", "hash": "b004018f1978dbb29629faae7d6906e6e0b80fe7", "best_bid": "0.172", "best_ask": "0.426"}], "timestamp": "1769384510769", "event_type": "price_change"}}
{"_local_timestamp": "2026-01-25T23:41:52.814877+00:00", "data": {"market": "0x339d8be5cb57653a9ee63e07d216543622cdefb45eed81b1680e83887a2d7bc6", "price_changes": [{"asset_id": "49913535691357405888189005795777119729203074497784553050607906527813175648482", "price": "0.27", "size": "150", "side": "BUY", "hash": "79ac008f0a30bf97a32f86dd2dbe2420a455a3cd", "best_bid": "0.574", "best_ask": "0.828"}, {"asset_id": "107283612200874762627410448315233948227070614640181631187039818267842487558132", "price": "0.73", "size": "150", "side": "SELL", "hash": "d63e7ae18871fc3622067b9a11efaed27f1fd672", "best_bid": "0.172", "best_ask": "0.426"}], "timestamp": "1769384511813", "event_type": "price_change"}}
{"_local_timestamp": "2026-01-25T23:41:52.995099+00:00", "data": {"market": "0x339d8be5cb57653a9ee63e07d216543622cdefb45eed81b1680e83887a2d7bc6", "price_changes": [{"asset_id": "49913535691357405888189005795777119729203074497784553050607906527813175648482", "price": "0.184", "size": "260.54", "side": "BUY", "hash": "13d047adc2081b2d20012041b22054c178b36575", "best_bid": "0.574", "best_ask": "0.828"}, {"asset_id": "107283612200874762627410448315233948227070614640181631187039818267842487558132", "price": "0.816", "size": "260.54", "side": "SELL", "hash": "4024e66087d27fcf9cd7bb3b583954abf7e3c014", "best_bid": "0.172", "best_ask": "0.426"}], "timestamp": "1769384512662", "event_type": "price_change"}}
