{"_local_timestamp": "2026-01-25T23:40:31.190377+00:00", "data": [{"market": "0x339d8be5cb57653a9ee63e07d216543622cdefb45eed81b1680e83887a2d7bc6", "asset_id": "49913535691357405888189005795777119729203074497784553050607906527813175648482", "timestamp": "1769384429267", "hash": "c00e2a86e6b25df1be27e9ac37e4c822adbf283c", "bids": [{"price": "0.001", "size": "2161"}, {"price": "0.002", "size": "1250"}, {"price": "0.003", "size": "1000"}, {"price": "0.004", "size": "1000"}, {"price": "0.01", "size": "5000"}, {"price": "0.02", "size": "1000"}, {"price": "0.021", "size": "8353"}, {"price": "0.082", "size": "2650"}, {"price": "0.134", "size": "1194"}, {"price": "0.135", "size": "3485"}, {"price": "0.184", "size": "100"}, {"price": "0.2", "size": "200"}, {"price": "0.201", "size": "25"}, {"price": "0.21", "size": "100"}, {"price": "0.261", "size": "50"}, {"price": "0.27", "size": "50"}, {"price": "0.4", "size": "66.17"}, {"price": "0.401", "size": "90.69"}, {"price": "0.5", "size": "8.65"}, {"price": "0.51", "size": "187"}, {"price": "0.511", "size": "72.66"}, {"price": "0.512", "size": "100"}, {"price": "0.513", "size": "6"}, {"price": "0.54", "size": "6"}, {"price": "0.542", "size": "66.66"}, {"price": "0.564", "size": "5"}, {"price": "0.568", "size": "6"}, {"price": "0.572", "size": "66.66"}, {"price": "0.574", "size": "45"}], "asks": [{"price": "0.999", "size": "2869.5"}, {"price": "0.998", "size": "1250"}, {"price": "0.996", "size": "1000"}, {"price": "0.995", "size": "500"}, {"price": "0.994", "size": "188.85"}, {"price": "0.993", "size": "8613"}, {"price": "0.98", "size": "500"}, {"price": "0.979", "size": "250"}, {"price": "0.949", "size": "936.48"}, {"price": "0.934", "size": "723.72"}, {"price": "0.932", "size": "515.17"}, {"price": "0.929", "size": "324"}, {"price": "0.928", "size": "500"}, {"price": "0.926", "size": "554.32"}, {"price": "0.925", "size": "173.33"}, {"price": "0.902", "size": "50"}, {"price": "0.901", "size": "55.55"}, {"price": "0.88", "size": "23"}, {"price": "0.868", "size": "63.94"}, {"price": "0.85", "size": "7"}, {"price": "0.849", "size": "6"}, {"price": "0.845", "size": "200"}, {"price": "0.838", "size": "200"}, {"price": "0.837", "size": "6"}, {"price": "0.835", "size": "200"}, {"price": "0.833", "size": "3000"}, {"price": "0.832", "size": "106"}, {"price": "0.83", "size": "6"}, {"price": "0.829", "size": "123.64"}, {"price": "0.828", "size": "29.69"}], "event_type": "book", "last_trade_price": "0.609"}, {"market": "0x339d8be5cb57653a9ee63e07d216543622cdefb45eed81b1680e83887a2d7bc6", "asset_id": "107283612200874762627410448315233948227070614640181631187039818267842487558132", "timestamp": "1769384429267", "hash": "3f60e3c99e63b855871a164eb0e64ed41bb1da74", "bids": [{"price": "0.001", "size": "2869.5"}, {"price": "0.002", "size": "1250"}, {"price": "0.004", "size": "1000"}, {"price": "0.005", "size": "500"}, {"price": "0.006", "size": "188.85"}, {"price": "0.007", "size": "8613"}, {"price": "0.02", "size": "500"}, {"price": "0.021", "size": "250"}, {"price": "0.051", "size": "936.48"}, {"price": "0.066", "size": "723.72"}, {"price": "0.068", "size": "515.17"}, {"price": "0.071", "size": "324"}, {"price": "0.072", "size": "500"}, {"price": "0.074", "size": "554.32"}, {"price": "0.075", "size": "173.33"}, {"price": "0.098", "size": "50"}, {"price": "0.099", "size": "55.55"}, {"price": "0.12", "size": "23"}, {"price": "0.132", "size": "63.94"}, {"price": "0.15", "size": "7"}, {"price": "0.151", "size": "6"}, {"price": "0.155", "size": "200"}, {"price": "0.162", "size": "200"}, {"price": "0.163", "size": "6"}, {"price": "0.165", "size": "200"}, {"price": "0.167", "size": "3000"}, {"price": "0.168", "size": "106"}, {"price": "0.17", "size": "6"}, {"price": "0.171", "size": "123.64"}, {"price": "0.172", "size": "29.69"}], "asks": [{"price": "0.999", "size": "2161"}, {"price": "0.998", "size": "1250"}, {"price": "0.997", "size": "1000"}, {"price": "0.996", "size": "1000"}, {"price": "0.99", "size": "5000"}, {"price": "0.98", "size": "1000"}, {"price": "0.979", "size": "8353"}, {"price": "0.918", "size": "2650"}, {"price": "0.866", "size": "1194"}, {"price": "0.865", "size": "3485"}, {"price": "0.816", "size": "100"}, {"price": "0.8", "size": "200"}, {"price": "0.799", "size": "25"}, {"price": "0.79", "size": "100"}, {"price": "0.739", "size": "50"}, {"price": "0.73", "size": "50"}, {"price": "0.6", "size": "66.17"}, {"price": "0.599", "size": "90.69"}, {"price": "0.5", "size": "8.65"}, {"price": "0.49", "size": "187"}, {"price": "0.489", "size": "72.66"}, {"price": "0.488", "size": "100"}, {"price": "0.487", "size": "6"}, {"price": "0.46", "size": "6"}, {"price": "0.458", "size": "66.66"}, {"price": "0.436", "size": "5"}, {"price": "0.432", "size": "6"}, {"price": "0.428", "size": "66.66"}, {"price": "0.426", "size": "45"}], "event_type": "book", "last_trade_price": "0.609"}]}
{"_local_timestamp": "2026-01-25T23:40:31.863869+00:00", "data": {"market": "0x339d8be5cb57653a9ee63e07d216543622cdefb45eed81b1680e83887a2d7bc6", "price_changes": [{"asset_id": "107283612200874762627410448315233948227070614640181631187039818267842487558132", "price": "0.816", "size": "110.54", "side": "SELL", "hash": "ac2698f9719dc4c20e953d88cae64e7911e91530", "best_bid": "0.172", "best_ask": "0.426"}, {"asset_id": "49913535691357405888189005795777119729203074497784553050607906527813175648482", "price": "0.184", "size": "110.54", "side": "BUY", "hash": "6ec35c5adfd7830e15b9589a52806d99915bcaaf", "best_bid": "0.574", "best_ask": "0.828"}], "timestamp": "1769384431787", "event_type": "price_change"}}
{"_local_timestamp": "2026-01-25T23:41:49.863084+00:00", "data": {"market": "0x339d8be5cb57653a9ee63e07d216543622cdefb45eed81b1680e83887a2d7bc6", "price_changes": [{"asset_id": "49913535691357405888189005795777119729203074497784553050607906527813175648482", "price": "0.572", "size": "133.09", "side": "BUY", "hash": "d9cffbc74bb234197b8ffb9a0325d82630de6f6a", "best_bid": "0.574", "best_ask": "0.828"}, {"asset_id": "107283612200874762627410448315233948227070614640181631187039818267842487558132", "price": "0.428", "size": "133.09", "side": "SELL", "hash": "32a118bb80c363ad32fb23d80f915b8d3558ec84", "best_bid": "0.172", "best_ask": "0.426"}], "timestamp": "1769384509774", "event_type": "price_change"}}
{"_local_timestamp": "2026-01-25T23:41:50.949873+00:00", "data": {"market": "0x339d8be5cb57653a9ee63e07d216543622cdefb45eed81b1680e83887a2d7bc6", "price_changes": [{"asset_id": "49913535691357405888189005795777119729203074497784553050607906527813175648482", "price": "0.21", "size": "0", "side": "BUY", "hash": "3e3054be6bb1d8ba01a437aedc01c5372d55e34d", "best_bid": "0.574", "best_ask": "0.828"}, {"asset_id": "107283612200874762627410448315233948227070614640181631187039818267842487558132", "price": "0.79", "size": "0", "side": "SELL", "hash": "b004018f1978dbb29629faae7d6906e6e0b80fe7", "best_bid": "0.172", "best_ask": "0.426"}], "timestamp": "1769384510769", "event_type": "price_change"}}
{"_local_timestamp": "2026-01-25T23:41:50.952023+00:00", "data": {"market": "0x339d8be5cb57653a9ee63e07d216543622cdefb45eed81b1680e83887a2d7bc6", "price_changes": [{"asset_id": "49913535691357405888189005795777119729203074497784553050607906527813175648482", "price": "0.2", "size": "50", "side": "BUY", "hash": "3e3054be6bb1d8ba01a437aedc01c5372d55e34d", "best_bid": "0.574", "best_ask": "0.828"}, {"asset_id": "107283612200874762627410448315233948227070614640181631187039818267842487558132", "price": "0.8", "size": "50", "side": "SELL", "hash": "b004018f1978dbb29629faae7d6906e6e0b80fe7", "best_bid": "0.172", "best_ask": "0.426"}], "timestamp": "1769384510769", "event_type": "price_change"}}
{"_local_timestamp": "2026-01-25T23:41:52.814877+00:00", "data": {"market": "0x339d8be5cb57653a9ee63e07d216543622cdefb45eed81b1680e83887a2d7bc6", "price_changes": [{"asset_id": "49913535691357405888189005795777119729203074497784553050607906527813175648482", "price": "0.27", "size": "150", "side": "BUY", "hash": "79ac008f0a30bf97a32f86dd2dbe2420a455a3cd", "best_bid": "0.574", "best_ask": "0.828"}, {"asset_id": "107283612200874762627410448315233948227070614640181631187039818267842487558132", "price": "0.73", "size": "150", "side": "SELL", "hash": "d63e7ae18871fc3622067b9a11efaed27f1fd672", "best_bid": "0.172", "best_ask": "0.426"}], "timestamp": "1769384511813", "event_type": "price_change"}}
{"_local_timestamp": "2026-01-25T23:41:52.995099+00:00", "data": {"market": "0x339d8be5cb57653a9ee63e07d216543622cdefb45eed81b1680e83887a2d7bc6", "price_changes": [{"asset_id": "49913535691357405888189005795777119729203074497784553050607906527813175648482", "price": "0.184", "size": "260.54", "side": "BUY", "hash": "13d047adc2081b2d20012041b22054c178b36575", "best_bid": "0.574", "best_ask": "0.828"}, {"asset_id": "107283612200874762627410448315233948227070614640181631187039818267842487558132", "price": "0.816", "size": "260.54", "side": "SELL", "hash": "4024e66087d27fcf9cd7bb3b583954abf7e3c014", "best_bid": "0.172", "best_ask": "0.426"}], "timestamp": "1769384512662", "event_type": "price_change"}}
{"_local_timestamp": "2026-01-25T23:42:15.749272+00:00", "data": {"market": "0x339d8be5cb57653a9ee63e07d216543622cdefb45eed81b1680e83887a2d7bc6", "price_changes": [{"asset_id": "49913535691357405888189005795777119729203074497784553050607906527813175648482", "price": "0.572", "size": "66.43", "side": "BUY", "hash": "296b244ff11a9a65a418a63ea212e11b8bc9f4e9", "best_bid": "0.574", "best_ask": "0.828"}, {"asset_id": "107283612200874762627410448315233948227070614640181631187039818267842487558132", "price": "0.428", "size": "66.43", "side": "SELL", "hash": "4f902e017675dec951283f245bfabb5f5148fb3d", "best_bid": "0.172", "best_ask": "0.426"}], "timestamp": "1769384535646", "event_type": "price_change"}}
{"_local_timestamp": "2026-01-25T23:42:15.750363+00:00", "data": {"market": "0x339d8be5cb57653a9ee63e07d216543622cdefb45eed81b1680e83887a2d7bc6", "price_changes": [{"asset_id": "49913535691357405888189005795777119729203074497784553050607906527813175648482", "price": "0.542", "size": "0", "side": "BUY", "hash": "296b244ff11a9a65a418a63ea212e11b8bc9f4e9", "best_bid": "0.574", "best_ask": "0.828"}, {"asset_id": "107283612200874762627410448315233948227070614640181631187039818267842487558132", "price": "0.458", "size": "0", "side": "SELL", "hash": "4f902e017675dec951283f245bfabb5f5148fb3d", "best_bid": "0.172", "best_ask": "0.426"}], "timestamp": "1769384535646", "event_type": "price_change"}}
{"_local_timestamp": "2026-01-25T23:42:15.750949+00:00", "data": {"market": "0x339d8be5cb57653a9ee63e07d216543622cdefb45eed81b1680e83887a2d7bc6", "price_changes": [{"asset_id": "49913535691357405888189005795777119729203074497784553050607906527813175648482", "price": "0.511", "size": "6", "side": "BUY", "hash": "296b244ff11a9a65a418a63ea212e11b8bc9f4e9", "best_bid": "0.574", "best_ask": "0.828"}, {"asset_id": "107283612200874762627410448315233948227070614640181631187039818267842487558132", "price": "0.489", "size": "6", "side": "SELL", "hash": "4f902e017675dec951283f245bfabb5f5148fb3d", "best_bid": "0.172", "best_ask": "0.426"}], "timestamp": "1769384535646", "event_type": "price_change"}}
{"_local_timestamp": "2026-01-25T23:42:16.349115+00:00", "data": {"market": "0x339d8be5cb57653a9ee63e07d216543622cdefb45eed81b1680e83887a2d7bc6", "price_changes": [{"asset_id": "49913535691357405888189005795777119729203074497784553050607906527813175648482", "price": "0.575", "size": "66.66", "side": "BUY", "hash": "e98af2180d1d32da09328f0e9ba8fb1d19c7f026", "best_bid": "0.575", "best_ask": "0.828"}, {"asset_id": "107283612200874762627410448315233948227070614640181631187039818267842487558132", "price": "0.425", "size": "66.66", "side": "SELL", "hash": "70f1ba70dbe4d2d5a57c08aa6518feab3f26bcf5", "best_bid": "0.172", "best_ask": "0.425"}], "timestamp": "1769384536253", "event_type": "price_change"}}
{"_local_timestamp": "2026-01-25T23:42:16.354073+00:00", "data": {"market": "0x339d8be5cb57653a9ee63e07d216543622cdefb45eed81b1680e83887a2d7bc6", "price_changes": [{"asset_id": "49913535691357405888189005795777119729203074497784553050607906527813175648482", "price": "0.402", "size": "66.66", "side": "BUY", "hash": "f33194ccb1d25fefed6a43f23c5fa87db6c5d6a9", "best_bid": "0.575", "best_ask": "0.828"}, {"asset_id": "107283612200874762627410448315233948227070614640181631187039818267842487558132", "price": "0.598", "size": "66.66", "side": "SELL", "hash": "ecb9164cdc4320775a2df14d46e872a4f703ad2d", "best_bid": "0.172", "best_ask": "0.425"}], "timestamp": "1769384536260", "event_type": "price_change"}}
{"_local_timestamp": "2026-01-25T23:42:16.371415+00:00", "data": {"market": "0x339d8be5cb57653a9ee63e07d216543622cdefb45eed81b1680e83887a2d7bc6", "price_changes": [{"asset_id": "49913535691357405888189005795777119729203074497784553050607906527813175648482", "price": "0.488", "size": "66.66", "side": "BUY", "hash": "aba34933c10d704599fe20af3c125fe70adcba69", "best_bid": "0.575", "best_ask": "0.828"}, {"asset_id": "107283612200874762627410448315233948227070614640181631187039818267842487558132", "price": "0.512", "size": "66.66", "side": "SELL", "hash": "f18340971cc3dbf8911332e5ced8a8294fab113c", "best_bid": "0.172", "best_ask": "0.425"}], "timestamp": "1769384536271", "event_type": "price_change"}}
{"_local_timestamp": "2026-01-25T23:42:16.955318+00:00", "data": {"market": "0x339d8be5cb57653a9ee63e07d216543622cdefb45eed81b1680e83887a2d7bc6", "price_changes": [{"asset_id": "49913535691357405888189005795777119729203074497784553050607906527813175648482", "price": "0.575", "size": "96.65", "side": "BUY", "hash": "ab72920caeafc228718656ca4730cfe4df855f8e", "best_bid": "0.575", "best_ask": "0.828"}, {"asset_id": "107283612200874762627410448315233948227070614640181631187039818267842487558132", "price": "0.425", "size": "96.65", "side": "SELL", "hash": "aab46c1b07e711ab705004e711405e04a555c1a6", "best_bid": "0.172", "best_ask": "0.425"}], "timestamp": "1769384536850", "event_type": "price_change"}}
{"_local_timestamp": "2026-01-25T23:42:24.652744+00:00", "data": {"market": "0x339d8be5cb57653a9ee63e07d216543622cdefb45eed81b1680e83887a2d7bc6", "price_changes": [{"asset_id": "49913535691357405888189005795777119729203074497784553050607906527813175648482", "price": "0.261", "size": "0", "side": "BUY", "hash": "158d029faec245a119265e1e4219d71842e6ed6b", "best_bid": "0.575", "best_ask": "0.828"}, {"asset_id": "107283612200874762627410448315233948227070614640181631187039818267842487558132", "price": "0.739", "size": "0", "side": "SELL", "hash": "39543cd5fa37fe04af29ee4c5757da119584e0dd", "best_bid": "0.172", "best_ask": "0.425"}], "timestamp": "1769384544474", "event_type": "price_change"}}
{"_local_timestamp": "2026-01-25T23:42:24.684917+00:00", "data": {"market": "0x339d8be5cb57653a9ee63e07d216543622cdefb45eed81b1680e83887a2d7bc6", "price_changes": [{"asset_id": "49913535691357405888189005795777119729203074497784553050607906527813175648482", "price": "0.184", "size": "160.54", "side": "BUY", "hash": "118445c59fd5d32abf04ae201ae85c8fff3e6262", "best_bid": "0.575", "best_ask": "0.828"}, {"asset_id": "107283612200874762627410448315233948227070614640181631187039818267842487558132", "price": "0.816", "size": "160.54", "side": "SELL", "hash": "4a886f1a74868522a727c3801a28600ce3063cc4", "best_bid": "0.172", "best_ask": "0.425"}], "timestamp": "1769384544479", "event_type": "price_change"}}
{"_local_timestamp": "2026-01-25T23:42:25.164847+00:00", "data": {"market": "0x339d8be5cb57653a9ee63e07d216543622cdefb45eed81b1680e83887a2d7bc6", "price_changes": [{"asset_id": "49913535691357405888189005795777119729203074497784553050607906527813175648482", "price": "0.21", "size": "50", "side": "BUY", "hash": "b4fe797201d78b0bc0d8536f60a580bae997f15b", "best_bid": "0.575", "best_ask": "0.828"}, {"asset_id": "107283612200874762627410448315233948227070614640181631187039818267842487558132", "price": "0.79", "size": "50", "side": "SELL", "hash": "4d00c2669cb496fde638a40e4125f249f95fa789", "best_bid": "0.172", "best_ask": "0.425"}], "timestamp": "1769384544904", "event_type": "price_change"}}
{"_local_timestamp": "2026-01-25T23:42:25.213738+00:00", "data": {"market": "0x339d8be5cb57653a9ee63e07d216543622cdefb45eed81b1680e83887a2d7bc6", "price_changes": [{"asset_id": "49913535691357405888189005795777119729203074497784553050607906527813175648482", "price": "0.2", "size": "150", "side": "BUY", "hash": "bb6b928440ed62b507bf85f2098dacb729cd2dde", "best_bid": "0.575", "best_ask": "0.828"}, {"asset_id": "107283612200874762627410448315233948227070614640181631187039818267842487558132", "price": "0.8", "size": "150", "side": "SELL", "hash": "369823f318a6fe1d34c7ecf006656f1d01566b12", "best_bid": "0.172", "best_ask": "0.425"}], "timestamp": "1769384544942", "event_type": "price_change"}}
{"_local_timestamp": "2026-01-25T23:42:30.365101+00:00", "data": {"market": "0x339d8be5cb57653a9ee63e07d216543622cdefb45eed81b1680e83887a2d7bc6", "price_changes": [{"asset_id": "107283612200874762627410448315233948227070614640181631187039818267842487558132", "price": "0.424", "size": "84", "side": "SELL", "hash": "e9951ab057ea5be752d499ab33eb0dae63f92500", "best_bid": "0.172", "best_ask": "0.424"}, {"asset_id": "49913535691357405888189005795777119729203074497784553050607906527813175648482", "price": "0.576", "size": "84", "side": "BUY", "hash": "b4fcf843812db7bd8a1d9eb7e3284c69b1a6f2d7", "best_bid": "0.576", "best_ask": "0.828"}], "timestamp": "1769384550208", "event_type": "price_change"}}
{"_local_timestamp": "2026-01-25T23:42:31.158214+00:00", "data": {"market": "0x339d8be5cb57653a9ee63e07d216543622cdefb45eed81b1680e83887a2d7bc6", "price_changes": [{"asset_id": "49913535691357405888189005795777119729203074497784553050607906527813175648482", "price": "0.575", "size": "66.66", "side": "BUY", "hash": "6327ec8241c21aa2161f54c2cda1fef555e40c4a", "best_bid": "0.576", "best_ask": "0.828"}, {"asset_id": "107283612200874762627410448315233948227070614640181631187039818267842487558132", "price": "0.425", "size": "66.66", "side": "SELL", "hash": "7fd0b49189aef438f809bc0ddebf5e988b35918a", "best_bid": "0.172", "best_ask": "0.424"}], "timestamp": "1769384550983", "event_type": "price_change"}}
{"_local_timestamp": "2026-01-25T23:42:31.242873+00:00", "data": {"market": "0x339d8be5cb57653a9ee63e07d216543622cdefb45eed81b1680e83887a2d7bc6", "price_changes": [{"asset_id": "49913535691357405888189005795777119729203074497784553050607906527813175648482", "price": "0.576", "size": "113.99", "side": "BUY", "hash": "770f553e17cfedddc4eee062b75279eb01bb0cf8", "best_bid": "0.576", "best_ask": "0.828"}, {"asset_id": "107283612200874762627410448315233948227070614640181631187039818267842487558132", "price": "0.424", "size": "113.99", "side": "SELL", "hash": "d096b56337c2633ddf33070954b0747f6820cb60", "best_bid": "0.172", "best_ask": "0.424"}], "timestamp": "1769384551076", "event_type": "price_change"}}
{"_local_timestamp": "2026-01-25T23:42:31.891012+00:00", "data": {"market": "0x339d8be5cb57653a9ee63e07d216543622cdefb45eed81b1680e83887a2d7bc6", "price_changes": [{"asset_id": "107283612200874762627410448315233948227070614640181631187039818267842487558132", "price": "0.424", "size": "29.99", "side": "SELL", "hash": "b2295e8f9ea255b5ed65dd485ca4887029e0d078", "best_bid": "0.172", "best_ask": "0.424"}, {"asset_id": "49913535691357405888189005795777119729203074497784553050607906527813175648482", "price": "0.576", "size": "29.99", "side": "BUY", "hash": "3cec7b43a019d175c4a0bcec7c306026392f53bb", "best_bid": "0.576", "best_ask": "0.828"}], "timestamp": "1769384551705", "event_type": "price_change"}}
{"_local_timestamp": "2026-01-25T23:42:45.427953+00:00", "data": {"market": "0x339d8be5cb57653a9ee63e07d216543622cdefb45eed81b1680e83887a2d7bc6", "price_changes": [{"asset_id": "49913535691357405888189005795777119729203074497784553050607906527813175648482", "price": "0.27", "size": "100", "side": "BUY", "hash": "b189306e61d0d8a0ae25224bd690a4bac9d6c427", "best_bid": "0.576", "best_ask": "0.828"}, {"asset_id": "107283612200874762627410448315233948227070614640181631187039818267842487558132", "price": "0.73", "size": "100", "side": "SELL", "hash": "8fb933cc024a8807aac2769d5ec4676674237380", "best_bid": "0.172", "best_ask": "0.424"}], "timestamp": "1769384565222", "event_type": "price_change"}}
{"_local_timestamp": "2026-01-25T23:43:43.143408+00:00", "data": {"market": "0x339d8be5cb57653a9ee63e07d216543622cdefb45eed81b1680e83887a2d7bc6", "price_changes": [{"asset_id": "49913535691357405888189005795777119729203074497784553050607906527813175648482", "price": "0.572", "size": "0", "side": "BUY", "hash": "9a4da3f9681c47d93ea29f474ac7c6df1acd1cee", "best_bid": "0.576", "best_ask": "0.828"}, {"asset_id": "107283612200874762627410448315233948227070614640181631187039818267842487558132", "price": "0.428", "size": "0", "side": "SELL", "hash": "517bdcfb9297cc2429a6c4cd6edf3b0a4288b03f", "best_bid": "0.172", "best_ask": "0.424"}], "timestamp": "1769384623068", "event_type": "price_change"}}
{"_local_timestamp": "2026-01-25T23:43:43.643753+00:00", "data": {"market": "0x339d8be5cb57653a9ee63e07d216543622cdefb45eed81b1680e83887a2d7bc6", "price_changes": [{"asset_id": "49913535691357405888189005795777119729203074497784553050607906527813175648482", "price": "0.576", "size": "0", "side": "BUY", "hash": "f97fa3b0bb3715092e420afba5715839b47af887", "best_bid": "0.575", "best_ask": "0.828"}, {"asset_id": "107283612200874762627410448315233948227070614640181631187039818267842487558132", "price": "0.424", "size": "0", "side": "SELL", "hash": "7c5404b23217a336a3e675356e49455695d3f34e", "best_bid": "0.172", "best_ask": "0.425"}], "timestamp": "1769384623566", "event_type": "price_change"}}
{"_local_timestamp": "2026-01-25T23:43:43.665209+00:00", "data": {"market": "0x339d8be5cb57653a9ee63e07d216543622cdefb45eed81b1680e83887a2d7bc6", "price_changes": [{"asset_id": "107283612200874762627410448315233948227070614640181631187039818267842487558132", "price": "0.423", "size": "82", "side": "SELL", "hash": "66c6f2d0c3ab688b77e1b63539b9aabf9d96c6a8", "best_bid": "0.172", "best_ask": "0.423"}, {"asset_id": "49913535691357405888189005795777119729203074497784553050607906527813175648482", "price": "0.577", "size": "82", "side": "BUY", "hash": "79025a7ca8116540cc7e8030dd269b7d95a3d1bb", "best_bid": "0.577", "best_ask": "0.828"}], "timestamp": "1769384623596", "event_type": "price_change"}}
{"_local_timestamp": "2026-01-25T23:43:44.798533+00:00", "data": {"market": "0x339d8be5cb57653a9ee63e07d216543622cdefb45eed81b1680e83887a2d7bc6", "price_changes": [{"asset_id": "107283612200874762627410448315233948227070614640181631187039818267842487558132", "price": "0.423", "size": "0", "side": "SELL", "hash": "c7c3c3d538577aa7428ee202ef8a3c3f7ccf7156", "best_bid": "0.172", "best_ask": "0.425"}, {"asset_id": "49913535691357405888189005795777119729203074497784553050607906527813175648482", "price": "0.577", "size": "0", "side": "BUY", "hash": "3a05a8ed9a1ad97cbab244bbf49dc84f302f7fc0", "best_bid": "0.575", "best_ask": "0.828"}], "timestamp": "1769384624704", "event_type": "price_change"}}
{"_local_timestamp": "2026-01-25T23:43:44.843879+00:00", "data": {"market": "0x339d8be5cb57653a9ee63e07d216543622cdefb45eed81b1680e83887a2d7bc6", "price_changes": [{"asset_id": "107283612200874762627410448315233948227070614640181631187039818267842487558132", "price": "0.424", "size": "84", "side": "SELL", "hash": "627d0f6c622248f32749bcb72d9562e92aaf1245", "best_bid": "0.172", "best_ask": "0.424"}, {"asset_id": "49913535691357405888189005795777119729203074497784553050607906527813175648482", "price": "0.576", "size": "84", "side": "BUY", "hash": "9e30ad94bc4d5644e000ba36ee35b67429ebb612", "best_bid": "0.576", "best_ask": "0.828"}], "timestamp": "1769384624742", "event_type": "price_change"}}
{"_local_timestamp": "2026-01-25T23:43:46.308978+00:00", "data": {"market": "0x339d8be5cb57653a9ee63e07d216543622cdefb45eed81b1680e83887a2d7bc6", "price_changes": [{"asset_id": "107283612200874762627410448315233948227070614640181631187039818267842487558132", "price": "0.424", "size": "0", "side": "SELL", "hash": "4b2f8a4255bb669adcded313848d9d99ccb5b5e3", "best_bid": "0.172", "best_ask": "0.425"}, {"asset_id": "49913535691357405888189005795777119729203074497784553050607906527813175648482", "price": "0.576", "size": "0", "side": "BUY", "hash": "b69756476d11df9a07baf0d27c7d197cd9e42111", "best_bid": "0.575", "best_ask": "0.828"}], "timestamp": "1769384626206", "event_type": "price_change"}}
{"_local_timestamp": "2026-01-25T23:43:46.330241+00:00", "data": {"market": "0x339d8be5cb57653a9ee63e07d216543622cdefb45eed81b1680e83887a2d7bc6", "price_changes": [{"asset_id": "107283612200874762627410448315233948227070614640181631187039818267842487558132", "price": "0.424", "size": "114", "side": "SELL", "hash": "04110ab0509ec5a27c53a953fcba93d100c65c6a", "best_bid": "0.172", "best_ask": "0.424"}, {"asset_id": "49913535691357405888189005795777119729203074497784553050607906527813175648482", "price": "0.576", "size": "114", "side": "BUY", "hash": "9b892af1c1af1036ef1fcbafd15d728084b28a05", "best_bid": "0.576", "best_ask": "0.828"}], "timestamp": "1769384626230", "event_type": "price_change"}}
{"_local_timestamp": "2026-01-25T23:43:47.800782+00:00", "data": {"market": "0x339d8be5cb57653a9ee63e07d216543622cdefb45eed81b1680e83887a2d7bc6", "price_changes": [{"asset_id": "107283612200874762627410448315233948227070614640181631187039818267842487558132", "price": "0.424", "size": "0", "side": "SELL", "hash": "3ca1153feec5277f1a9d84fd34833185f5cf6ec0", "best_bid": "0.172", "best_ask": "0.425"}, {"asset_id": "49913535691357405888189005795777119729203074497784553050607906527813175648482", "price": "0.576", "size": "0", "side": "BUY", "hash": "d57e7daa68b535c0a77d18f690df68b3ab42c398", "best_bid": "0.575", "best_ask": "0.828"}], "timestamp": "1769384627705", "event_type": "price_change"}}
{"_local_timestamp": "2026-01-25T23:43:47.825383+00:00", "data": {"market": "0x339d8be5cb57653a9ee63e07d216543622cdefb45eed81b1680e83887a2d7bc6", "price_changes": [{"asset_id": "107283612200874762627410448315233948227070614640181631187039818267842487558132", "price": "0.424", "size": "114", "side": "SELL", "hash": "97b0f8d47cec2f5cd81a507b5cb6410c3f0339dc", "best_bid": "0.172", "best_ask": "0.424"}, {"asset_id": "49913535691357405888189005795777119729203074497784553050607906527813175648482", "price": "0.576", "size": "114", "side": "BUY", "hash": "7d5191fcab2fd3b2b77c42f7252af7428d59ee58", "best_bid": "0.576", "best_ask": "0.828"}], "timestamp": "1769384627730", "event_type": "price_change"}}
{"_local_timestamp": "2026-01-25T23:43:49.296008+00:00", "data": {"market": "0x339d8be5cb57653a9ee63e07d216543622cdefb45eed81b1680e83887a2d7bc6", "price_changes": [{"asset_id": "107283612200874762627410448315233948227070614640181631187039818267842487558132", "price": "0.424", "size": "0", "side": "SELL", "hash": "299e96f9207cd64f65d98f045d37678adbba126d", "best_bid": "0.172", "best_ask": "0.425"}, {"asset_id": "49913535691357405888189005795777119729203074497784553050607906527813175648482", "price": "0.576", "size": "0", "side": "BUY", "hash": "19802418e8543f8e5bdaafac2452cdfe341690e2", "best_bid": "0.575", "best_ask": "0.828"}], "timestamp": "1769384629203", "event_type": "price_change"}}
{"_local_timestamp": "2026-01-25T23:43:49.328356+00:00", "data": {"market": "0x339d8be5cb57653a9ee63e07d216543622cdefb45eed81b1680e83887a2d7bc6", "price_changes": [{"asset_id": "107283612200874762627410448315233948227070614640181631187039818267842487558132", "price": "0.424", "size": "114", "side": "SELL", "hash": "5ad9155bb1644fef9c085a0235d7764542b1b47c", "best_bid": "0.172", "best_ask": "0.424"}, {"asset_id": "49913535691357405888189005795777119729203074497784553050607906527813175648482", "price": "0.576", "size": "114", "side": "BUY", "hash": "b453d252d8dafd60ab7993a8fbe4a07cbcdd6b73", "best_bid": "0.576", "best_ask": "0.828"}], "timestamp": "1769384629230", "event_type": "price_change"}}
{"_local_timestamp": "2026-01-25T23:43:51.316769+00:00", "data": {"market": "0x339d8be5cb57653a9ee63e07d216543622cdefb45eed81b1680e83887a2d7bc6", "price_changes": [{"asset_id": "107283612200874762627410448315233948227070614640181631187039818267842487558132", "price": "0.424", "size": "0", "side": "SELL", "hash": "7c3582d0c6a0cca2cf5965195fdaa39a260d84c7", "best_bid": "0.172", "best_ask": "0.425"}, {"asset_id": "49913535691357405888189005795777119729203074497784553050607906527813175648482", "price": "0.576", "size": "0", "side": "BUY", "hash": "d78b5a2e31ad981dc9dd8a36f5f60bfcb80db18f", "best_bid": "0.575", "best_ask": "0.828"}], "timestamp": "1769384630705", "event_type": "price_change"}}
{"_local_timestamp": "2026-01-25T23:43:51.317506+00:00", "data": {"market": "0x339d8be5cb57653a9ee63e07d216543622cdefb45eed81b1680e83887a2d7bc6", "price_changes": [{"asset_id": "107283612200874762627410448315233948227070614640181631187039818267842487558132", "price": "0.424", "size": "114", "side": "SELL", "hash": "590ebb55ab1d2165058456b6466038a036108a9e", "best_bid": "0.172", "best_ask": "0.424"}, {"asset_id": "49913535691357405888189005795777119729203074497784553050607906527813175648482", "price": "0.576", "size": "114", "side": "BUY", "hash": "0a9dba8f0f9888c45c5523adf13ef0b20b3ad409", "best_bid": "0.576", "best_ask": "0.828"}], "timestamp": "1769384630731", "event_type": "price_change"}}
{"_local_timestamp": "2026-01-25T23:43:52.475614+00:00", "data": {"market": "0x339d8be5cb57653a9ee63e07d216543622cdefb45eed81b1680e83887a2d7bc6", "price_changes": [{"asset_id": "107283612200874762627410448315233948227070614640181631187039818267842487558132", "price": "0.424", "size": "0", "side": "SELL", "hash": "ba09bdb271d51b80f19f8e7736839b774c102fd0", "best_bid": "0.172", "best_ask": "0.425"}, {"asset_id": "49913535691357405888189005795777119729203074497784553050607906527813175648482", "price": "0.576", "size": "0", "side": "BUY", "hash": "4559791f60a750226f0d14d1ccad6dd42b41de7c", "best_bid": "0.575", "best_ask": "0.828"}], "timestamp": "1769384632205", "event_type": "price_change"}}
{"_local_timestamp": "2026-01-25T23:43:52.493331+00:00", "data": {"market": "0x339d8be5cb57653a9ee63e07d216543622cdefb45eed81b1680e83887a2d7bc6", "price_changes": [{"asset_id": "107283612200874762627410448315233948227070614640181631187039818267842487558132", "price": "0.424", "size": "114", "side": "SELL", "hash": "d26a137df511212e599d2e038d3549ae3620495b", "best_bid": "0.172", "best_ask": "0.424"}, {"asset_id": "49913535691357405888189005795777119729203074497784553050607906527813175648482", "price": "0.576", "size": "114", "side": "BUY", "hash": "3362d801a3f0dfda128d34ac1a19e5796392df83", "best_bid": "0.576", "best_ask": "0.828"}], "timestamp": "1769384632231", "event_type": "price_change"}}
{"_local_timestamp": "2026-01-25T23:43:53.940052+00:00", "data": {"market": "0x339d8be5cb57653a9ee63e07d216543622cdefb45eed81b1680e83887a2d7bc6", "price_changes": [{"asset_id": "107283612200874762627410448315233948227070614640181631187039818267842487558132", "price": "0.424", "size": "0", "side": "SELL", "hash": "cf8fe6908a2590b1149703679e4bf72727ed8b0d", "best_bid": "0.172", "best_ask": "0.425"}, {"asset_id": "49913535691357405888189005795777119729203074497784553050607906527813175648482", "price": "0.576", "size": "0", "side": "BUY", "hash": "c786ec34a67e5583a4fff77fadabbeec744f76e0", "best_bid": "0.575", "best_ask": "0.828"}], "timestamp": "1769384633705", "event_type": "price_change"}}
{"_local_timestamp": "2026-01-25T23:43:53.970533+00:00", "data": {"market": "0x339d8be5cb57653a9ee63e07d216543622cdefb45eed81b1680e83887a2d7bc6", "price_changes": [{"asset_id": "107283612200874762627410448315233948227070614640181631187039818267842487558132", "price": "0.424", "size": "84", "side": "SELL", "hash": "da6994eaacc21d32ef202ad944cd1707232b8394", "best_bid": "0.172", "best_ask": "0.424"}, {"asset_id": "49913535691357405888189005795777119729203074497784553050607906527813175648482", "price": "0.576", "size": "84", "side": "BUY", "hash": "2d32af770c39ffb5431828a702f2966191e52d8a", "best_bid": "0.576", "best_ask": "0.828"}], "timestamp": "1769384633731", "event_type": "price_change"}}
{"_local_timestamp": "2026-01-25T23:43:55.437149+00:00", "data": {"market": "0x339d8be5cb57653a9ee63e07d216543622cdefb45eed81b1680e83887a2d7bc6", "price_changes": [{"asset_id": "107283612200874762627410448315233948227070614640181631187039818267842487558132", "price": "0.424", "size": "0", "side": "SELL", "hash": "357bb749e3c24332f63a1ec3be44558ab90b1b1f", "best_bid": "0.172", "best_ask": "0.425"}, {"asset_id": "49913535691357405888189005795777119729203074497784553050607906527813175648482", "price": "0.576", "size": "0", "side": "BUY", "hash": "48a3f4f760747cc1aa6a64d4e7dbd678c4051a65", "best_bid": "0.575", "best_ask": "0.828"}], "timestamp": "1769384635204", "event_type": "price_change"}}
{"_local_timestamp": "2026-01-25T23:43:55.459186+00:00", "data": {"market": "0x339d8be5cb57653a9ee63e07d216543622cdefb45eed81b1680e83887a2d7bc6", "price_changes": [{"asset_id": "107283612200874762627410448315233948227070614640181631187039818267842487558132", "price": "0.424", "size": "114", "side": "SELL", "hash": "e79bfe426dd2695dfb549f94a777fe3c57a3ba9a", "best_bid": "0.172", "best_ask": "0.424"}, {"asset_id": "49913535691357405888189005795777119729203074497784553050607906527813175648482", "price": "0.576", "size": "114", "side": "BUY", "hash": "5a248321716ed9ce15048bd5fb5d543c6bb1f0be", "best_bid": "0.576", "best_ask": "0.828"}], "timestamp": "1769384635235", "event_type": "price_change"}}
{"_local_timestamp": "2026-01-25T23:43:56.931062+00:00", "data": {"market": "0x339d8be5cb57653a9ee63e07d216543622cdefb45eed81b1680e83887a2d7bc6", "price_changes": [{"asset_id": "107283612200874762627410448315233948227070614640181631187039818267842487558132", "price": "0.424", "size": "0", "side": "SELL", "hash": "a512a998ebe089bd082c29ec632177c5a453479e", "best_bid": "0.172", "best_ask": "0.425"}, {"asset_id": "49913535691357405888189005795777119729203074497784553050607906527813175648482", "price": "0.576", "size": "0", "side": "BUY", "hash": "b932c50dc8c67af8631b5fe5463cedca3255979f", "best_bid": "0.575", "best_ask": "0.828"}], "timestamp": "1769384636705", "event_type": "price_change"}}
{"_local_timestamp": "2026-01-25T23:43:56.965007+00:00", "data": {"market": "0x339d8be5cb57653a9ee63e07d216543622cdefb45eed81b1680e83887a2d7bc6", "price_changes": [{"asset_id": "107283612200874762627410448315233948227070614640181631187039818267842487558132", "price": "0.424", "size": "114", "side": "SELL", "hash": "60f9e29ea8921f11c4a16dd77f7fded9bdea3ae0", "best_bid": "0.172", "best_ask": "0.424"}, {"asset_id": "49913535691357405888189005795777119729203074497784553050607906527813175648482", "price": "0.576", "size": "114", "side": "BUY", "hash": "13230420297af1c0fd5430833c21818255fb489d", "best_bid": "0.576", "best_ask": "0.828"}], "timestamp": "1769384636732", "event_type": "price_change"}}
{"_local_timestamp": "2026-01-25T23:43:58.447259+00:00", "data": {"market": "0x339d8be5cb57653a9ee63e07d216543622cdefb45eed81b1680e83887a2d7bc6", "price_changes": [{"asset_id": "107283612200874762627410448315233948227070614640181631187039818267842487558132", "price": "0.424", "size": "0", "side": "SELL", "hash": "885696992932a363cb12688302dfd53985a8ce60", "best_bid": "0.172", "best_ask": "0.425"}, {"asset_id": "49913535691357405888189005795777119729203074497784553050607906527813175648482", "price": "0.576", "size": "0", "side": "BUY", "hash": "4fe3da3f4cff0ef6f629035e815b869b3b2652bf", "best_bid": "0.575", "best_ask": "0.828"}], "timestamp": "1769384638204", "event_type": "price_change"}}
{"_local_timestamp": "2026-01-25T23:43:58.481950+00:00", "data": {"market": "0x339d8be5cb57653a9ee63e07d216543622cdefb45eed81b1680e83887a2d7bc6", "price_changes": [{"asset_id": "107283612200874762627410448315233948227070614640181631187039818267842487558132", "price": "0.424", "size": "114", "side": "SELL", "hash": "79fead6483c880d13c3de5620ee887874cc8c230", "best_bid": "0.172", "best_ask": "0.424"}, {"asset_id": "49913535691357405888189005795777119729203074497784553050607906527813175648482", "price": "0.576", "size": "114", "side": "BUY", "hash": "34400bf0923e5c81f47e1e93685a4c13ffccb895", "best_bid": "0.576", "best_ask": "0.828"}], "timestamp": "1769384638228", "event_type": "price_change"}}
{"_local_timestamp": "2026-01-25T23:43:59.964378+00:00", "data": {"market": "0x339d8be5cb57653a9ee63e07d216543622cdefb45eed81b1680e83887a2d7bc6", "price_changes": [{"asset_id": "107283612200874762627410448315233948227070614640181631187039818267842487558132", "price": "0.424", "size": "0", "side": "SELL", "hash": "461286bb29a0276f7629246b1acf819220dc7905", "best_bid": "0.172", "best_ask": "0.425"}, {"asset_id": "49913535691357405888189005795777119729203074497784553050607906527813175648482", "price": "0.576", "size": "0", "side": "BUY", "hash": "85ada403f2ee25a116fffa432bee90b7d58d5a49", "best_bid": "0.575", "best_ask": "0.828"}], "timestamp": "1769384639703", "event_type": "price_change"}}
{"_local_timestamp": "2026-01-25T23:43:59.987139+00:00", "data": {"market": "0x339d8be5cb57653a9ee63e07d216543622cdefb45eed81b1680e83887a2d7bc6", "price_changes": [{"asset_id": "107283612200874762627410448315233948227070614640181631187039818267842487558132", "price": "0.424", "size": "114", "side": "SELL", "hash": "d60f2543b1c68e2506159cac13a3144ec88014f3", "best_bid": "0.172", "best_ask": "0.424"}, {"asset_id": "49913535691357405888189005795777119729203074497784553050607906527813175648482", "price": "0.576", "size": "114", "side": "BUY", "hash": "64bae45d60061646b4c81f0729552ab94273aed9", "best_bid": "0.576", "best_ask": "0.828"}], "timestamp": "1769384639729", "event_type": "price_change"}}
{"_local_timestamp": "2026-01-25T23:44:01.432685+00:00", "data": {"market": "0x339d8be5cb57653a9ee63e07d216543622cdefb45eed81b1680e83887a2d7bc6", "price_changes": [{"asset_id": "107283612200874762627410448315233948227070614640181631187039818267842487558132", "price": "0.424", "size": "0", "side": "SELL", "hash": "5dff6d5a40daa58f1825115b9e19a9a9cfdddc12", "best_bid": "0.172", "best_ask": "0.425"}, {"asset_id": "49913535691357405888189005795777119729203074497784553050607906527813175648482", "price": "0.576", "size": "0", "side": "BUY", "hash": "f63ef935594d2899fbf835684809302ae012a460", "best_bid": "0.575", "best_ask": "0.828"}], "timestamp": "1769384641205", "event_type": "price_change"}}
{"_local_timestamp": "2026-01-25T23:44:01.470466+00:00", "data": {"market": "0x339d8be5cb57653a9ee63e07d216543622cdefb45eed81b1680e83887a2d7bc6", "price_changes": [{"asset_id": "107283612200874762627410448315233948227070614640181631187039818267842487558132", "price": "0.424", "size": "114", "side": "SELL", "hash": "a5767bbeb2d3ce400db395876249ef88e256447c", "best_bid": "0.172", "best_ask": "0.424"}, {"asset_id": "49913535691357405888189005795777119729203074497784553050607906527813175648482", "price": "0.576", "size": "114", "side": "BUY", "hash": "555732d0f9329981e065f43a118ae5f1b4fd1269", "best_bid": "0.576", "best_ask": "0.828"}], "timestamp": "1769384641233", "event_type": "price_change"}}
{"_local_timestamp": "2026-01-25T23:44:02.973900+00:00", "data": {"market": "0x339d8be5cb57653a9ee63e07d216543622cdefb45eed81b1680e83887a2d7bc6", "price_changes": [{"asset_id": "107283612200874762627410448315233948227070614640181631187039818267842487558132", "price": "0.424", "size": "0", "side": "SELL", "hash": "d9a9c288a8ba7532a7ff3fe531101eeafb3c788f", "best_bid": "0.172", "best_ask": "0.425"}, {"asset_id": "49913535691357405888189005795777119729203074497784553050607906527813175648482", "price": "0.576", "size": "0", "side": "BUY", "hash": "88ae92dccab3c6554d46760b41b1518a62920a6d", "best_bid": "0.575", "best_ask": "0.828"}], "timestamp": "1769384642708", "event_type": "price_change"}}
{"_local_timestamp": "2026-01-25T23:44:03.008323+00:00", "data": {"market": "0x339d8be5cb57653a9ee63e07d216543622cdefb45eed81b1680e83887a2d7bc6", "price_changes": [{"asset_id": "107283612200874762627410448315233948227070614640181631187039818267842487558132", "price": "0.424", "size": "84", "side": "SELL", "hash": "24c4b8bfb2ec76a2ad2d2b7207e0869bd1929a86", "best_bid": "0.172", "best_ask": "0.424"}, {"asset_id": "49913535691357405888189005795777119729203074497784553050607906527813175648482", "price": "0.576", "size": "84", "side": "BUY", "hash": "0c9f8046d2122e9c3319d1e6210b8fd0ebf7a3bb", "best_bid": "0.576", "best_ask": "0.828"}], "timestamp": "1769384642737", "event_type": "price_change"}}
{"_local_timestamp": "2026-01-25T23:44:04.510312+00:00", "data": {"market": "0x339d8be5cb57653a9ee63e07d216543622cdefb45eed81b1680e83887a2d7bc6", "price_changes": [{"asset_id": "107283612200874762627410448315233948227070614640181631187039818267842487558132", "price": "0.424", "size": "0", "side": "SELL", "hash": "a61512bf53ebbaf1671b3271da8b6aa5f5ef0fb8", "best_bid": "0.172", "best_ask": "0.425"}, {"asset_id": "49913535691357405888189005795777119729203074497784553050607906527813175648482", "price": "0.576", "size": "0", "side": "BUY", "hash": "76d5f01252ce17f346c74aa143a11f6a8773caad", "best_bid": "0.575", "best_ask": "0.828"}], "timestamp": "1769384644204", "event_type": "price_change"}}
{"_local_timestamp": "2026-01-25T23:44:04.536452+00:00", "data": {"market": "0x339d8be5cb57653a9ee63e07d216543622cdefb45eed81b1680e83887a2d7bc6", "price_changes": [{"asset_id": "107283612200874762627410448315233948227070614640181631187039818267842487558132", "price": "0.424", "size": "84", "side": "SELL", "hash": "25408617560f223af58e806f68bd88e6e93aeb07", "best_bid": "0.172", "best_ask": "0.424"}, {"asset_id": "49913535691357405888189005795777119729203074497784553050607906527813175648482", "price": "0.576", "size": "84", "side": "BUY", "hash": "82d73eceb5b54c69dccdbb4e795a9fe7412ba7c3", "best_bid": "0.576", "best_ask": "0.828"}], "timestamp": "1769384644234", "event_type": "price_change"}}
{"_local_timestamp": "2026-01-25T23:44:06.005937+00:00", "data": {"market": "0x339d8be5cb57653a9ee63e07d216543622cdefb45eed81b1680e83887a2d7bc6", "price_changes": [{"asset_id": "107283612200874762627410448315233948227070614640181631187039818267842487558132", "price": "0.424", "size": "0", "side": "SELL", "hash": "7d2f3ea4bc3b451f1ea2d981a9cc97c304e6a2e3", "best_bid": "0.172", "best_ask": "0.425"}, {"asset_id": "49913535691357405888189005795777119729203074497784553050607906527813175648482", "price": "0.576", "size": "0", "side": "BUY", "hash": "d58cea94963fdc27a054db151484f2455a1b9974", "best_bid": "0.575", "best_ask": "0.828"}], "timestamp": "1769384645705", "event_type": "price_change"}}
{"_local_timestamp": "2026-01-25T23:44:06.029804+00:00", "data": {"market": "0x339d8be5cb57653a9ee63e07d216543622cdefb45eed81b1680e83887a2d7bc6", "price_changes": [{"asset_id": "107283612200874762627410448315233948227070614640181631187039818267842487558132", "price": "0.424", "size": "84", "side": "SELL", "hash": "09c89bd1fc2e249246c5819cf030857ebf1eba7e", "best_bid": "0.172", "best_ask": "0.424"}, {"asset_id": "49913535691357405888189005795777119729203074497784553050607906527813175648482", "price": "0.576", "size": "84", "side": "BUY", "hash": "5639a5291629f7f17be7842ae9fdceb0a87e398e", "best_bid": "0.576", "best_ask": "0.828"}], "timestamp": "1769384645735", "event_type": "price_change"}}
{"_local_timestamp": "2026-01-25T23:44:07.497382+00:00", "data": {"market": "0x339d8be5cb57653a9ee63e07d216543622cdefb45eed81b1680e83887a2d7bc6", "price_changes": [{"asset_id": "107283612200874762627410448315233948227070614640181631187039818267842487558132", "price": "0.424", "size": "0", "side": "SELL", "hash": "88baf1384dbe9e8410c597704dddb4cfc88d4221", "best_bid": "0.172", "best_ask": "0.425"}, {"asset_id": "49913535691357405888189005795777119729203074497784553050607906527813175648482", "price": "0.576", "size": "0", "side": "BUY", "hash": "f81a6c0f5269864236782bc43a656999a115eedc", "best_bid": "0.575", "best_ask": "0.828"}], "timestamp": "1769384647204", "event_type": "price_change"}}
{"_local_timestamp": "2026-01-25T23:44:07.541703+00:00", "data": {"market": "0x339d8be5cb57653a9ee63e07d216543622cdefb45eed81b1680e83887a2d7bc6", "price_changes": [{"asset_id": "107283612200874762627410448315233948227070614640181631187039818267842487558132", "price": "0.424", "size": "114", "side": "SELL", "hash": "5e97ddbddbd64aeeceb5bac0bf779b8d32f12e4e", "best_bid": "0.172", "best_ask": "0.424"}, {"asset_id": "49913535691357405888189005795777119729203074497784553050607906527813175648482", "price": "0.576", "size": "114", "side": "BUY", "hash": "c175c1f71eb1a273cc31393cf6ee4a7c296a0375", "best_bid": "0.576", "best_ask": "0.828"}], "timestamp": "1769384647231", "event_type": "price_change"}}
{"_local_timestamp": "2026-01-25T23:44:08.674285+00:00", "data": {"market": "0x339d8be5cb57653a9ee63e07d216543622cdefb45eed81b1680e83887a2d7bc6", "price_changes": [{"asset_id": "49913535691357405888189005795777119729203074497784553050607906527813175648482", "price": "0.21", "size": "0", "side": "BUY", "hash": "5f52f486d514121e44a0a68cd872c14cc37f0a4f", "best_bid": "0.576", "best_ask": "0.828"}, {"asset_id": "107283612200874762627410448315233948227070614640181631187039818267842487558132", "price": "0.79", "size": "0", "side": "SELL", "hash": "4c2ed72ef83ea2a2e1e2c5c6c3a8594d5141244d", "best_bid": "0.172", "best_ask": "0.424"}], "timestamp": "1769384648340", "event_type": "price_change"}}
{"_local_timestamp": "2026-01-25T23:44:08.675036+00:00", "data": {"market": "0x339d8be5cb57653a9ee63e07d216543622cdefb45eed81b1680e83887a2d7bc6", "price_changes": [{"asset_id": "49913535691357405888189005795777119729203074497784553050607906527813175648482", "price": "0.2", "size": "50", "side": "BUY", "hash": "5f52f486d514121e44a0a68cd872c14cc37f0a4f", "best_bid": "0.576", "best_ask": "0.828"}, {"asset_id": "107283612200874762627410448315233948227070614640181631187039818267842487558132", "price": "0.8", "size": "50", "side": "SELL", "hash": "4c2ed72ef83ea2a2e1e2c5c6c3a8594d5141244d", "best_bid": "0.172", "best_ask": "0.424"}], "timestamp": "1769384648340", "event_type": "price_change"}}
{"_local_timestamp": "2026-01-25T23:44:08.802670+00:00", "data": {"market": "0x339d8be5cb57653a9ee63e07d216543622cdefb45eed81b1680e83887a2d7bc6", "price_changes": [{"asset_id": "107283612200874762627410448315233948227070614640181631187039818267842487558132", "price": "0.424", "size": "0", "side": "SELL", "hash": "d7acbe53fa605c62c9e9a9ea644c16606a9aa6dc", "best_bid": "0.172", "best_ask": "0.425"}, {"asset_id": "49913535691357405888189005795777119729203074497784553050607906527813175648482", "price": "0.576", "size": "0", "side": "BUY", "hash": "c4e5f979af537cdac8701f08c29072242edf56dd", "best_bid": "0.575", "best_ask": "0.828"}], "timestamp": "1769384648399", "event_type": "price_change"}}
{"_local_timestamp": "2026-01-25T23:44:08.999850+00:00", "data": {"market": "0x339d8be5cb57653a9ee63e07d216543622cdefb45eed81b1680e83887a2d7bc6", "price_changes": [{"asset_id": "107283612200874762627410448315233948227070614640181631187039818267842487558132", "price": "0.424", "size": "115", "side": "SELL", "hash": "e3738e724493f320708ded44eaff548a053c6798", "best_bid": "0.172", "best_ask": "0.424"}, {"asset_id": "49913535691357405888189005795777119729203074497784553050607906527813175648482", "price": "0.576", "size": "115", "side": "BUY", "hash": "1d470fe7b75e220d75f7d0d14c219c403bdf7cf3", "best_bid": "0.576", "best_ask": "0.828"}], "timestamp": "1769384648536", "event_type": "price_change"}}
{"_local_timestamp": "2026-01-25T23:44:09.218017+00:00", "data": {"market": "0x339d8be5cb57653a9ee63e07d216543622cdefb45eed81b1680e83887a2d7bc6", "price_changes": [{"asset_id": "49913535691357405888189005795777119729203074497784553050607906527813175648482", "price": "0.184", "size": "260.54", "side": "BUY", "hash": "f90c01dd57581464eb74eb8b48ff448d063c7a5e", "best_bid": "0.576", "best_ask": "0.828"}, {"asset_id": "107283612200874762627410448315233948227070614640181631187039818267842487558132", "price": "0.816", "size": "260.54", "side": "SELL", "hash": "9924558260df25e1c8f64eeaa3f3c126e28fbf2a", "best_bid": "0.172", "best_ask": "0.424"}], "timestamp": "1769384648766", "event_type": "price_change"}}
{"_local_timestamp": "2026-01-25T23:44:09.345725+00:00", "data": {"market": "0x339d8be5cb57653a9ee63e07d216543622cdefb45eed81b1680e83887a2d7bc6", "price_changes": [{"asset_id": "49913535691357405888189005795777119729203074497784553050607906527813175648482", "price": "0.27", "size": "150", "side": "BUY", "hash": "23df5e1c301975669f1626ce7fa214abf3345095", "best_bid": "0.576", "best_ask": "0.828"}, {"asset_id": "107283612200874762627410448315233948227070614640181631187039818267842487558132", "price": "0.73", "size": "150", "side": "SELL", "hash": "85fb32a05538fa5654f34c5deefb47935f428e48", "best_bid": "0.172", "best_ask": "0.424"}], "timestamp": "1769384648845", "event_type": "price_change"}}
{"_local_timestamp": "2026-01-25T23:44:09.963392+00:00", "data": {"market": "0x339d8be5cb57653a9ee63e07d216543622cdefb45eed81b1680e83887a2d7bc6", "price_changes": [{"asset_id": "107283612200874762627410448315233948227070614640181631187039818267842487558132", "price": "0.424", "size": "0", "side": "SELL", "hash": "47c3d6f669398b2c2e92e38f18689cfda5708e78", "best_bid": "0.172", "best_ask": "0.425"}, {"asset_id": "49913535691357405888189005795777119729203074497784553050607906527813175648482", "price": "0.576", "size": "0", "side": "BUY", "hash": "66a876e929ef21a5933a10efaa4dcb1f0e011eda", "best_bid": "0.575", "best_ask": "0.828"}], "timestamp": "1769384649704", "event_type": "price_change"}}
{"_local_timestamp": "2026-01-25T23:44:09.988458+00:00", "data": {"market": "0x339d8be5cb57653a9ee63e07d216543622cdefb45eed81b1680e83887a2d7bc6", "price_changes": [{"asset_id": "107283612200874762627410448315233948227070614640181631187039818267842487558132", "price": "0.424", "size": "137", "side": "SELL", "hash": "ec9df5ef15aa32206717fda13eee3983efac4955", "best_bid": "0.172", "best_ask": "0.424"}, {"asset_id": "49913535691357405888189005795777119729203074497784553050607906527813175648482", "price": "0.576", "size": "137", "side": "BUY", "hash": "722c805eb3cc1a56c46ad55a08caf6d75e7cd364", "best_bid": "0.576", "best_ask": "0.828"}], "timestamp": "1769384649732", "event_type": "price_change"}}
{"_local_timestamp": "2026-01-25T23:44:11.336493+00:00", "data": {"market": "0x339d8be5cb57653a9ee63e07d216543622cdefb45eed81b1680e83887a2d7bc6", "price_changes": [{"asset_id": "107283612200874762627410448315233948227070614640181631187039818267842487558132", "price": "0.424", "size": "0", "side": "SELL", "hash": "8721991be58cb4f780529c6ed07bf520503ffefa", "best_bid": "0.172", "best_ask": "0.425"}, {"asset_id": "49913535691357405888189005795777119729203074497784553050607906527813175648482", "price": "0.576", "size": "0", "side": "BUY", "hash": "8bca87839b84b4641b9b8493556147c0c5c1ad51", "best_bid": "0.575", "best_ask": "0.828"}], "timestamp": "1769384651205", "event_type": "price_change"}}
{"_local_timestamp": "2026-01-25T23:44:11.364402+00:00", "data": {"market": "0x339d8be5cb57653a9ee63e07d216543622cdefb45eed81b1680e83887a2d7bc6", "price_changes": [{"asset_id": "107283612200874762627410448315233948227070614640181631187039818267842487558132", "price": "0.424", "size": "118", "side": "SELL", "hash": "ddb1c0cb62b69c10adefe23d4ecc0b62932ae571", "best_bid": "0.172", "best_ask": "0.424"}, {"asset_id": "49913535691357405888189005795777119729203074497784553050607906527813175648482", "price": "0.576", "size": "118", "side": "BUY", "hash": "a426e2fe04b9183930df4cad15891fe0ad9be401", "best_bid": "0.576", "best_ask": "0.828"}], "timestamp": "1769384651234", "event_type": "price_change"}}
{"_local_timestamp": "2026-01-25T23:44:12.842724+00:00", "data": {"market": "0x339d8be5cb57653a9ee63e07d216543622cdefb45eed81b1680e83887a2d7bc6", "price_changes": [{"asset_id": "107283612200874762627410448315233948227070614640181631187039818267842487558132", "price": "0.424", "size": "0", "side": "SELL", "hash": "f2afd36441112c60baa2d71a359fe44022f96c44", "best_bid": "0.172", "best_ask": "0.425"}, {"asset_id": "49913535691357405888189005795777119729203074497784553050607906527813175648482", "price": "0.576", "size": "0", "side": "BUY", "hash": "46f803992656362b19ce8881529e8b6270c24d23", "best_bid": "0.575", "best_ask": "0.828"}], "timestamp": "1769384652703", "event_type": "price_change"}}
{"_local_timestamp": "2026-01-25T23:44:12.871159+00:00", "data": {"market": "0x339d8be5cb57653a9ee63e07d216543622cdefb45eed81b1680e83887a2d7bc6", "price_changes": [{"asset_id": "107283612200874762627410448315233948227070614640181631187039818267842487558132", "price": "0.424", "size": "137", "side": "SELL", "hash": "ffcdbac386f2efd121dcdce5801764c7b548909c", "best_bid": "0.172", "best_ask": "0.424"}, {"asset_id": "49913535691357405888189005795777119729203074497784553050607906527813175648482", "price": "0.576", "size": "137", "side": "BUY", "hash": "c0687ffa768cc608b9a703883ca122c6b93f91b0", "best_bid": "0.576", "best_ask": "0.828"}], "timestamp": "1769384652735", "event_type": "price_change"}}
{"_local_timestamp": "2026-01-25T23:44:14.350550+00:00", "data": {"market": "0x339d8be5cb57653a9ee63e07d216543622cdefb45eed81b1680e83887a2d7bc6", "price_changes": [{"asset_id": "107283612200874762627410448315233948227070614640181631187039818267842487558132", "price": "0.424", "size": "0", "side": "SELL", "hash": "8abf9df494812f89c7b126295b460683306ba4c6", "best_bid": "0.172", "best_ask": "0.425"}, {"asset_id": "49913535691357405888189005795777119729203074497784553050607906527813175648482", "price": "0.576", "size": "0", "side": "BUY", "hash": "37d2d5826a1b0004495f52bf58e2ffbad5ec0b0d", "best_bid": "0.575", "best_ask": "0.828"}], "timestamp": "1769384654207", "event_type": "price_change"}}
{"_local_timestamp": "2026-01-25T23:44:14.384343+00:00", "data": {"market": "0x339d8be5cb57653a9ee63e07d216543622cdefb45eed81b1680e83887a2d7bc6", "price_changes": [{"asset_id": "107283612200874762627410448315233948227070614640181631187039818267842487558132", "price": "0.424", "size": "118", "side": "SELL", "hash": "ffdfedf07ad0b17bdea03a1d4456049cabe02ac7", "best_bid": "0.172", "best_ask": "0.424"}, {"asset_id": "49913535691357405888189005795777119729203074497784553050607906527813175648482", "price": "0.576", "size": "118", "side": "BUY", "hash": "3f000e59ca8450bd01d74c7da9ddb35ff270043a", "best_bid": "0.576", "best_ask": "0.828"}], "timestamp": "1769384654234", "event_type": "price_change"}}
{"_local_timestamp": "2026-01-25T23:44:15.864639+00:00", "data": {"market": "0x339d8be5cb57653a9ee63e07d216543622cdefb45eed81b1680e83887a2d7bc6", "price_changes": [{"asset_id": "107283612200874762627410448315233948227070614640181631187039818267842487558132", "price": "0.424", "size": "0", "side": "SELL", "hash": "544a4e7e7268bdd3f52a7bd2ebbbb477b7862850", "best_bid": "0.172", "best_ask": "0.425"}, {"asset_id": "49913535691357405888189005795777119729203074497784553050607906527813175648482", "price": "0.576", "size": "0", "side": "BUY", "hash": "fc9823cac03681bd24df9d3908202c8fd88d5c68", "best_bid": "0.575", "best_ask": "0.828"}], "timestamp": "1769384655706", "event_type": "price_change"}}
{"_local_timestamp": "2026-01-25T23:44:15.887559+00:00", "data": {"market": "0x339d8be5cb57653a9ee63e07d216543622cdefb45eed81b1680e83887a2d7bc6", "price_changes": [{"asset_id": "107283612200874762627410448315233948227070614640181631187039818267842487558132", "price": "0.424", "size": "137", "side": "SELL", "hash": "06b13dee497ed27e9e48bb227ac4b4868f42b47f", "best_bid": "0.172", "best_ask": "0.424"}, {"asset_id": "49913535691357405888189005795777119729203074497784553050607906527813175648482", "price": "0.576", "size": "137", "side": "BUY", "hash": "50043567edb2e9f54c5340b2358afca02b067a4b", "best_bid": "0.576", "best_ask": "0.828"}], "timestamp": "1769384655731", "event_type": "price_change"}}
{"_local_timestamp": "2026-01-25T23:44:17.281585+00:00", "data": {"market": "0x339d8be5cb57653a9ee63e07d216543622cdefb45eed81b1680e83887a2d7bc6", "price_changes": [{"asset_id": "107283612200874762627410448315233948227070614640181631187039818267842487558132", "price": "0.424", "size": "0", "side": "SELL", "hash": "ea50a429714d4adf9bae093f6ee9db7b93cfaea1", "best_bid": "0.172", "best_ask": "0.425"}, {"asset_id": "49913535691357405888189005795777119729203074497784553050607906527813175648482", "price": "0.576", "size": "0", "side": "BUY", "hash": "71f9a9e9581cbd2ee74ac5c4954d758254ab1116", "best_bid": "0.575", "best_ask": "0.828"}], "timestamp": "1769384657209", "event_type": "price_change"}}
{"_local_timestamp": "2026-01-25T23:44:17.303858+00:00", "data": {"market": "0x339d8be5cb57653a9ee63e07d216543622cdefb45eed81b1680e83887a2d7bc6", "price_changes": [{"asset_id": "107283612200874762627410448315233948227070614640181631187039818267842487558132", "price": "0.424", "size": "118", "side": "SELL", "hash": "a3baf9819c6946965b093049fd2b15d93b13e960", "best_bid": "0.172", "best_ask": "0.424"}, {"asset_id": "49913535691357405888189005795777119729203074497784553050607906527813175648482", "price": "0.576", "size": "118", "side": "BUY", "hash": "bfe07cd2eef502dae19cf552d6555546f48eed0b", "best_bid": "0.576", "best_ask": "0.828"}], "timestamp": "1769384657238", "event_type": "price_change"}}
{"_local_timestamp": "2026-01-25T23:44:18.776356+00:00", "data": {"market": "0x339d8be5cb57653a9ee63e07d216543622cdefb45eed81b1680e83887a2d7bc6", "price_changes": [{"asset_id": "107283612200874762627410448315233948227070614640181631187039818267842487558132", "price": "0.424", "size": "0", "side": "SELL", "hash": "457c10b78082c10e300bab053fcbc63f41d14e48", "best_bid": "0.172", "best_ask": "0.425"}, {"asset_id": "49913535691357405888189005795777119729203074497784553050607906527813175648482", "price": "0.576", "size": "0", "side": "BUY", "hash": "d18c9b06df8d863b956518a4eb3b13287f9090e1", "best_bid": "0.575", "best_ask": "0.828"}], "timestamp": "1769384658707", "event_type": "price_change"}}
{"_local_timestamp": "2026-01-25T23:44:18.810104+00:00", "data": {"market": "0x339d8be5cb57653a9ee63e07d216543622cdefb45eed81b1680e83887a2d7bc6", "price_changes": [{"asset_id": "107283612200874762627410448315233948227070614640181631187039818267842487558132", "price": "0.424", "size": "137", "side": "SELL", "hash": "fca1218e658f21595ea169028f9b8fc24b475c82", "best_bid": "0.172", "best_ask": "0.424"}, {"asset_id": "49913535691357405888189005795777119729203074497784553050607906527813175648482", "price": "0.576", "size": "137", "side": "BUY", "hash": "6263c6a79e6b9d9052de4adfdede4ee55bad974c", "best_bid": "0.576", "best_ask": "0.828"}], "timestamp": "1769384658733", "event_type": "price_change"}}
{"_local_timestamp": "2026-01-25T23:44:20.274651+00:00", "data": {"market": "0x339d8be5cb57653a9ee63e07d216543622cdefb45eed81b1680e83887a2d7bc6", "price_changes": [{"asset_id": "107283612200874762627410448315233948227070614640181631187039818267842487558132", "price": "0.424", "size": "0", "side": "SELL", "hash": "2f1043ed07f7af1515e6e32d84092d4429e472e8", "best_bid": "0.172", "best_ask": "0.425"}, {"asset_id": "49913535691357405888189005795777119729203074497784553050607906527813175648482", "price": "0.576", "size": "0", "side": "BUY", "hash": "24f4b62aa90776f3e0af6cbeaf239ded195d4c42", "best_bid": "0.575", "best_ask": "0.828"}], "timestamp": "1769384660209", "event_type": "price_change"}}
{"_local_timestamp": "2026-01-25T23:44:20.307188+00:00", "data": {"market": "0x339d8be5cb57653a9ee63e07d216543622cdefb45eed81b1680e83887a2d7bc6", "price_changes": [{"asset_id": "107283612200874762627410448315233948227070614640181631187039818267842487558132", "price": "0.424", "size": "137", "side": "SELL", "hash": "ffc8e5cb995f2fbb762a7e161c7d600cc2172fb5", "best_bid": "0.172", "best_ask": "0.424"}, {"asset_id": "49913535691357405888189005795777119729203074497784553050607906527813175648482", "price": "0.576", "size": "137", "side": "BUY", "hash": "4a56223266286c08c67b15c5a486a82731423828", "best_bid": "0.576", "best_ask": "0.828"}], "timestamp": "1769384660240", "event_type": "price_change"}}
{"_local_timestamp": "2026-01-25T23:44:21.780534+00:00", "data": {"market": "0x339d8be5cb57653a9ee63e07d216543622cdefb45eed81b1680e83887a2d7bc6", "price_changes": [{"asset_id": "107283612200874762627410448315233948227070614640181631187039818267842487558132", "price": "0.424", "size": "0", "side": "SELL", "hash": "17f24aa4cccedb5fe90e69e517ea3752deb178cd", "best_bid": "0.172", "best_ask": "0.425"}, {"asset_id": "49913535691357405888189005795777119729203074497784553050607906527813175648482", "price": "0.576", "size": "0", "side": "BUY", "hash": "94e12c3ab1bbc271701b14d84d82c914bc1a6635", "best_bid": "0.575", "best_ask": "0.828"}], "timestamp": "1769384661707", "event_type": "price_change"}}
{"_local_timestamp": "2026-01-25T23:44:21.804387+00:00", "data": {"market": "0x339d8be5cb57653a9ee63e07d216543622cdefb45eed81b1680e83887a2d7bc6", "price_changes": [{"asset_id": "107283612200874762627410448315233948227070614640181631187039818267842487558132", "price": "0.424", "size": "137", "side": "SELL", "hash": "d04bba458ef7fb560d9c8d355ab8918be56042ef", "best_bid": "0.172", "best_ask": "0.424"}, {"asset_id": "49913535691357405888189005795777119729203074497784553050607906527813175648482", "price": "0.576", "size": "137", "side": "BUY", "hash": "0cbbcbb52a898737abb5fb180033fafe6072ae49", "best_bid": "0.576", "best_ask": "0.828"}], "timestamp": "1769384661732", "event_type": "price_change"}}
{"_local_timestamp": "2026-01-25T23:44:23.348778+00:00", "data": {"market": "0x339d8be5cb57653a9ee63e07d216543622cdefb45eed81b1680e83887a2d7bc6", "price_changes": [{"asset_id": "107283612200874762627410448315233948227070614640181631187039818267842487558132", "price": "0.424", "size": "0", "side": "SELL", "hash": "67ab8296056cff7e5b4b2361ac3df9ba9a94b673", "best_bid": "0.172", "best_ask": "0.425"}, {"asset_id": "49913535691357405888189005795777119729203074497784553050607906527813175648482", "price": "0.576", "size": "0", "side": "BUY", "hash": "7bf781a0e568eaa37187f810a33fd123dc586618", "best_bid": "0.575", "best_ask": "0.828"}], "timestamp": "1769384663205", "event_type": "price_change"}}
{"_local_timestamp": "2026-01-25T23:44:23.364004+00:00", "data": {"market": "0x339d8be5cb57653a9ee63e07d216543622cdefb45eed81b1680e83887a2d7bc6", "price_changes": [{"asset_id": "107283612200874762627410448315233948227070614640181631187039818267842487558132", "price": "0.424", "size": "118", "side": "SELL", "hash": "a8f7c8d90b1523b345dd123cb6d6dbb3636dd4f4", "best_bid": "0.172", "best_ask": "0.424"}, {"asset_id": "49913535691357405888189005795777119729203074497784553050607906527813175648482", "price": "0.576", "size": "118", "side": "BUY", "hash": "5295ef579befa436747388a36c9316ab95430891", "best_bid": "0.576", "best_ask": "0.828"}], "timestamp": "1769384663233", "event_type": "price_change"}}
{"_local_timestamp": "2026-01-25T23:44:24.770153+00:00", "data": {"market": "0x339d8be5cb57653a9ee63e07d216543622cdefb45eed81b1680e83887a2d7bc6", "price_changes": [{"asset_id": "107283612200874762627410448315233948227070614640181631187039818267842487558132", "price": "0.424", "size": "0", "side": "SELL", "hash": "7741083beb5a3d709f80a12566bb85a5b1db202c", "best_bid": "0.172", "best_ask": "0.425"}, {"asset_id": "49913535691357405888189005795777119729203074497784553050607906527813175648482", "price": "0.576", "size": "0", "side": "BUY", "hash": "14ad0b266667582a31448893329a59874f07ba44", "best_bid": "0.575", "best_ask": "0.828"}], "timestamp": "1769384664705", "event_type": "price_change"}}
{"_local_timestamp": "2026-01-25T23:44:24.803715+00:00", "data": {"market": "0x339d8be5cb57653a9ee63e07d216543622cdefb45eed81b1680e83887a2d7bc6", "price_changes": [{"asset_id": "107283612200874762627410448315233948227070614640181631187039818267842487558132", "price": "0.424", "size": "137", "side": "SELL", "hash": "55cd109e17a8f418324b4eb814a08a10742e9e3c", "best_bid": "0.172", "best_ask": "0.424"}, {"asset_id": "49913535691357405888189005795777119729203074497784553050607906527813175648482", "price": "0.576", "size": "137", "side": "BUY", "hash": "ce8cdc26b9b4d6fc47759e436aba3d2b65d91f2e", "best_bid": "0.576", "best_ask": "0.828"}], "timestamp": "1769384664731", "event_type": "price_change"}}
{"_local_timestamp": "2026-01-25T23:44:26.281303+00:00", "data": {"market": "0x339d8be5cb57653a9ee63e07d216543622cdefb45eed81b1680e83887a2d7bc6", "price_changes": [{"asset_id": "107283612200874762627410448315233948227070614640181631187039818267842487558132", "price": "0.424", "size": "0", "side": "SELL", "hash": "2df08c2641fb6c95e82001feb27909d741ba9407", "best_bid": "0.172", "best_ask": "0.425"}, {"asset_id": "49913535691357405888189005795777119729203074497784553050607906527813175648482", "price": "0.576", "size": "0", "side": "BUY", "hash": "71af6c7fa070bf36633a7da2437ebb69f3a2e18f", "best_bid": "0.575", "best_ask": "0.828"}], "timestamp": "1769384666205", "event_type": "price_change"}}
{"_local_timestamp": "2026-01-25T23:44:26.300716+00:00", "data": {"market": "0x339d8be5cb57653a9ee63e07d216543622cdefb45eed81b1680e83887a2d7bc6", "price_changes": [{"asset_id": "107283612200874762627410448315233948227070614640181631187039818267842487558132", "price": "0.424", "size": "137", "side": "SELL", "hash": "3ec2cd1128bdfc42813d956d3d037ac5935ed4b0", "best_bid": "0.172", "best_ask": "0.424"}, {"asset_id": "49913535691357405888189005795777119729203074497784553050607906527813175648482", "price": "0.576", "size": "137", "side": "BUY", "hash": "fa97a97741a327889761ac7f60dc6cf5d44e3061", "best_bid": "0.576", "best_ask": "0.828"}], "timestamp": "1769384666231", "event_type": "price_change"}}
{"_local_timestamp": "2026-01-25T23:44:27.769010+00:00", "data": {"market": "0x339d8be5cb57653a9ee63e07d216543622cdefb45eed81b1680e83887a2d7bc6", "price_changes": [{"asset_id": "107283612200874762627410448315233948227070614640181631187039818267842487558132", "price": "0.424", "size": "0", "side": "SELL", "hash": "762d4713530b57096e02d8c9c3e4e17b5ee9dbbf", "best_bid": "0.172", "best_ask": "0.425"}, {"asset_id": "49913535691357405888189005795777119729203074497784553050607906527813175648482", "price": "0.576", "size": "0", "side": "BUY", "hash": "3063e33a7c031629ecb39d39ad418e0fdc7cceb6", "best_bid": "0.575", "best_ask": "0.828"}], "timestamp": "1769384667704", "event_type": "price_change"}}
{"_local_timestamp": "2026-01-25T23:44:27.802552+00:00", "data": {"market": "0x339d8be5cb57653a9ee63e07d216543622cdefb45eed81b1680e83887a2d7bc6", "price_changes": [{"asset_id": "107283612200874762627410448315233948227070614640181631187039818267842487558132", "price": "0.424", "size": "137", "side": "SELL", "hash": "1fd9246a2e147bd567a826b88d1bffb73770679e", "best_bid": "0.172", "best_ask": "0.424"}, {"asset_id": "49913535691357405888189005795777119729203074497784553050607906527813175648482", "price": "0.576", "size": "137", "side": "BUY", "hash": "be404e735b78bb59a0c9242e2562ba15f637c026", "best_bid": "0.576", "best_ask": "0.828"}], "timestamp": "1769384667733", "event_type": "price_change"}}
{"_local_timestamp": "2026-01-25T23:44:29.274643+00:00", "data": {"market": "0x339d8be5cb57653a9ee63e07d216543622cdefb45eed81b1680e83887a2d7bc6", "price_changes": [{"asset_id": "107283612200874762627410448315233948227070614640181631187039818267842487558132", "price": "0.424", "size": "0", "side": "SELL", "hash": "7cc4500dc58a819cb980f5d733c51bd62413a715", "best_bid": "0.172", "best_ask": "0.425"}, {"asset_id": "49913535691357405888189005795777119729203074497784553050607906527813175648482", "price": "0.576", "size": "0", "side": "BUY", "hash": "0135e4fa082e4f88bc3727a26455bbdbc42d17b8", "best_bid": "0.575", "best_ask": "0.828"}], "timestamp": "1769384669205", "event_type": "price_change"}}
{"_local_timestamp": "2026-01-25T23:44:29.302609+00:00", "data": {"market": "0x339d8be5cb57653a9ee63e07d216543622cdefb45eed81b1680e83887a2d7bc6", "price_changes": [{"asset_id": "107283612200874762627410448315233948227070614640181631187039818267842487558132", "price": "0.424", "size": "137", "side": "SELL", "hash": "581c73915ff6256e6a596e7c15fce8e84dbf2b8f", "best_bid": "0.172", "best_ask": "0.424"}, {"asset_id": "49913535691357405888189005795777119729203074497784553050607906527813175648482", "price": "0.576", "size": "137", "side": "BUY", "hash": "60abe780e7887b0057e60774b6bd300ade5ed93f", "best_bid": "0.576", "best_ask": "0.828"}], "timestamp": "1769384669233", "event_type": "price_change"}}
{"_local_timestamp": "2026-01-25T23:44:30.772440+00:00", "data": {"market": "0x339d8be5cb57653a9ee63e07d216543622cdefb45eed81b1680e83887a2d7bc6", "price_changes": [{"asset_id": "107283612200874762627410448315233948227070614640181631187039818267842487558132", "price": "0.424", "size": "0", "side": "SELL", "hash": "ba312efa6d24751258b6c5453bd9b7e35f3253aa", "best_bid": "0.172", "best_ask": "0.425"}, {"asset_id": "49913535691357405888189005795777119729203074497784553050607906527813175648482", "price": "0.576", "size": "0", "side": "BUY", "hash": "fbd45f2806bd5b8e5dd3deef0eee41a40ad78371", "best_bid": "0.575", "best_ask": "0.828"}], "timestamp": "1769384670705", "event_type": "price_change"}}
{"_local_timestamp": "2026-01-25T23:44:30.797975+00:00", "data": {"market": "0x339d8be5cb57653a9ee63e07d216543622cdefb45eed81b1680e83887a2d7bc6", "price_changes": [{"asset_id": "107283612200874762627410448315233948227070614640181631187039818267842487558132", "price": "0.424", "size": "137", "side": "SELL", "hash": "78df80e22e4ec0e73b1f6e3a95b96bf8ead18105", "best_bid": "0.172", "best_ask": "0.424"}, {"asset_id": "49913535691357405888189005795777119729203074497784553050607906527813175648482", "price": "0.576", "size": "137", "side": "BUY", "hash": "ec13b7a54a3cb3efb8993af2f6720485f6d8ff8d", "best_bid": "0.576", "best_ask": "0.828"}], "timestamp": "1769384670730", "event_type": "price_change"}}
{"_local_timestamp": "2026-01-25T23:44:32.286125+00:00", "data": {"market": "0x339d8be5cb57653a9ee63e07d216543622cdefb45eed81b1680e83887a2d7bc6", "price_changes": [{"asset_id": "107283612200874762627410448315233948227070614640181631187039818267842487558132", "price": "0.424", "size": "0", "side": "SELL", "hash": "0188cdd15375a6d943ea9f6b8256617c2e7bb2d4", "best_bid": "0.172", "best_ask": "0.425"}, {"asset_id": "49913535691357405888189005795777119729203074497784553050607906527813175648482", "price": "0.576", "size": "0", "side": "BUY", "hash": "cd6efd30789679ea4733fd1af952a01b46bdfa07", "best_bid": "0.575", "best_ask": "0.828"}], "timestamp": "1769384672205", "event_type": "price_change"}}
{"_local_timestamp": "2026-01-25T23:44:32.302958+00:00", "data": {"market": "0x339d8be5cb57653a9ee63e07d216543622cdefb45eed81b1680e83887a2d7bc6", "price_changes": [{"asset_id": "107283612200874762627410448315233948227070614640181631187039818267842487558132", "price": "0.424", "size": "137", "side": "SELL", "hash": "527889708d2319c6addb601a5b83bfbddffcbeb6", "best_bid": "0.172", "best_ask": "0.424"}, {"asset_id": "49913535691357405888189005795777119729203074497784553050607906527813175648482", "price": "0.576", "size": "137", "side": "BUY", "hash": "8a43dea0599dd18c9bff9468e197a094bb8b2d8f", "best_bid": "0.576", "best_ask": "0.828"}], "timestamp": "1769384672232", "event_type": "price_change"}}
{"_local_timestamp": "2026-01-25T23:44:33.780478+00:00", "data": {"market": "0x339d8be5cb57653a9ee63e07d216543622cdefb45eed81b1680e83887a2d7bc6", "price_changes": [{"asset_id": "107283612200874762627410448315233948227070614640181631187039818267842487558132", "price": "0.424", "size": "0", "side": "SELL", "hash": "ddea5d99abc9f9cdde2e8cbd7a1cdd15bb778fe3", "best_bid": "0.172", "best_ask": "0.425"}, {"asset_id": "49913535691357405888189005795777119729203074497784553050607906527813175648482", "price": "0.576", "size": "0", "side": "BUY", "hash": "0bb0096c485ffdf184014416cb430b67ac2e636c", "best_bid": "0.575", "best_ask": "0.828"}], "timestamp": "1769384673711", "event_type": "price_change"}}
{"_local_timestamp": "2026-01-25T23:44:33.804348+00:00", "data": {"market": "0x339d8be5cb57653a9ee63e07d216543622cdefb45eed81b1680e83887a2d7bc6", "price_changes": [{"asset_id": "107283612200874762627410448315233948227070614640181631187039818267842487558132", "price": "0.424", "size": "137", "side": "SELL", "hash": "c8adb1ee8a216bc848c8233987487056a5749f8d", "best_bid": "0.172", "best_ask": "0.424"}, {"asset_id": "49913535691357405888189005795777119729203074497784553050607906527813175648482", "price": "0.576", "size": "137", "side": "BUY", "hash": "83b18d4c8fdedfb0681fff525defaf62297493a2", "best_bid": "0.576", "best_ask": "0.828"}], "timestamp": "1769384673738", "event_type": "price_change"}}
{"_local_timestamp": "2026-01-25T23:44:35.279141+00:00", "data": {"market": "0x339d8be5cb57653a9ee63e07d216543622cdefb45eed81b1680e83887a2d7bc6", "price_changes": [{"asset_id": "107283612200874762627410448315233948227070614640181631187039818267842487558132", "price": "0.424", "size": "0", "side": "SELL", "hash": "2042f76646a9cdc94304fff9bde970abcb417abc", "best_bid": "0.172", "best_ask": "0.425"}, {"asset_id": "49913535691357405888189005795777119729203074497784553050607906527813175648482", "price": "0.576", "size": "0", "side": "BUY", "hash": "df9b2d6908323694f04743d057a65fdf5e61919d", "best_bid": "0.575", "best_ask": "0.828"}], "timestamp": "1769384675208", "event_type": "price_change"}}
{"_local_timestamp": "2026-01-25T23:44:35.301301+00:00", "data": {"market": "0x339d8be5cb57653a9ee63e07d216543622cdefb45eed81b1680e83887a2d7bc6", "price_changes": [{"asset_id": "107283612200874762627410448315233948227070614640181631187039818267842487558132", "price": "0.424", "size": "137", "side": "SELL", "hash": "5d28344c1bbc9d3f6b799352565a735dd3aea30d", "best_bid": "0.172", "best_ask": "0.424"}, {"asset_id": "49913535691357405888189005795777119729203074497784553050607906527813175648482", "price": "0.576", "size": "137", "side": "BUY", "hash": "d1b64740d3a5b447ea0616660508805e5ebb9ad7", "best_bid": "0.576", "best_ask": "0.828"}], "timestamp": "1769384675236", "event_type": "price_change"}}
{"_local_timestamp": "2026-01-25T23:44:36.773795+00:00", "data": {"market": "0x339d8be5cb57653a9ee63e07d216543622cdefb45eed81b1680e83887a2d7bc6", "price_changes": [{"asset_id": "107283612200874762627410448315233948227070614640181631187039818267842487558132", "price": "0.424", "size": "0", "side": "SELL", "hash": "e24d7c423337d3f0bc21bfc9161cce664cf1989e", "best_bid": "0.172", "best_ask": "0.425"}, {"asset_id": "49913535691357405888189005795777119729203074497784553050607906527813175648482", "price": "0.576", "size": "0", "side": "BUY", "hash": "3406ede14df488948dc315cef7523125cc874772", "best_bid": "0.575", "best_ask": "0.828"}], "timestamp": "1769384676707", "event_type": "price_change"}}
{"_local_timestamp": "2026-01-25T23:44:36.858980+00:00", "data": {"market": "0x339d8be5cb57653a9ee63e07d216543622cdefb45eed81b1680e83887a2d7bc6", "price_changes": [{"asset_id": "107283612200874762627410448315233948227070614640181631187039818267842487558132", "price": "0.424", "size": "118", "side": "SELL", "hash": "1e5ff43d19dc21a3a594624eca493c2f7051a737", "best_bid": "0.172", "best_ask": "0.424"}, {"asset_id": "49913535691357405888189005795777119729203074497784553050607906527813175648482", "price": "0.576", "size": "118", "side": "BUY", "hash": "c1e131e964b523354607b31c00a08087330ec88e", "best_bid": "0.576", "best_ask": "0.828"}], "timestamp": "1769384676756", "event_type": "price_change"}}
{"_local_timestamp": "2026-01-25T23:44:38.269277+00:00", "data": {"market": "0x339d8be5cb57653a9ee63e07d216543622cdefb45eed81b1680e83887a2d7bc6", "price_changes": [{"asset_id": "107283612200874762627410448315233948227070614640181631187039818267842487558132", "price": "0.424", "size": "0", "side": "SELL", "hash": "365321e6c6677acba6c0a3501fd9f7eec6360e57", "best_bid": "0.172", "best_ask": "0.425"}, {"asset_id": "49913535691357405888189005795777119729203074497784553050607906527813175648482", "price": "0.576", "size": "0", "side": "BUY", "hash": "cbee93e91e3148d1d08ee1b29b64d199b7476a3f", "best_bid": "0.575", "best_ask": "0.828"}], "timestamp": "1769384678205", "event_type": "price_change"}}
{"_local_timestamp": "2026-01-25T23:44:38.301915+00:00", "data": {"market": "0x339d8be5cb57653a9ee63e07d216543622cdefb45eed81b1680e83887a2d7bc6", "price_changes": [{"asset_id": "107283612200874762627410448315233948227070614640181631187039818267842487558132", "price": "0.424", "size": "118", "side": "SELL", "hash": "f2f37eacca79c74c97c94c2ee0aa35643a6839d1", "best_bid": "0.172", "best_ask": "0.424"}, {"asset_id": "49913535691357405888189005795777119729203074497784553050607906527813175648482", "price": "0.576", "size": "118", "side": "BUY", "hash": "dcad2a12b9489d3c9fb993cd85053e401e0548d6", "best_bid": "0.576", "best_ask": "0.828"}], "timestamp": "1769384678232", "event_type": "price_change"}}
{"_local_timestamp": "2026-01-25T23:44:39.781019+00:00", "data": {"market": "0x339d8be5cb57653a9ee63e07d216543622cdefb45eed81b1680e83887a2d7bc6", "price_changes": [{"asset_id": "107283612200874762627410448315233948227070614640181631187039818267842487558132", "price": "0.424", "size": "0", "side": "SELL", "hash": "c19d1fb423429a39c04977e889c4aaf37051eda3", "best_bid": "0.172", "best_ask": "0.425"}, {"asset_id": "49913535691357405888189005795777119729203074497784553050607906527813175648482", "price": "0.576", "size": "0", "side": "BUY", "hash": "99074b8ac1d297b531b035932cb2ad310067ff4b", "best_bid": "0.575", "best_ask": "0.828"}], "timestamp": "1769384679707", "event_type": "price_change"}}
{"_local_timestamp": "2026-01-25T23:44:39.814438+00:00", "data": {"market": "0x339d8be5cb57653a9ee63e07d216543622cdefb45eed81b1680e83887a2d7bc6", "price_changes": [{"asset_id": "107283612200874762627410448315233948227070614640181631187039818267842487558132", "price": "0.424", "size": "137", "side": "SELL", "hash": "7327a166e52a6b84b5d60324e16445f18924af7c", "best_bid": "0.172", "best_ask": "0.424"}, {"asset_id": "49913535691357405888189005795777119729203074497784553050607906527813175648482", "price": "0.576", "size": "137", "side": "BUY", "hash": "d2e93fd07cae6a67d71445c4588de3a1224c0ac5", "best_bid": "0.576", "best_ask": "0.828"}], "timestamp": "1769384679734", "event_type": "price_change"}}
{"_local_timestamp": "2026-01-25T23:44:41.269722+00:00", "data": {"market": "0x339d8be5cb57653a9ee63e07d216543622cdefb45eed81b1680e83887a2d7bc6", "price_changes": [{"asset_id": "107283612200874762627410448315233948227070614640181631187039818267842487558132", "price": "0.424", "size": "0", "side": "SELL", "hash": "167a8e048d05904eb7fa8a93f86d8f6ccbed2107", "best_bid": "0.172", "best_ask": "0.425"}, {"asset_id": "49913535691357405888189005795777119729203074497784553050607906527813175648482", "price": "0.576", "size": "0", "side": "BUY", "hash": "2b9c235bca9a189763070d65cf1e8f625a1c066e", "best_bid": "0.575", "best_ask": "0.828"}], "timestamp": "1769384681205", "event_type": "price_change"}}
{"_local_timestamp": "2026-01-25T23:44:41.313615+00:00", "data": {"market": "0x339d8be5cb57653a9ee63e07d216543622cdefb45eed81b1680e83887a2d7bc6", "price_changes": [{"asset_id": "107283612200874762627410448315233948227070614640181631187039818267842487558132", "price": "0.424", "size": "137", "side": "SELL", "hash": "076a22a8331015d571e6f97fd32e8dba8f9269ea", "best_bid": "0.172", "best_ask": "0.424"}, {"asset_id": "49913535691357405888189005795777119729203074497784553050607906527813175648482", "price": "0.576", "size": "137", "side": "BUY", "hash": "197b2506d1b8933e0d2c329240665245c1149593", "best_bid": "0.576", "best_ask": "0.828"}], "timestamp": "1769384681249", "event_type": "price_change"}}
{"_local_timestamp": "2026-01-25T23:44:42.783899+00:00", "data": {"market": "0x339d8be5cb57653a9ee63e07d216543622cdefb45eed81b1680e83887a2d7bc6", "price_changes": [{"asset_id": "107283612200874762627410448315233948227070614640181631187039818267842487558132", "price": "0.424", "size": "0", "side": "SELL", "hash": "e8498cbf683929fba275c89982efde1c94f56bf2", "best_bid": "0.172", "best_ask": "0.425"}, {"asset_id": "49913535691357405888189005795777119729203074497784553050607906527813175648482", "price": "0.576", "size": "0", "side": "BUY", "hash": "8212b2d1204121f1cbb106b3d91c9d77b4d525e4", "best_bid": "0.575", "best_ask": "0.828"}], "timestamp": "1769384682704", "event_type": "price_change"}}
{"_local_timestamp": "2026-01-25T23:44:42.828102+00:00", "data": {"market": "0x339d8be5cb57653a9ee63e07d216543622cdefb45eed81b1680e83887a2d7bc6", "price_changes": [{"asset_id": "107283612200874762627410448315233948227070614640181631187039818267842487558132", "price": "0.424", "size": "137", "side": "SELL", "hash": "9c6b04dc595f55ae6a47303d37335f9769c011ae", "best_bid": "0.172", "best_ask": "0.424"}, {"asset_id": "49913535691357405888189005795777119729203074497784553050607906527813175648482", "price": "0.576", "size": "137", "side": "BUY", "hash": "da17f1cc9715eddbc69a08a2ec496cf6870f4f0d", "best_bid": "0.576", "best_ask": "0.828"}], "timestamp": "1769384682731", "event_type": "price_change"}}
{"_local_timestamp": "2026-01-25T23:44:44.268435+00:00", "data": {"market": "0x339d8be5cb57653a9ee63e07d216543622cdefb45eed81b1680e83887a2d7bc6", "price_changes": [{"asset_id": "107283612200874762627410448315233948227070614640181631187039818267842487558132", "price": "0.424", "size": "0", "side": "SELL", "hash": "c25b08a78c8389d51ab2b4444d240a92a7d31cc1", "best_bid": "0.172", "best_ask": "0.425"}, {"asset_id": "49913535691357405888189005795777119729203074497784553050607906527813175648482", "price": "0.576", "size": "0", "side": "BUY", "hash": "af74dc8d7a3c2ba93bd2c9a8870c29947f2751e9", "best_bid": "0.575", "best_ask": "0.828"}], "timestamp": "1769384684205", "event_type": "price_change"}}
{"_local_timestamp": "2026-01-25T23:44:44.303936+00:00", "data": {"market": "0x339d8be5cb57653a9ee63e07d216543622cdefb45eed81b1680e83887a2d7bc6", "price_changes": [{"asset_id": "107283612200874762627410448315233948227070614640181631187039818267842487558132", "price": "0.424", "size": "137", "side": "SELL", "hash": "40590bb7d1f82fbec05c2f6bae4f6eedc6067fd5", "best_bid": "0.172", "best_ask": "0.424"}, {"asset_id": "49913535691357405888189005795777119729203074497784553050607906527813175648482", "price": "0.576", "size": "137", "side": "BUY", "hash": "0f34a4f602e36e8c5b91db59914c108d7f3cc159", "best_bid": "0.576", "best_ask": "0.828"}], "timestamp": "1769384684231", "event_type": "price_change"}}
{"_local_timestamp": "2026-01-25T23:44:45.770565+00:00", "data": {"market": "0x339d8be5cb57653a9ee63e07d216543622cdefb45eed81b1680e83887a2d7bc6", "price_changes": [{"asset_id": "107283612200874762627410448315233948227070614640181631187039818267842487558132", "price": "0.424", "size": "0", "side": "SELL", "hash": "8e20dfae367fc243d8c174e98745f56299582a79", "best_bid": "0.172", "best_ask": "0.425"}, {"asset_id": "49913535691357405888189005795777119729203074497784553050607906527813175648482", "price": "0.576", "size": "0", "side": "BUY", "hash": "32c6c3217168fd0d258a64b46d80bef7200484c7", "best_bid": "0.575", "best_ask": "0.828"}], "timestamp": "1769384685704", "event_type": "price_change"}}
{"_local_timestamp": "2026-01-25T23:44:45.795114+00:00", "data": {"market": "0x339d8be5cb57653a9ee63e07d216543622cdefb45eed81b1680e83887a2d7bc6", "price_changes": [{"asset_id": "107283612200874762627410448315233948227070614640181631187039818267842487558132", "price": "0.424", "size": "137", "side": "SELL", "hash": "7a9457e10d082fc1b001d80fd1ecb7427d29bdf6", "best_bid": "0.172", "best_ask": "0.424"}, {"asset_id": "49913535691357405888189005795777119729203074497784553050607906527813175648482", "price": "0.576", "size": "137", "side": "BUY", "hash": "1a96aad13a6cb24e8796620829ef2e7c00fffc75", "best_bid": "0.576", "best_ask": "0.828"}], "timestamp": "1769384685730", "event_type": "price_change"}}
{"_local_timestamp": "2026-01-25T23:44:47.270324+00:00", "data": {"market": "0x339d8be5cb57653a9ee63e07d216543622cdefb45eed81b1680e83887a2d7bc6", "price_changes": [{"asset_id": "107283612200874762627410448315233948227070614640181631187039818267842487558132", "price": "0.424", "size": "0", "side": "SELL", "hash": "271a28a3daec790461e60846885f8ad8193e6ad5", "best_bid": "0.172", "best_ask": "0.425"}, {"asset_id": "49913535691357405888189005795777119729203074497784553050607906527813175648482", "price": "0.576", "size": "0", "side": "BUY", "hash": "cc3f9fbe847b49747ab3a86f3e1bcb5ac9a36502", "best_bid": "0.575", "best_ask": "0.828"}], "timestamp": "1769384687205", "event_type": "price_change"}}
{"_local_timestamp": "2026-01-25T23:44:47.298327+00:00", "data": {"market": "0x339d8be5cb57653a9ee63e07d216543622cdefb45eed81b1680e83887a2d7bc6", "price_changes": [{"asset_id": "107283612200874762627410448315233948227070614640181631187039818267842487558132", "price": "0.424", "size": "137", "side": "SELL", "hash": "1f617799142651cc0404ffd077c8781e3a0a0999", "best_bid": "0.172", "best_ask": "0.424"}, {"asset_id": "49913535691357405888189005795777119729203074497784553050607906527813175648482", "price": "0.576", "size": "137", "side": "BUY", "hash": "4044fb2564d6a994e78916002f04dc10810b010d", "best_bid": "0.576", "best_ask": "0.828"}], "timestamp": "1769384687233", "event_type": "price_change"}}
{"_local_timestamp": "2026-01-25T23:44:47.612658+00:00", "data": {"market": "0x339d8be5cb57653a9ee63e07d216543622cdefb45eed81b1680e83887a2d7bc6", "price_changes": [{"asset_id": "49913535691357405888189005795777119729203074497784553050607906527813175648482", "price": "0.574", "size": "0", "side": "BUY", "hash": "3cdf10d5bbb087451e82ca814f332655f7b69511", "best_bid": "0.576", "best_ask": "0.828"}, {"asset_id": "107283612200874762627410448315233948227070614640181631187039818267842487558132", "price": "0.426", "size": "0", "side": "SELL", "hash": "8a35a7a57de3ac96a98adcc92f20be7601f4f75c", "best_bid": "0.172", "best_ask": "0.424"}], "timestamp": "1769384687466", "event_type": "price_change"}}
{"_local_timestamp": "2026-01-25T23:44:48.771181+00:00", "data": {"market": "0x339d8be5cb57653a9ee63e07d216543622cdefb45eed81b1680e83887a2d7bc6", "price_changes": [{"asset_id": "107283612200874762627410448315233948227070614640181631187039818267842487558132", "price": "0.424", "size": "0", "side": "SELL", "hash": "0b63d75ced4c0e18af3b0d94dafa944daef601db", "best_bid": "0.172", "best_ask": "0.425"}, {"asset_id": "49913535691357405888189005795777119729203074497784553050607906527813175648482", "price": "0.576", "size": "0", "side": "BUY", "hash": "9b3729bb790da1405b0db8d0676f75b9a413435c", "best_bid": "0.575", "best_ask": "0.828"}], "timestamp": "1769384688707", "event_type": "price_change"}}
{"_local_timestamp": "2026-01-25T23:44:48.805049+00:00", "data": {"market": "0x339d8be5cb57653a9ee63e07d216543622cdefb45eed81b1680e83887a2d7bc6", "price_changes": [{"asset_id": "107283612200874762627410448315233948227070614640181631187039818267842487558132", "price": "0.424", "size": "181", "side": "SELL", "hash": "dcb483cc751c841ea4d00277f296c9f9b118f55d", "best_bid": "0.172", "best_ask": "0.424"}, {"asset_id": "49913535691357405888189005795777119729203074497784553050607906527813175648482", "price": "0.576", "size": "181", "side": "BUY", "hash": "cdf9331b7939e3e4fcd2e18007c44a8740a33afe", "best_bid": "0.576", "best_ask": "0.828"}], "timestamp": "1769384688736", "event_type": "price_change"}}
{"_local_timestamp": "2026-01-25T23:44:50.274207+00:00", "data": {"market": "0x339d8be5cb57653a9ee63e07d216543622cdefb45eed81b1680e83887a2d7bc6", "price_changes": [{"asset_id": "107283612200874762627410448315233948227070614640181631187039818267842487558132", "price": "0.424", "size": "0", "side": "SELL", "hash": "71ca5c53cd8465bdbedb1d9d4c34ec6844971846", "best_bid": "0.172", "best_ask": "0.425"}, {"asset_id": "49913535691357405888189005795777119729203074497784553050607906527813175648482", "price": "0.576", "size": "0", "side": "BUY", "hash": "aa99ebad7a16ad17143c1c3a660fb467d490d045", "best_bid": "0.575", "best_ask": "0.828"}], "timestamp": "1769384690207", "event_type": "price_change"}}
{"_local_timestamp": "2026-01-25T23:44:50.298568+00:00", "data": {"market": "0x339d8be5cb57653a9ee63e07d216543622cdefb45eed81b1680e83887a2d7bc6", "price_changes": [{"asset_id": "107283612200874762627410448315233948227070614640181631187039818267842487558132", "price": "0.424", "size": "181", "side": "SELL", "hash": "fd8e4b08a717cbdcc3c25c7136fef918c80255b7", "best_bid": "0.172", "best_ask": "0.424"}, {"asset_id": "49913535691357405888189005795777119729203074497784553050607906527813175648482", "price": "0.576", "size": "181", "side": "BUY", "hash": "acb74de48674576c4850aadbe490c81c2d88d45f", "best_bid": "0.576", "best_ask": "0.828"}], "timestamp": "1769384690233", "event_type": "price_change"}}
{"_local_timestamp": "2026-01-25T23:44:51.788317+00:00", "data": {"market": "0x339d8be5cb57653a9ee63e07d216543622cdefb45eed81b1680e83887a2d7bc6", "price_changes": [{"asset_id": "107283612200874762627410448315233948227070614640181631187039818267842487558132", "price": "0.424", "size": "0", "side": "SELL", "hash": "c3be777866f928f33f9ead11a6b88057a83ca9ed", "best_bid": "0.172", "best_ask": "0.425"}, {"asset_id": "49913535691357405888189005795777119729203074497784553050607906527813175648482", "price": "0.576", "size": "0", "side": "BUY", "hash": "b493caec83e0ef072ba01932943ef88252894902", "best_bid": "0.575", "best_ask": "0.828"}], "timestamp": "1769384691704", "event_type": "price_change"}}
{"_local_timestamp": "2026-01-25T23:44:51.813014+00:00", "data": {"market": "0x339d8be5cb57653a9ee63e07d216543622cdefb45eed81b1680e83887a2d7bc6", "price_changes": [{"asset_id": "107283612200874762627410448315233948227070614640181631187039818267842487558132", "price": "0.424", "size": "141", "side": "SELL", "hash": "64351a78f2b8446d876c79f293b2c4de421c0589", "best_bid": "0.172", "best_ask": "0.424"}, {"asset_id": "49913535691357405888189005795777119729203074497784553050607906527813175648482", "price": "0.576", "size": "141", "side": "BUY", "hash": "19ec6b7524d1ee9cc2ecaecfcd26c620c1e7ba5d", "best_bid": "0.576", "best_ask": "0.828"}], "timestamp": "1769384691747", "event_type": "price_change"}}
{"_local_timestamp": "2026-01-25T23:44:53.279834+00:00", "data": {"market": "0x339d8be5cb57653a9ee63e07d216543622cdefb45eed81b1680e83887a2d7bc6", "price_changes": [{"asset_id": "107283612200874762627410448315233948227070614640181631187039818267842487558132", "price": "0.424", "size": "0", "side": "SELL", "hash": "961eb851745aef3a10ffa3dad0d7bbeb45711b02", "best_bid": "0.172", "best_ask": "0.425"}, {"asset_id": "49913535691357405888189005795777119729203074497784553050607906527813175648482", "price": "0.576", "size": "0", "side": "BUY", "hash": "c9fd9d8cdc8d74735e05bf05d940dd0c3d2c08c4", "best_bid": "0.575", "best_ask": "0.828"}], "timestamp": "1769384693207", "event_type": "price_change"}}
{"_local_timestamp": "2026-01-25T23:44:53.295531+00:00", "data": {"market": "0x339d8be5cb57653a9ee63e07d216543622cdefb45eed81b1680e83887a2d7bc6", "price_changes": [{"asset_id": "107283612200874762627410448315233948227070614640181631187039818267842487558132", "price": "0.424", "size": "181", "side": "SELL", "hash": "dfdb08d0dd1e4989f019ad1e6391b92df53c3c69", "best_bid": "0.172", "best_ask": "0.424"}, {"asset_id": "49913535691357405888189005795777119729203074497784553050607906527813175648482", "price": "0.576", "size": "181", "side": "BUY", "hash": "46cb1d0371e10c0d910bd0b6581aa8fcfbbafcea", "best_bid": "0.576", "best_ask": "0.828"}], "timestamp": "1769384693233", "event_type": "price_change"}}
{"_local_timestamp": "2026-01-25T23:44:54.666922+00:00", "data": {"market": "0x339d8be5cb57653a9ee63e07d216543622cdefb45eed81b1680e83887a2d7bc6", "price_changes": [{"asset_id": "49913535691357405888189005795777119729203074497784553050607906527813175648482", "price": "0.828", "size": "10", "side": "SELL", "hash": "a89520d3a4a33b1477439eec1663d74318c32b45", "best_bid": "0.576", "best_ask": "0.828"}, {"asset_id": "107283612200874762627410448315233948227070614640181631187039818267842487558132", "price": "0.172", "size": "10", "side": "BUY", "hash": "ba0195efdca181e6dbd0a398839acc0d73ead260", "best_bid": "0.172", "best_ask": "0.424"}], "timestamp": "1769384694602", "event_type": "price_change"}}
{"_local_timestamp": "2026-01-25T23:44:54.699740+00:00", "data": {"market": "0x339d8be5cb57653a9ee63e07d216543622cdefb45eed81b1680e83887a2d7bc6", "price_changes": [{"asset_id": "107283612200874762627410448315233948227070614640181631187039818267842487558132", "price": "0.424", "size": "0", "side": "SELL", "hash": "7474da1311586ae25c6753f91759327130cd02cd", "best_bid": "0.172", "best_ask": "0.425"}, {"asset_id": "49913535691357405888189005795777119729203074497784553050607906527813175648482", "price": "0.576", "size": "0", "side": "BUY", "hash": "a9cf5c699769026e6612a03b6d6019593c6ea5a0", "best_bid": "0.575", "best_ask": "0.828"}], "timestamp": "1769384694631", "event_type": "price_change"}}
{"_local_timestamp": "2026-01-25T23:44:54.723699+00:00", "data": {"market": "0x339d8be5cb57653a9ee63e07d216543622cdefb45eed81b1680e83887a2d7bc6", "price_changes": [{"asset_id": "107283612200874762627410448315233948227070614640181631187039818267842487558132", "price": "0.424", "size": "141", "side": "SELL", "hash": "93f3db5d645387fe975e510a76d369cf5fcbd899", "best_bid": "0.172", "best_ask": "0.424"}, {"asset_id": "49913535691357405888189005795777119729203074497784553050607906527813175648482", "price": "0.576", "size": "141", "side": "BUY", "hash": "f03e2a645a582e73cb7ed67feeebd46ad3da9d4a", "best_bid": "0.576", "best_ask": "0.828"}], "timestamp": "1769384694660", "event_type": "price_change"}}
{"_local_timestamp": "2026-01-25T23:44:55.779976+00:00", "data": {"market": "0x339d8be5cb57653a9ee63e07d216543622cdefb45eed81b1680e83887a2d7bc6", "price_changes": [{"asset_id": "107283612200874762627410448315233948227070614640181631187039818267842487558132", "price": "0.424", "size": "0", "side": "SELL", "hash": "cd3b115b2c63bc163799dd24089d261a0dfa8e6c", "best_bid": "0.172", "best_ask": "0.425"}, {"asset_id": "49913535691357405888189005795777119729203074497784553050607906527813175648482", "price": "0.576", "size": "0", "side": "BUY", "hash": "8546642bdbb8741bf9b9771f01cbddc39fbcf2c9", "best_bid": "0.575", "best_ask": "0.828"}], "timestamp": "1769384695709", "event_type": "price_change"}}
{"_local_timestamp": "2026-01-25T23:44:55.802085+00:00", "data": {"market": "0x339d8be5cb57653a9ee63e07d216543622cdefb45eed81b1680e83887a2d7bc6", "price_changes": [{"asset_id": "107283612200874762627410448315233948227070614640181631187039818267842487558132", "price": "0.424", "size": "180", "side": "SELL", "hash": "9906cbae6502ee5f610a5772bd57d7647ffb8880", "best_bid": "0.172", "best_ask": "0.424"}, {"asset_id": "49913535691357405888189005795777119729203074497784553050607906527813175648482", "price": "0.576", "size": "180", "side": "BUY", "hash": "543abe56ca7b41c7d95abaa5108a031ffc7ddc93", "best_bid": "0.576", "best_ask": "0.828"}], "timestamp": "1769384695737", "event_type": "price_change"}}
{"_local_timestamp": "2026-01-25T23:44:57.275109+00:00", "data": {"market": "0x339d8be5cb57653a9ee63e07d216543622cdefb45eed81b1680e83887a2d7bc6", "price_changes": [{"asset_id": "107283612200874762627410448315233948227070614640181631187039818267842487558132", "price": "0.424", "size": "0", "side": "SELL", "hash": "b0872a4f692a11a6463f509e975f4e596fc7af9a", "best_bid": "0.172", "best_ask": "0.425"}, {"asset_id": "49913535691357405888189005795777119729203074497784553050607906527813175648482", "price": "0.576", "size": "0", "side": "BUY", "hash": "c84c455a2b7b766395764f215e561ea18c5b2581", "best_bid": "0.575", "best_ask": "0.828"}], "timestamp": "1769384697206", "event_type": "price_change"}}
{"_local_timestamp": "2026-01-25T23:44:57.304654+00:00", "data": {"market": "0x339d8be5cb57653a9ee63e07d216543622cdefb45eed81b1680e83887a2d7bc6", "price_changes": [{"asset_id": "107283612200874762627410448315233948227070614640181631187039818267842487558132", "price": "0.424", "size": "141", "side": "SELL", "hash": "bfb34e6e1f0333c6c3b5ea8c360da72dd8e854a2", "best_bid": "0.172", "best_ask": "0.424"}, {"asset_id": "49913535691357405888189005795777119729203074497784553050607906527813175648482", "price": "0.576", "size": "141", "side": "BUY", "hash": "335a065bd52a34ede70a99d4648ca5d4caa74ff8", "best_bid": "0.576", "best_ask": "0.828"}], "timestamp": "1769384697234", "event_type": "price_change"}}
{"_local_timestamp": "2026-01-25T23:44:58.773016+00:00", "data": {"market": "0x339d8be5cb57653a9ee63e07d216543622cdefb45eed81b1680e83887a2d7bc6", "price_changes": [{"asset_id": "107283612200874762627410448315233948227070614640181631187039818267842487558132", "price": "0.424", "size": "0", "side": "SELL", "hash": "25939e91ac846daec6cccc27edb2ad203e6cf9f1", "best_bid": "0.172", "best_ask": "0.425"}, {"asset_id": "49913535691357405888189005795777119729203074497784553050607906527813175648482", "price": "0.576", "size": "0", "side": "BUY", "hash": "0b0c34a823849d279d38e0b7f803f122cdfceb0b", "best_bid": "0.575", "best_ask": "0.828"}], "timestamp": "1769384698705", "event_type": "price_change"}}
{"_local_timestamp": "2026-01-25T23:44:58.799728+00:00", "data": {"market": "0x339d8be5cb57653a9ee63e07d216543622cdefb45eed81b1680e83887a2d7bc6", "price_changes": [{"asset_id": "107283612200874762627410448315233948227070614640181631187039818267842487558132", "price": "0.424", "size": "180", "side": "SELL", "hash": "2e26b21b6923b7b1599fef094f6b8dc2795130af", "best_bid": "0.172", "best_ask": "0.424"}, {"asset_id": "49913535691357405888189005795777119729203074497784553050607906527813175648482", "price": "0.576", "size": "180", "side": "BUY", "hash": "b25312feb34415586c3696f3d302fd7ce7f6e2df", "best_bid": "0.576", "best_ask": "0.828"}], "timestamp": "1769384698730", "event_type": "price_change"}}
{"_local_timestamp": "2026-01-25T23:45:00.283743+00:00", "data": {"market": "0x339d8be5cb57653a9ee63e07d216543622cdefb45eed81b1680e83887a2d7bc6", "price_changes": [{"asset_id": "107283612200874762627410448315233948227070614640181631187039818267842487558132", "price": "0.424", "size": "0", "side": "SELL", "hash": "341f0f96bf4b91635750e0d198114692ff20744d", "best_bid": "0.172", "best_ask": "0.425"}, {"asset_id": "49913535691357405888189005795777119729203074497784553050607906527813175648482", "price": "0.576", "size": "0", "side": "BUY", "hash": "1795d4a88515f1c8b85ddd09c363e557b99772d4", "best_bid": "0.575", "best_ask": "0.828"}], "timestamp": "1769384700205", "event_type": "price_change"}}
{"_local_timestamp": "2026-01-25T23:45:00.298935+00:00", "data": {"market": "0x339d8be5cb57653a9ee63e07d216543622cdefb45eed81b1680e83887a2d7bc6", "price_changes": [{"asset_id": "107283612200874762627410448315233948227070614640181631187039818267842487558132", "price": "0.424", "size": "141", "side": "SELL", "hash": "7bce5ccc8bf65d9ada5db479f1b4fb4bc9478aed", "best_bid": "0.172", "best_ask": "0.424"}, {"asset_id": "49913535691357405888189005795777119729203074497784553050607906527813175648482", "price": "0.576", "size": "141", "side": "BUY", "hash": "abc4dfb21d1dcdcdfb5b016c289b68fd4d710b3c", "best_bid": "0.576", "best_ask": "0.828"}], "timestamp": "1769384700230", "event_type": "price_change"}}
