{"_local_timestamp": "2026-01-25T23:33:19.326405+00:00", "data": [{"market": "0x339d8be5cb57653a9ee63e07d216543622cdefb45eed81b1680e83887a2d7bc6", "asset_id": "107283612200874762627410448315233948227070614640181631187039818267842487558132", "timestamp": "1769383973729", "hash": "dfe0ac95c8e01092f4360511336e03186e8f71d4", "bids": [{"price": "0.001", "size": "2869.5"}, {"price": "0.002", "size": "1250"}, {"price": "0.004", "size": "1000"}, {"price": "0.005", "size": "500"}, {"price": "0.006", "size": "188.85"}, {"price": "0.007", "size": "8610"}, {"price": "0.02", "size": "500"}, {"price": "0.021", "size": "250"}, {"price": "0.051", "size": "936.48"}, {"price": "0.066", "size": "723.72"}, {"price": "0.068", "size": "515.17"}, {"price": "0.071", "size": "324"}, {"price": "0.072", "size": "500"}, {"price": "0.074", "size": "554.32"}, {"price": "0.075", "size": "173.33"}, {"price": "0.098", "size": "50"}, {"price": "0.099", "size": "55.55"}, {"price": "0.12", "size": "23"}, {"price": "0.132", "size": "63.94"}, {"price": "0.15", "size": "7"}, {"price": "0.151", "size": "6"}, {"price": "0.155", "size": "200"}, {"price": "0.162", "size": "200"}, {"price": "0.163", "size": "6"}, {"price": "0.165", "size": "200"}, {"price": "0.167", "size": "3000"}, {"price": "0.168", "size": "106"}, {"price": "0.169", "size": "16.64"}, {"price": "0.17", "size": "6"}, {"price": "0.171", "size": "107"}, {"price": "0.172", "size": "29.69"}], "asks": [{"price": "0.999", "size": "2161"}, {"price": "0.998", "size": "1250"}, {"price": "0.997", "size": "1000"}, {"price": "0.996", "size": "1000"}, {"price": "0.99", "size": "5000"}, {"price": "0.98", "size": "2200"}, {"price": "0.918", "size": "2350"}, {"price": "0.917", "size": "300"}, {"price": "0.866", "size": "1519"}, {"price": "0.865", "size": "3110"}, {"price": "0.817", "size": "4399"}, {"price": "0.816", "size": "250"}, {"price": "0.8", "size": "50"}, {"price": "0.79", "size": "50"}, {"price": "0.739", "size": "100"}, {"price": "0.73", "size": "50"}, {"price": "0.6", "size": "66.17"}, {"price": "0.599", "size": "90.69"}, {"price": "0.598", "size": "66.66"}, {"price": "0.513", "size": "66.66"}, {"price": "0.5", "size": "8.65"}, {"price": "0.49", "size": "187"}, {"price": "0.489", "size": "6"}, {"price": "0.488", "size": "100"}, {"price": "0.487", "size": "6"}, {"price": "0.461", "size": "10.54"}, {"price": "0.46", "size": "6"}, {"price": "0.436", "size": "5"}, {"price": "0.432", "size": "6"}, {"price": "0.429", "size": "133.2"}, {"price": "0.427", "size": "45"}], "event_type": "book", "last_trade_price": "0.609"}, {"market": "0x339d8be5cb57653a9ee63e07d216543622cdefb45eed81b1680e83887a2d7bc6", "asset_id": "49913535691357405888189005795777119729203074497784553050607906527813175648482", "timestamp": "1769383973729", "hash": "961be5f034c28c58e55afcb33cd0314f7407d0fe", "bids": [{"price": "0.001", "size": "2161"}, {"price": "0.002", "size": "1250"}, {"price": "0.003", "size": "1000"}, {"price": "0.004", "size": "1000"}, {"price": "0.01", "size": "5000"}, {"price": "0.02", "size": "2200"}, {"price": "0.082", "size": "2350"}, {"price": "0.083", "size": "300"}, {"price": "0.134", "size": "1519"}, {"price": "0.135", "size": "3110"}, {"price": "0.183", "size": "4399"}, {"price": "0.184", "size": "250"}, {"price": "0.2", "size": "50"}, {"price": "0.21", "size": "50"}, {"price": "0.261", "size": "100"}, {"price": "0.27", "size": "50"}, {"price": "0.4", "size": "66.17"}, {"price": "0.401", "size": "90.69"}, {"price": "0.402", "size": "66.66"}, {"price": "0.487", "size": "66.66"}, {"price": "0.5", "size": "8.65"}, {"price": "0.51", "size": "187"}, {"price": "0.511", "size": "6"}, {"price": "0.512", "size": "100"}, {"price": "0.513", "size": "6"}, {"price": "0.539", "size": "10.54"}, {"price": "0.54", "size": "6"}, {"price": "0.564", "size": "5"}, {"price": "0.568", "size": "6"}, {"price": "0.571", "size": "133.2"}, {"price": "0.573", "size": "45"}], "asks": [{"price": "0.999", "size": "2869.5"}, {"price": "0.998", "size": "1250"}, {"price": "0.996", "size": "1000"}, {"price": "0.995", "size": "500"}, {"price": "0.994", "size": "188.85"}, {"price": "0.993", "size": "8610"}, {"price": "0.98", "size": "500"}, {"price": "0.979", "size": "250"}, {"price": "0.949", "size": "936.48"}, {"price": "0.934", "size": "723.72"}, {"price": "0.932", "size": "515.17"}, {"price": "0.929", "size": "324"}, {"price": "0.928", "size": "500"}, {"price": "0.926", "size": "554.32"}, {"price": "0.925", "size": "173.33"}, {"price": "0.902", "size": "50"}, {"price": "0.901", "size": "55.55"}, {"price": "0.88", "size": "23"}, {"price": "0.868", "size": "63.94"}, {"price": "0.85", "size": "7"}, {"price": "0.849", "size": "6"}, {"price": "0.845", "size": "200"}, {"price": "0.838", "size": "200"}, {"price": "0.837", "size": "6"}, {"price": "0.835", "size": "200"}, {"price": "0.833", "size": "3000"}, {"price": "0.832", "size": "106"}, {"price": "0.831", "size": "16.64"}, {"price": "0.83", "size": "6"}, {"price": "0.829", "size": "107"}, {"price": "0.828", "size": "29.69"}], "event_type": "book", "last_trade_price": "0.609"}]}
{"_local_timestamp": "2026-01-25T23:33:23.774414+00:00", "data": {"market": "0x339d8be5cb57653a9ee63e07d216543622cdefb45eed81b1680e83887a2d7bc6", "price_changes": [{"asset_id": "107283612200874762627410448315233948227070614640181631187039818267842487558132", "price": "0.426", "size": "74", "side": "SELL", "hash": "54996a02e76fd54ad74137617b35a7165a3a4e3a", "best_bid": "0.172", "best_ask": "0.426"}, {"asset_id": "49913535691357405888189005795777119729203074497784553050607906527813175648482", "price": "0.574", "size": "74", "side": "BUY", "hash": "c79fbbd22b1d24bba3af3ced380333877eb462e3", "best_bid": "0.574", "best_ask": "0.828"}], "timestamp": "1769384003706", "event_type": "price_change"}}
{"_local_timestamp": "2026-01-25T23:33:23.838947+00:00", "data": {"market": "0x339d8be5cb57653a9ee63e07d216543622cdefb45eed81b1680e83887a2d7bc6", "price_changes": [{"asset_id": "49913535691357405888189005795777119729203074497784553050607906527813175648482", "price": "0.574", "size": "103.99", "side": "BUY", "hash": "48119393b8e897f6acd5b3ed32113fa0b5c8da65", "best_bid": "0.574", "best_ask": "0.828"}, {"asset_id": "107283612200874762627410448315233948227070614640181631187039818267842487558132", "price": "0.426", "size": "103.99", "side": "SELL", "hash": "95d36ed62a43b7ca72b80c066ff31c3968b0e208", "best_bid": "0.172", "best_ask": "0.426"}], "timestamp": "1769384003770", "event_type": "price_change"}}
{"_local_timestamp": "2026-01-25T23:33:25.270416+00:00", "data": {"market": "0x339d8be5cb57653a9ee63e07d216543622cdefb45eed81b1680e83887a2d7bc6", "price_changes": [{"asset_id": "107283612200874762627410448315233948227070614640181631187039818267842487558132", "price": "0.426", "size": "29.99", "side": "SELL", "hash": "ef63a6cde2c3d88f759815874525a61877cb8395", "best_bid": "0.172", "best_ask": "0.426"}, {"asset_id": "49913535691357405888189005795777119729203074497784553050607906527813175648482", "price": "0.574", "size": "29.99", "side": "BUY", "hash": "af13a7b2193d294fb39fc765b674cd1288d0f358", "best_bid": "0.574", "best_ask": "0.828"}], "timestamp": "1769384005204", "event_type": "price_change"}}
{"_local_timestamp": "2026-01-25T23:33:26.563007+00:00", "data": {"market": "0x339d8be5cb57653a9ee63e07d216543622cdefb45eed81b1680e83887a2d7bc6", "price_changes": [{"asset_id": "49913535691357405888189005795777119729203074497784553050607906527813175648482", "price": "0.574", "size": "0", "side": "BUY", "hash": "e329e7bc6641a3ecd4e723fb96d241dcfcb880de", "best_bid": "0.573", "best_ask": "0.828"}, {"asset_id": "107283612200874762627410448315233948227070614640181631187039818267842487558132", "price": "0.426", "size": "0", "side": "SELL", "hash": "fcd9b729fea41063a6a6c42e7b30d574eec075d9", "best_bid": "0.172", "best_ask": "0.427"}], "timestamp": "1769384006495", "event_type": "price_change"}}
{"_local_timestamp": "2026-01-25T23:33:26.585825+00:00", "data": {"market": "0x339d8be5cb57653a9ee63e07d216543622cdefb45eed81b1680e83887a2d7bc6", "price_changes": [{"asset_id": "107283612200874762627410448315233948227070614640181631187039818267842487558132", "price": "0.425", "size": "70", "side": "SELL", "hash": "c588165b34602cfc99c40736ae3a9da881a44a1a", "best_bid": "0.172", "best_ask": "0.425"}, {"asset_id": "49913535691357405888189005795777119729203074497784553050607906527813175648482", "price": "0.575", "size": "70", "side": "BUY", "hash": "115d273549a2656b2d995696fccb497738e48304", "best_bid": "0.575", "best_ask": "0.828"}], "timestamp": "1769384006519", "event_type": "price_change"}}
{"_local_timestamp": "2026-01-25T23:33:26.624960+00:00", "data": {"market": "0x339d8be5cb57653a9ee63e07d216543622cdefb45eed81b1680e83887a2d7bc6", "price_changes": [{"asset_id": "49913535691357405888189005795777119729203074497784553050607906527813175648482", "price": "0.571", "size": "163.19", "side": "BUY", "hash": "6ab500f679dade71168e9faf78742fc0459daf74", "best_bid": "0.575", "best_ask": "0.828"}, {"asset_id": "107283612200874762627410448315233948227070614640181631187039818267842487558132", "price": "0.429", "size": "163.19", "side": "SELL", "hash": "28834e90b9aa8141544889e46103dfd1d6e9e3db", "best_bid": "0.172", "best_ask": "0.425"}], "timestamp": "1769384006554", "event_type": "price_change"}}
{"_local_timestamp": "2026-01-25T23:33:27.627955+00:00", "data": {"market": "0x339d8be5cb57653a9ee63e07d216543622cdefb45eed81b1680e83887a2d7bc6", "price_changes": [{"asset_id": "49913535691357405888189005795777119729203074497784553050607906527813175648482", "price": "0.571", "size": "133.2", "side": "BUY", "hash": "71e5a25e9b2743a0f073ae4cc62280b6bfdd2b9c", "best_bid": "0.575", "best_ask": "0.828"}, {"asset_id": "107283612200874762627410448315233948227070614640181631187039818267842487558132", "price": "0.429", "size": "133.2", "side": "SELL", "hash": "07b115db45747b82d27a106cb596f90b476169f2", "best_bid": "0.172", "best_ask": "0.425"}], "timestamp": "1769384007556", "event_type": "price_change"}}
{"_local_timestamp": "2026-01-25T23:33:27.660686+00:00", "data": {"market": "0x339d8be5cb57653a9ee63e07d216543622cdefb45eed81b1680e83887a2d7bc6", "price_changes": [{"asset_id": "107283612200874762627410448315233948227070614640181631187039818267842487558132", "price": "0.425", "size": "0", "side": "SELL", "hash": "c781164c407108cc6ff41c9ad6cbabc415245840", "best_bid": "0.172", "best_ask": "0.427"}, {"asset_id": "49913535691357405888189005795777119729203074497784553050607906527813175648482", "price": "0.575", "size": "0", "side": "BUY", "hash": "1699496c672035fac24722c77433ffdb7463a8cd", "best_bid": "0.573", "best_ask": "0.828"}], "timestamp": "1769384007589", "event_type": "price_change"}}
{"_local_timestamp": "2026-01-25T23:33:27.695381+00:00", "data": {"market": "0x339d8be5cb57653a9ee63e07d216543622cdefb45eed81b1680e83887a2d7bc6", "price_changes": [{"asset_id": "49913535691357405888189005795777119729203074497784553050607906527813175648482", "price": "0.575", "size": "29.99", "side": "BUY", "hash": "8b5fbf014389fe1c00a9e16c7b6222be979174be", "best_bid": "0.575", "best_ask": "0.828"}, {"asset_id": "107283612200874762627410448315233948227070614640181631187039818267842487558132", "price": "0.425", "size": "29.99", "side": "SELL", "hash": "5cfbba29989f43325dfc52c43958405fbf1bf99d", "best_bid": "0.172", "best_ask": "0.425"}], "timestamp": "1769384007610", "event_type": "price_change"}}
{"_local_timestamp": "2026-01-25T23:33:27.711876+00:00", "data": {"market": "0x339d8be5cb57653a9ee63e07d216543622cdefb45eed81b1680e83887a2d7bc6", "price_changes": [{"asset_id": "107283612200874762627410448315233948227070614640181631187039818267842487558132", "price": "0.426", "size": "74", "side": "SELL", "hash": "2a97d863b8b89264a14b3435a336ca1cc865df1b", "best_bid": "0.172", "best_ask": "0.425"}, {"asset_id": "49913535691357405888189005795777119729203074497784553050607906527813175648482", "price": "0.574", "size": "74", "side": "BUY", "hash": "fe033b01df72186ffa340e5860dd24184a52a17d", "best_bid": "0.575", "best_ask": "0.828"}], "timestamp": "1769384007616", "event_type": "price_change"}}
{"_local_timestamp": "2026-01-25T23:33:28.773709+00:00", "data": {"market": "0x339d8be5cb57653a9ee63e07d216543622cdefb45eed81b1680e83887a2d7bc6", "price_changes": [{"asset_id": "107283612200874762627410448315233948227070614640181631187039818267842487558132", "price": "0.426", "size": "0", "side": "SELL", "hash": "7d376a4dfa873261fb0d06e97acc04dd3ed0b301", "best_bid": "0.172", "best_ask": "0.425"}, {"asset_id": "49913535691357405888189005795777119729203074497784553050607906527813175648482", "price": "0.574", "size": "0", "side": "BUY", "hash": "1fc92785b7d055606b74f94a38d8d97beb158073", "best_bid": "0.575", "best_ask": "0.828"}], "timestamp": "1769384008706", "event_type": "price_change"}}
{"_local_timestamp": "2026-01-25T23:33:29.593086+00:00", "data": {"market": "0x339d8be5cb57653a9ee63e07d216543622cdefb45eed81b1680e83887a2d7bc6", "price_changes": [{"asset_id": "49913535691357405888189005795777119729203074497784553050607906527813175648482", "price": "0.575", "size": "0", "side": "BUY", "hash": "95b18637c03406fd00a93f49ac0fdb495380a0a2", "best_bid": "0.573", "best_ask": "0.828"}, {"asset_id": "107283612200874762627410448315233948227070614640181631187039818267842487558132", "price": "0.425", "size": "0", "side": "SELL", "hash": "9abf0d47a7721acc9ec06f1b24f5ac81269964d2", "best_bid": "0.172", "best_ask": "0.427"}], "timestamp": "1769384009528", "event_type": "price_change"}}
{"_local_timestamp": "2026-01-25T23:33:29.619744+00:00", "data": {"market": "0x339d8be5cb57653a9ee63e07d216543622cdefb45eed81b1680e83887a2d7bc6", "price_changes": [{"asset_id": "107283612200874762627410448315233948227070614640181631187039818267842487558132", "price": "0.424", "size": "70", "side": "SELL", "hash": "8c45c666dbb6e1103eb69365c1547f1932788b63", "best_bid": "0.172", "best_ask": "0.424"}, {"asset_id": "49913535691357405888189005795777119729203074497784553050607906527813175648482", "price": "0.576", "size": "70", "side": "BUY", "hash": "4e52aeb38bbac0441b5941788053681266f044be", "best_bid": "0.576", "best_ask": "0.828"}], "timestamp": "1769384009553", "event_type": "price_change"}}
{"_local_timestamp": "2026-01-25T23:33:29.635695+00:00", "data": {"market": "0x339d8be5cb57653a9ee63e07d216543622cdefb45eed81b1680e83887a2d7bc6", "price_changes": [{"asset_id": "49913535691357405888189005795777119729203074497784553050607906527813175648482", "price": "0.571", "size": "163.19", "side": "BUY", "hash": "5ff5e4abc7dc8f6631b1901818d31ffe75c42741", "best_bid": "0.576", "best_ask": "0.828"}, {"asset_id": "107283612200874762627410448315233948227070614640181631187039818267842487558132", "price": "0.429", "size": "163.19", "side": "SELL", "hash": "a523c587cd511e3b1a8c1b4175d10803623da68e", "best_bid": "0.172", "best_ask": "0.424"}], "timestamp": "1769384009570", "event_type": "price_change"}}
{"_local_timestamp": "2026-01-25T23:33:30.778609+00:00", "data": {"market": "0x339d8be5cb57653a9ee63e07d216543622cdefb45eed81b1680e83887a2d7bc6", "price_changes": [{"asset_id": "107283612200874762627410448315233948227070614640181631187039818267842487558132", "price": "0.424", "size": "0", "side": "SELL", "hash": "37eba0197227198b248e78c72a9ad84b40eef5d6", "best_bid": "0.172", "best_ask": "0.427"}, {"asset_id": "49913535691357405888189005795777119729203074497784553050607906527813175648482", "price": "0.576", "size": "0", "side": "BUY", "hash": "365b77807e8ecb15802a4950e847fa6a48d85ea1", "best_bid": "0.573", "best_ask": "0.828"}], "timestamp": "1769384010705", "event_type": "price_change"}}
{"_local_timestamp": "2026-01-25T23:33:30.802883+00:00", "data": {"market": "0x339d8be5cb57653a9ee63e07d216543622cdefb45eed81b1680e83887a2d7bc6", "price_changes": [{"asset_id": "107283612200874762627410448315233948227070614640181631187039818267842487558132", "price": "0.426", "size": "75", "side": "SELL", "hash": "3943893eaf23fbb1e5b89f3a15d0be6eb546498c", "best_bid": "0.172", "best_ask": "0.426"}, {"asset_id": "49913535691357405888189005795777119729203074497784553050607906527813175648482", "price": "0.574", "size": "75", "side": "BUY", "hash": "2442bd7f1f31a7360162c63f9190ad8d9973253b", "best_bid": "0.574", "best_ask": "0.828"}], "timestamp": "1769384010734", "event_type": "price_change"}}
{"_local_timestamp": "2026-01-25T23:33:31.156764+00:00", "data": {"market": "0x339d8be5cb57653a9ee63e07d216543622cdefb45eed81b1680e83887a2d7bc6", "price_changes": [{"asset_id": "49913535691357405888189005795777119729203074497784553050607906527813175648482", "price": "0.571", "size": "133.2", "side": "BUY", "hash": "2593730f277ead6d9bc033b769164dea370f0688", "best_bid": "0.574", "best_ask": "0.828"}, {"asset_id": "107283612200874762627410448315233948227070614640181631187039818267842487558132", "price": "0.429", "size": "133.2", "side": "SELL", "hash": "60854c6df244b3f0210a90af3e854fbb4996a76c", "best_bid": "0.172", "best_ask": "0.426"}], "timestamp": "1769384011057", "event_type": "price_change"}}
{"_local_timestamp": "2026-01-25T23:33:31.166948+00:00", "data": {"market": "0x339d8be5cb57653a9ee63e07d216543622cdefb45eed81b1680e83887a2d7bc6", "price_changes": [{"asset_id": "49913535691357405888189005795777119729203074497784553050607906527813175648482", "price": "0.576", "size": "29.99", "side": "BUY", "hash": "3a15739bf68808b9044124c71297289b566ac8d5", "best_bid": "0.576", "best_ask": "0.828"}, {"asset_id": "107283612200874762627410448315233948227070614640181631187039818267842487558132", "price": "0.424", "size": "29.99", "side": "SELL", "hash": "6881f568c6c654c9bd30c2e4243a08bc311f286a", "best_bid": "0.172", "best_ask": "0.424"}], "timestamp": "1769384011091", "event_type": "price_change"}}
{"_local_timestamp": "2026-01-25T23:33:32.278420+00:00", "data": {"market": "0x339d8be5cb57653a9ee63e07d216543622cdefb45eed81b1680e83887a2d7bc6", "price_changes": [{"asset_id": "107283612200874762627410448315233948227070614640181631187039818267842487558132", "price": "0.426", "size": "0", "side": "SELL", "hash": "35edf08290dc8b517f03ce35f42c1663e41f342e", "best_bid": "0.172", "best_ask": "0.424"}, {"asset_id": "49913535691357405888189005795777119729203074497784553050607906527813175648482", "price": "0.574", "size": "0", "side": "BUY", "hash": "0ea415b7d39376c43040dbbd79bb7f92e56d0308", "best_bid": "0.576", "best_ask": "0.828"}], "timestamp": "1769384012203", "event_type": "price_change"}}
{"_local_timestamp": "2026-01-25T23:33:32.722338+00:00", "data": {"market": "0x339d8be5cb57653a9ee63e07d216543622cdefb45eed81b1680e83887a2d7bc6", "price_changes": [{"asset_id": "49913535691357405888189005795777119729203074497784553050607906527813175648482", "price": "0.576", "size": "0", "side": "BUY", "hash": "9091b7e0bd66833525cc5786899b2a173ba49c72", "best_bid": "0.573", "best_ask": "0.828"}, {"asset_id": "107283612200874762627410448315233948227070614640181631187039818267842487558132", "price": "0.424", "size": "0", "side": "SELL", "hash": "bd7cef809decc3099abe677c8d6137b2d6a30c98", "best_bid": "0.172", "best_ask": "0.427"}], "timestamp": "1769384012654", "event_type": "price_change"}}
{"_local_timestamp": "2026-01-25T23:33:32.771741+00:00", "data": {"market": "0x339d8be5cb57653a9ee63e07d216543622cdefb45eed81b1680e83887a2d7bc6", "price_changes": [{"asset_id": "49913535691357405888189005795777119729203074497784553050607906527813175648482", "price": "0.574", "size": "29.99", "side": "BUY", "hash": "3bebb86830f9fc24c78817482e2d79320a601db4", "best_bid": "0.574", "best_ask": "0.828"}, {"asset_id": "107283612200874762627410448315233948227070614640181631187039818267842487558132", "price": "0.426", "size": "29.99", "side": "SELL", "hash": "b62647d5107b2a587abe62d4550d08d0616eb040", "best_bid": "0.172", "best_ask": "0.426"}], "timestamp": "1769384012700", "event_type": "price_change"}}
{"_local_timestamp": "2026-01-25T23:33:33.372181+00:00", "data": {"market": "0x339d8be5cb57653a9ee63e07d216543622cdefb45eed81b1680e83887a2d7bc6", "price_changes": [{"asset_id": "49913535691357405888189005795777119729203074497784553050607906527813175648482", "price": "0.27", "size": "0", "side": "BUY", "hash": "ea0adca3ea7d5c84cebc842655051c9c45bd25cd", "best_bid": "0.574", "best_ask": "0.828"}, {"asset_id": "107283612200874762627410448315233948227070614640181631187039818267842487558132", "price": "0.73", "size": "0", "side": "SELL", "hash": "3cb13de001fc12e66e3264e6a43c8216e8ddff3e", "best_bid": "0.172", "best_ask": "0.426"}], "timestamp": "1769384013160", "event_type": "price_change"}}
{"_local_timestamp": "2026-01-25T23:33:33.749308+00:00", "data": {"market": "0x339d8be5cb57653a9ee63e07d216543622cdefb45eed81b1680e83887a2d7bc6", "price_changes": [{"asset_id": "49913535691357405888189005795777119729203074497784553050607906527813175648482", "price": "0.574", "size": "0", "side": "BUY", "hash": "18a24cfe895463b0ef9f27ade5381e43abf308b8", "best_bid": "0.573", "best_ask": "0.828"}, {"asset_id": "107283612200874762627410448315233948227070614640181631187039818267842487558132", "price": "0.426", "size": "0", "side": "SELL", "hash": "c8f0ca798da022279e24ba1816074753f5f43d5d", "best_bid": "0.172", "best_ask": "0.427"}], "timestamp": "1769384013668", "event_type": "price_change"}}
{"_local_timestamp": "2026-01-25T23:33:33.787930+00:00", "data": {"market": "0x339d8be5cb57653a9ee63e07d216543622cdefb45eed81b1680e83887a2d7bc6", "price_changes": [{"asset_id": "49913535691357405888189005795777119729203074497784553050607906527813175648482", "price": "0.571", "size": "163.19", "side": "BUY", "hash": "8f36de450af9749c498f89be6dc02e2b9387425c", "best_bid": "0.573", "best_ask": "0.828"}, {"asset_id": "107283612200874762627410448315233948227070614640181631187039818267842487558132", "price": "0.429", "size": "163.19", "side": "SELL", "hash": "f3d0572cfb49c5b2c411d7c5784a095de66b59ec", "best_bid": "0.172", "best_ask": "0.427"}], "timestamp": "1769384013712", "event_type": "price_change"}}
{"_local_timestamp": "2026-01-25T23:33:34.320124+00:00", "data": {"market": "0x339d8be5cb57653a9ee63e07d216543622cdefb45eed81b1680e83887a2d7bc6", "price_changes": [{"asset_id": "49913535691357405888189005795777119729203074497784553050607906527813175648482", "price": "0.571", "size": "133.2", "side": "BUY", "hash": "d6c68db72d4a91626658d3a2625de989e7729d92", "best_bid": "0.573", "best_ask": "0.828"}, {"asset_id": "107283612200874762627410448315233948227070614640181631187039818267842487558132", "price": "0.429", "size": "133.2", "side": "SELL", "hash": "41ec15dc1c8ad26c2103ada65c14e5e6a105e7c4", "best_bid": "0.172", "best_ask": "0.427"}], "timestamp": "1769384014246", "event_type": "price_change"}}
{"_local_timestamp": "2026-01-25T23:33:38.197029+00:00", "data": {"market": "0x339d8be5cb57653a9ee63e07d216543622cdefb45eed81b1680e83887a2d7bc6", "price_changes": [{"asset_id": "49913535691357405888189005795777119729203074497784553050607906527813175648482", "price": "0.831", "size": "0", "side": "SELL", "hash": "06144df50fd2870668efb7569eadaf7a4c751498", "best_bid": "0.573", "best_ask": "0.828"}, {"asset_id": "107283612200874762627410448315233948227070614640181631187039818267842487558132", "price": "0.169", "size": "0", "side": "BUY", "hash": "3fc2f26f74b8267b5708851f2db4edecf698a07a", "best_bid": "0.172", "best_ask": "0.427"}], "timestamp": "1769384018107", "event_type": "price_change"}}
{"_local_timestamp": "2026-01-25T23:33:40.348663+00:00", "data": {"market": "0x339d8be5cb57653a9ee63e07d216543622cdefb45eed81b1680e83887a2d7bc6", "price_changes": [{"asset_id": "49913535691357405888189005795777119729203074497784553050607906527813175648482", "price": "0.134", "size": "1394", "side": "BUY", "hash": "20bfb8cbce801534f08054d68db1238882ec33c4", "best_bid": "0.573", "best_ask": "0.828"}, {"asset_id": "107283612200874762627410448315233948227070614640181631187039818267842487558132", "price": "0.866", "size": "1394", "side": "SELL", "hash": "7721b7bf1362cc4cf2a1a236b82b69cddb93dac3", "best_bid": "0.172", "best_ask": "0.427"}], "timestamp": "1769384020105", "event_type": "price_change"}}
{"_local_timestamp": "2026-01-25T23:33:40.352369+00:00", "data": {"market": "0x339d8be5cb57653a9ee63e07d216543622cdefb45eed81b1680e83887a2d7bc6", "price_changes": [{"asset_id": "49913535691357405888189005795777119729203074497784553050607906527813175648482", "price": "0.21", "size": "0", "side": "BUY", "hash": "20bfb8cbce801534f08054d68db1238882ec33c4", "best_bid": "0.573", "best_ask": "0.828"}, {"asset_id": "107283612200874762627410448315233948227070614640181631187039818267842487558132", "price": "0.79", "size": "0", "side": "SELL", "hash": "7721b7bf1362cc4cf2a1a236b82b69cddb93dac3", "best_bid": "0.172", "best_ask": "0.427"}], "timestamp": "1769384020105", "event_type": "price_change"}}
{"_local_timestamp": "2026-01-25T23:33:40.598895+00:00", "data": {"market": "0x339d8be5cb57653a9ee63e07d216543622cdefb45eed81b1680e83887a2d7bc6", "price_changes": [{"asset_id": "49913535691357405888189005795777119729203074497784553050607906527813175648482", "price": "0.261", "size": "150", "side": "BUY", "hash": "6a424ca3b663453948a83e3e30b1a98cc3e20085", "best_bid": "0.573", "best_ask": "0.828"}, {"asset_id": "107283612200874762627410448315233948227070614640181631187039818267842487558132", "price": "0.739", "size": "150", "side": "SELL", "hash": "55e3742cd7f18f523f63a2529ec71bb7522fac5f", "best_bid": "0.172", "best_ask": "0.427"}], "timestamp": "1769384020522", "event_type": "price_change"}}
{"_local_timestamp": "2026-01-25T23:33:40.609385+00:00", "data": {"market": "0x339d8be5cb57653a9ee63e07d216543622cdefb45eed81b1680e83887a2d7bc6", "price_changes": [{"asset_id": "49913535691357405888189005795777119729203074497784553050607906527813175648482", "price": "0.135", "size": "3235", "side": "BUY", "hash": "faa3e2f3ba19b36a2c16bd08e20a1241cea4e916", "best_bid": "0.573", "best_ask": "0.828"}, {"asset_id": "107283612200874762627410448315233948227070614640181631187039818267842487558132", "price": "0.865", "size": "3235", "side": "SELL", "hash": "d1fc9fc1a4c83153f38b6e64a2ca8026c9fba4b2", "best_bid": "0.172", "best_ask": "0.427"}], "timestamp": "1769384020525", "event_type": "price_change"}}
{"_local_timestamp": "2026-01-25T23:33:50.014660+00:00", "data": {"market": "0x339d8be5cb57653a9ee63e07d216543622cdefb45eed81b1680e83887a2d7bc6", "price_changes": [{"asset_id": "49913535691357405888189005795777119729203074497784553050607906527813175648482", "price": "0.829", "size": "123.64", "side": "SELL", "hash": "1acae3abfeed5cb8646689b48c2afc69e4283e19", "best_bid": "0.573", "best_ask": "0.828"}, {"asset_id": "107283612200874762627410448315233948227070614640181631187039818267842487558132", "price": "0.171", "size": "123.64", "side": "BUY", "hash": "ca2dd2d06cbba6c292ab347ece0351809a90a27b", "best_bid": "0.172", "best_ask": "0.427"}], "timestamp": "1769384029932", "event_type": "price_change"}}
{"_local_timestamp": "2026-01-25T23:33:51.420499+00:00", "data": {"market": "0x339d8be5cb57653a9ee63e07d216543622cdefb45eed81b1680e83887a2d7bc6", "price_changes": [{"asset_id": "49913535691357405888189005795777119729203074497784553050607906527813175648482", "price": "0.571", "size": "66.66", "side": "BUY", "hash": "3f6a6dd1ce77b079d97657b6b06c91e4722dbe69", "best_bid": "0.573", "best_ask": "0.828"}, {"asset_id": "107283612200874762627410448315233948227070614640181631187039818267842487558132", "price": "0.429", "size": "66.66", "side": "SELL", "hash": "bd585fbb533c0f6b7e37c61604f3da3d0eb6acfa", "best_bid": "0.172", "best_ask": "0.427"}], "timestamp": "1769384031349", "event_type": "price_change"}}
