{"_local_timestamp": "2026-01-25T23:33:19.326405+00:00", "data": [{"market": "0x339d8be5cb57653a9ee63e07d216543622cdefb45eed81b1680e83887a2d7bc6", "asset_id": "107283612200874762627410448315233948227070614640181631187039818267842487558132", "timestamp": "1769383973729", "hash": "dfe0ac95c8e01092f4360511336e03186e8f71d4", "bids": [{"price": "0.001", "size": "2869.5"}, {"price": "0.002", "size": "1250"}, {"price": "0.004", "size": "1000"}, {"price": "0.005", "size": "500"}, {"price": "0.006", "size": "188.85"}, {"price": "0.007", "size": "8610"}, {"price": "0.02", "size": "500"}, {"price": "0.021", "size": "250"}, {"price": "0.051", "size": "936.48"}, {"price": "0.066", "size": "723.72"}, {"price": "0.068", "size": "515.17"}, {"price": "0.071", "size": "324"}, {"price": "0.072", "size": "500"}, {"price": "0.074", "size": "554.32"}, {"price": "0.075", "size": "173.33"}, {"price": "0.098", "size": "50"}, {"price": "0.099", "size": "55.55"}, {"price": "0.12", "size": "23"}, {"price": "0.132", "size": "63.94"}, {"price": "0.15", "size": "7"}, {"price": "0.151", "size": "6"}, {"price": "0.155", "size": "200"}, {"price": "0.162", "size": "200"}, {"price": "0.163", "size": "6"}, {"price": "0.165", "size": "200"}, {"price": "0.167", "size": "3000"}, {"price": "0.168", "size": "106"}, {"price": "0.169", "size": "16.64"}, {"price": "0.17", "size": "6"}, {"price": "0.171", "size": "107"}, {"price": "0.172", "size": "29.69"}], "asks": [{"price": "0.999", "size": "2161"}, {"price": "0.998", "size": "1250"}, {"price": "0.997", "size": "1000"}, {"price": "0.996", "size": "1000"}, {"price": "0.99", "size": "5000"}, {"price": "0.98", "size": "2200"}, {"price": "0.918", "size": "2350"}, {"price": "0.917", "size": "300"}, {"price": "0.866", "size": "1519"}, {"price": "0.865", "size": "3110"}, {"price": "0.817", "size": "4399"}, {"price": "0.816", "size": "250"}, {"price": "0.8", "size": "50"}, {"price": "0.79", "size": "50"}, {"price": "0.739", "size": "100"}, {"price": "0.73", "size": "50"}, {"price": "0.6", "size": "66.17"}, {"price": "0.599", "size": "90.69"}, {"price": "0.598", "size": "66.66"}, {"price": "0.513", "size": "66.66"}, {"price": "0.5", "size": "8.65"}, {"price": "0.49", "size": "187"}, {"price": "0.489", "size": "6"}, {"price": "0.488", "size": "100"}, {"price": "0.487", "size": "6"}, {"price": "0.461", "size": "10.54"}, {"price": "0.46", "size": "6"}, {"price": "0.436", "size": "5"}, {"price": "0.432", "size": "6"}, {"price": "0.429", "size": "133.2"}, {"price": "0.427", "size": "45"}], "event_type": "book", "last_trade_price": "0.609"}, {"market": "0x339d8be5cb57653a9ee63e07d216543622cdefb45eed81b1680e83887a2d7bc6", "asset_id": "49913535691357405888189005795777119729203074497784553050607906527813175648482", "timestamp": "1769383973729", "hash": "961be5f034c28c58e55afcb33cd0314f7407d0fe", "bids": [{"price": "0.001", "size": "2161"}, {"price": "0.002", "size": "1250"}, {"price": "0.003", "size": "1000"}, {"price": "0.004", "size": "1000"}, {"price": "0.01", "size": "5000"}, {"price": "0.02", "size": "2200"}, {"price": "0.082", "size": "2350"}, {"price": "0.083", "size": "300"}, {"price": "0.134", "size": "1519"}, {"price": "0.135", "size": "3110"}, {"price": "0.183", "size": "4399"}, {"price": "0.184", "size": "250"}, {"price": "0.2", "size": "50"}, {"price": "0.21", "size": "50"}, {"price": "0.261", "size": "100"}, {"price": "0.27", "size": "50"}, {"price": "0.4", "size": "66.17"}, {"price": "0.401", "size": "90.69"}, {"price": "0.402", "size": "66.66"}, {"price": "0.487", "size": "66.66"}, {"price": "0.5", "size": "8.65"}, {"price": "0.51", "size": "187"}, {"price": "0.511", "size": "6"}, {"price": "0.512", "size": "100"}, {"price": "0.513", "size": "6"}, {"price": "0.539", "size": "10.54"}, {"price": "0.54", "size": "6"}, {"price": "0.564", "size": "5"}, {"price": "0.568", "size": "6"}, {"price": "0.571", "size": "133.2"}, {"price": "0.573", "size": "45"}], "asks": [{"price": "0.999", "size": "2869.5"}, {"price": "0.998", "size": "1250"}, {"price": "0.996", "size": "1000"}, {"price": "0.995", "size": "500"}, {"price": "0.994", "size": "188.85"}, {"price": "0.993", "size": "8610"}, {"price": "0.98", "size": "500"}, {"price": "0.979", "size": "250"}, {"price": "0.949", "size": "936.48"}, {"price": "0.934", "size": "723.72"}, {"price": "0.932", "size": "515.17"}, {"price": "0.929", "size": "324"}, {"price": "0.928", "size": "500"}, {"price": "0.926", "size": "554.32"}, {"price": "0.925", "size": "173.33"}, {"price": "0.902", "size": "50"}, {"price": "0.901", "size": "55.55"}, {"price": "0.88", "size": "23"}, {"price": "0.868", "size": "63.94"}, {"price": "0.85", "size": "7"}, {"price": "0.849", "size": "6"}, {"price": "0.845", "size": "200"}, {"price": "0.838", "size": "200"}, {"price": "0.837", "size": "6"}, {"price": "0.835", "size": "200"}, {"price": "0.833", "size": "3000"}, {"price": "0.832", "size": "106"}, {"price": "0.831", "size": "16.64"}, {"price": "0.83", "size": "6"}, {"price": "0.829", "size": "107"}, {"price": "0.828", "size": "29.69"}], "event_type": "book", "last_trade_price": "0.609"}]}
{"_local_timestamp": "2026-01-25T23:33:23.774414+00:00", "data": {"market": "0x339d8be5cb57653a9ee63e07d216543622cdefb45eed81b1680e83887a2d7bc6", "price_changes": [{"asset_id": "107283612200874762627410448315233948227070614640181631187039818267842487558132", "price": "0.426", "size": "74", "side": "SELL", "hash": "54996a02e76fd54ad74137617b35a7165a3a4e3a", "best_bid": "0.172", "best_ask": "0.426"}, {"asset_id": "49913535691357405888189005795777119729203074497784553050607906527813175648482", "price": "0.574", "size": "74", "side": "BUY", "hash": "c79fbbd22b1d24bba3af3ced380333877eb462e3", "best_bid": "0.574", "best_ask": "0.828"}], "timestamp": "1769384003706", "event_type": "price_change"}}
{"_local_timestamp": "2026-01-25T23:33:23.838947+00:00", "data": {"market": "0x339d8be5cb57653a9ee63e07d216543622cdefb45eed81b1680e83887a2d7bc6", "price_changes": [{"asset_id": "49913535691357405888189005795777119729203074497784553050607906527813175648482", "price": "0.574", "size": "103.99", "side": "BUY", "hash": "48119393b8e897f6acd5b3ed32113fa0b5c8da65", "best_bid": "0.574", "best_ask": "0.828"}, {"asset_id": "107283612200874762627410448315233948227070614640181631187039818267842487558132", "price": "0.426", "size": "103.99", "side": "SELL", "hash": "95d36ed62a43b7ca72b80c066ff31c3968b0e208", "best_bid": "0.172", "best_ask": "0.426"}], "timestamp": "1769384003770", "event_type": "price_change"}}
{"_local_timestamp": "2026-01-25T23:33:25.270416+00:00", "data": {"market": "0x339d8be5cb57653a9ee63e07d216543622cdefb45eed81b1680e83887a2d7bc6", "price_changes": [{"asset_id": "107283612200874762627410448315233948227070614640181631187039818267842487558132", "price": "0.426", "size": "29.99", "side": "SELL", "hash": "ef63a6cde2c3d88f759815874525a61877cb8395", "best_bid": "0.172", "best_ask": "0.426"}, {"asset_id": "49913535691357405888189005795777119729203074497784553050607906527813175648482", "price": "0.574", "size": "29.99", "side": "BUY", "hash": "af13a7b2193d294fb39fc765b674cd1288d0f358", "best_bid": "0.574", "best_ask": "0.828"}], "timestamp": "1769384005204", "event_type": "price_change"}}
{"_local_timestamp": "2026-01-25T23:33:26.563007+00:00", "data": {"market": "0x339d8be5cb57653a9ee63e07d216543622cdefb45eed81b1680e83887a2d7bc6", "price_changes": [{"asset_id": "49913535691357405888189005795777119729203074497784553050607906527813175648482", "price": "0.574", "size": "0", "side": "BUY", "hash": "e329e7bc6641a3ecd4e723fb96d241dcfcb880de", "best_bid": "0.573", "best_ask": "0.828"}, {"asset_id": "107283612200874762627410448315233948227070614640181631187039818267842487558132", "price": "0.426", "size": "0", "side": "SELL", "hash": "fcd9b729fea41063a6a6c42e7b30d574eec075d9", "best_bid": "0.172", "best_ask": "0.427"}], "timestamp": "1769384006495", "event_type": "price_change"}}
{"_local_timestamp": "2026-01-25T23:33:26.585825+00:00", "data": {"market": "0x339d8be5cb57653a9ee63e07d216543622cdefb45eed81b1680e83887a2d7bc6", "price_changes": [{"asset_id": "107283612200874762627410448315233948227070614640181631187039818267842487558132", "price": "0.425", "size": "70", "side": "SELL", "hash": "c588165b34602cfc99c40736ae3a9da881a44a1a", "best_bid": "0.172", "best_ask": "0.425"}, {"asset_id": "49913535691357405888189005795777119729203074497784553050607906527813175648482", "price": "0.575", "size": "70", "side": "BUY", "hash": "115d273549a2656b2d995696fccb497738e48304", "best_bid": "0.575", "best_ask": "0.828"}], "timestamp": "1769384006519", "event_type": "price_change"}}
{"_local_timestamp": "2026-01-25T23:33:26.624960+00:00", "data": {"market": "0x339d8be5cb57653a9ee63e07d216543622cdefb45eed81b1680e83887a2d7bc6", "price_changes": [{"asset_id": "49913535691357405888189005795777119729203074497784553050607906527813175648482", "price": "0.571", "size": "163.19", "side": "BUY", "hash": "6ab500f679dade71168e9faf78742fc0459daf74", "best_bid": "0.575", "best_ask": "0.828"}, {"asset_id": "107283612200874762627410448315233948227070614640181631187039818267842487558132", "price": "0.429", "size": "163.19", "side": "SELL", "hash": "28834e90b9aa8141544889e46103dfd1d6e9e3db", "best_bid": "0.172", "best_ask": "0.425"}], "timestamp": "1769384006554", "event_type": "price_change"}}
{"_local_timestamp": "2026-01-25T23:33:27.627955+00:00", "data": {"market": "0x339d8be5cb57653a9ee63e07d216543622cdefb45eed81b1680e83887a2d7bc6", "price_changes": [{"asset_id": "49913535691357405888189005795777119729203074497784553050607906527813175648482", "price": "0.571", "size": "133.2", "side": "BUY", "hash": "71e5a25e9b2743a0f073ae4cc62280b6bfdd2b9c", "best_bid": "0.575", "best_ask": "0.828"}, {"asset_id": "107283612200874762627410448315233948227070614640181631187039818267842487558132", "price": "0.429", "size": "133.2", "side": "SELL", "hash": "07b115db45747b82d27a106cb596f90b476169f2", "best_bid": "0.172", "best_ask": "0.425"}], "timestamp": "1769384007556", "event_type": "price_change"}}
{"_local_timestamp": "2026-01-25T23:33:27.660686+00:00", "data": {"market": "0x339d8be5cb57653a9ee63e07d216543622cdefb45eed81b1680e83887a2d7bc6", "price_changes": [{"asset_id": "107283612200874762627410448315233948227070614640181631187039818267842487558132", "price": "0.425", "size": "0", "side": "SELL", "hash": "c781164c407108cc6ff41c9ad6cbabc415245840", "best_bid": "0.172", "best_ask": "0.427"}, {"asset_id": "49913535691357405888189005795777119729203074497784553050607906527813175648482", "price": "0.575", "size": "0", "side": "BUY", "hash": "1699496c672035fac24722c77433ffdb7463a8cd", "best_bid": "0.573", "best_ask": "0.828"}], "timestamp": "1769384007589", "event_type": "price_change"}}
{"_local_timestamp": "2026-01-25T23:33:27.695381+00:00", "data": {"market": "0x339d8be5cb57653a9ee63e07d216543622cdefb45eed81b1680e83887a2d7bc6", "price_changes": [{"asset_id": "49913535691357405888189005795777119729203074497784553050607906527813175648482", "price": "0.575", "size": "29.99", "side": "BUY", "hash": "8b5fbf014389fe1c00a9e16c7b6222be979174be", "best_bid": "0.575", "best_ask": "0.828"}, {"asset_id": "107283612200874762627410448315233948227070614640181631187039818267842487558132", "price": "0.425", "size": "29.99", "side": "SELL", "hash": "5cfbba29989f43325dfc52c43958405fbf1bf99d", "best_bid": "0.172", "best_ask": "0.425"}], "timestamp": "1769384007610", "event_type": "price_change"}}
{"_local_timestamp": "2026-01-25T23:33:27.711876+00:00", "data": {"market": "0x339d8be5cb57653a9ee63e07d216543622cdefb45eed81b1680e83887a2d7bc6", "price_changes": [{"asset_id": "107283612200874762627410448315233948227070614640181631187039818267842487558132", "price": "0.426", "size": "74", "side": "SELL", "hash": "2a97d863b8b89264a14b3435a336ca1cc865df1b", "best_bid": "0.172", "best_ask": "0.425"}, {"asset_id": "49913535691357405888189005795777119729203074497784553050607906527813175648482", "price": "0.574", "size": "74", "side": "BUY", "hash": "fe033b01df72186ffa340e5860dd24184a52a17d", "best_bid": "0.575", "best_ask": "0.828"}], "timestamp": "1769384007616", "event_type": "price_change"}}
{"_local_timestamp": "2026-01-25T23:33:28.773709+00:00", "data": {"market": "0x339d8be5cb57653a9ee63e07d216543622cdefb45eed81b1680e83887a2d7bc6", "price_changes": [{"asset_id": "107283612200874762627410448315233948227070614640181631187039818267842487558132", "price": "0.426", "size": "0", "side": "SELL", "hash": "7d376a4dfa873261fb0d06e97acc04dd3ed0b301", "best_bid": "0.172", "best_ask": "0.425"}, {"asset_id": "49913535691357405888189005795777119729203074497784553050607906527813175648482", "price": "0.574", "size": "0", "side": "BUY", "hash": "1fc92785b7d055606b74f94a38d8d97beb158073", "best_bid": "0.575", "best_ask": "0.828"}], "timestamp": "1769384008706", "event_type": "price_change"}}
{"_local_timestamp": "2026-01-25T23:33:29.593086+00:00", "data": {"market": "0x339d8be5cb57653a9ee63e07d216543622cdefb45eed81b1680e83887a2d7bc6", "price_changes": [{"asset_id": "49913535691357405888189005795777119729203074497784553050607906527813175648482", "price": "0.575", "size": "0", "side": "BUY", "hash": "95b18637c03406fd00a93f49ac0fdb495380a0a2", "best_bid": "0.573", "best_ask": "0.828"}, {"asset_id": "107283612200874762627410448315233948227070614640181631187039818267842487558132", "price": "0.425", "size": "0", "side": "SELL", "hash": "9abf0d47a7721acc9ec06f1b24f5ac81269964d2", "best_bid": "0.172", "best_ask": "0.427"}], "timestamp": "1769384009528", "event_type": "price_change"}}
{"_local_timestamp": "2026-01-25T23:33:29.619744+00:00", "data": {"market": "0x339d8be5cb57653a9ee63e07d216543622cdefb45eed81b1680e83887a2d7bc6", "price_changes": [{"asset_id": "107283612200874762627410448315233948227070614640181631187039818267842487558132", "price": "0.424", "size": "70", "side": "SELL", "hash": "8c45c666dbb6e1103eb69365c1547f1932788b63", "best_bid": "0.172", "best_ask": "0.424"}, {"asset_id": "49913535691357405888189005795777119729203074497784553050607906527813175648482", "price": "0.576", "size": "70", "side": "BUY", "hash": "4e52aeb38bbac0441b5941788053681266f044be", "best_bid": "0.576", "best_ask": "0.828"}], "timestamp": "1769384009553", "event_type": "price_change"}}
{"_local_timestamp": "2026-01-25T23:33:29.635695+00:00", "data": {"market": "0x339d8be5cb57653a9ee63e07d216543622cdefb45eed81b1680e83887a2d7bc6", "price_changes": [{"asset_id": "49913535691357405888189005795777119729203074497784553050607906527813175648482", "price": "0.571", "size": "163.19", "side": "BUY", "hash": "5ff5e4abc7dc8f6631b1901818d31ffe75c42741", "best_bid": "0.576", "best_ask": "0.828"}, {"asset_id": "107283612200874762627410448315233948227070614640181631187039818267842487558132", "price": "0.429", "size": "163.19", "side": "SELL", "hash": "a523c587cd511e3b1a8c1b4175d10803623da68e", "best_bid": "0.172", "best_ask": "0.424"}], "timestamp": "1769384009570", "event_type": "price_change"}}
{"_local_timestamp": "2026-01-25T23:33:30.778609+00:00", "data": {"market": "0x339d8be5cb57653a9ee63e07d216543622cdefb45eed81b1680e83887a2d7bc6", "price_changes": [{"asset_id": "107283612200874762627410448315233948227070614640181631187039818267842487558132", "price": "0.424", "size": "0", "side": "SELL", "hash": "37eba0197227198b248e78c72a9ad84b40eef5d6", "best_bid": "0.172", "best_ask": "0.427"}, {"asset_id": "49913535691357405888189005795777119729203074497784553050607906527813175648482", "price": "0.576", "size": "0", "side": "BUY", "hash": "365b77807e8ecb15802a4950e847fa6a48d85ea1", "best_bid": "0.573", "best_ask": "0.828"}], "timestamp": "1769384010705", "event_type": "price_change"}}
{"_local_timestamp": "2026-01-25T23:33:30.802883+00:00", "data": {"market": "0x339d8be5cb57653a9ee63e07d216543622cdefb45eed81b1680e83887a2d7bc6", "price_changes": [{"asset_id": "107283612200874762627410448315233948227070614640181631187039818267842487558132", "price": "0.426", "size": "75", "side": "SELL", "hash": "3943893eaf23fbb1e5b89f3a15d0be6eb546498c", "best_bid": "0.172", "best_ask": "0.426"}, {"asset_id": "49913535691357405888189005795777119729203074497784553050607906527813175648482", "price": "0.574", "size": "75", "side": "BUY", "hash": "2442bd7f1f31a7360162c63f9190ad8d9973253b", "best_bid": "0.574", "best_ask": "0.828"}], "timestamp": "1769384010734", "event_type": "price_change"}}
{"_local_timestamp": "2026-01-25T23:33:31.156764+00:00", "data": {"market": "0x339d8be5cb57653a9ee63e07d216543622cdefb45eed81b1680e83887a2d7bc6", "price_changes": [{"asset_id": "49913535691357405888189005795777119729203074497784553050607906527813175648482", "price": "0.571", "size": "133.2", "side": "BUY", "hash": "2593730f277ead6d9bc033b769164dea370f0688", "best_bid": "0.574", "best_ask": "0.828"}, {"asset_id": "107283612200874762627410448315233948227070614640181631187039818267842487558132", "price": "0.429", "size": "133.2", "side": "SELL", "hash": "60854c6df244b3f0210a90af3e854fbb4996a76c", "best_bid": "0.172", "best_ask": "0.426"}], "timestamp": "1769384011057", "event_type": "price_change"}}
{"_local_timestamp": "2026-01-25T23:33:31.166948+00:00", "data": {"market": "0x339d8be5cb57653a9ee63e07d216543622cdefb45eed81b1680e83887a2d7bc6", "price_changes": [{"asset_id": "49913535691357405888189005795777119729203074497784553050607906527813175648482", "price": "0.576", "size": "29.99", "side": "BUY", "hash": "3a15739bf68808b9044124c71297289b566ac8d5", "best_bid": "0.576", "best_ask": "0.828"}, {"asset_id": "107283612200874762627410448315233948227070614640181631187039818267842487558132", "price": "0.424", "size": "29.99", "side": "SELL", "hash": "6881f568c6c654c9bd30c2e4243a08bc311f286a", "best_bid": "0.172", "best_ask": "0.424"}], "timestamp": "1769384011091", "event_type": "price_change"}}
{"_local_timestamp": "2026-01-25T23:33:32.278420+00:00", "data": {"market": "0x339d8be5cb57653a9ee63e07d216543622cdefb45eed81b1680e83887a2d7bc6", "price_changes": [{"asset_id": "107283612200874762627410448315233948227070614640181631187039818267842487558132", "price": "0.426", "size": "0", "side": "SELL", "hash": "35edf08290dc8b517f03ce35f42c1663e41f342e", "best_bid": "0.172", "best_ask": "0.424"}, {"asset_id": "49913535691357405888189005795777119729203074497784553050607906527813175648482", "price": "0.574", "size": "0", "side": "BUY", "hash": "0ea415b7d39376c43040dbbd79bb7f92e56d0308", "best_bid": "0.576", "best_ask": "0.828"}], "timestamp": "1769384012203", "event_type": "price_change"}}
{"_local_timestamp": "2026-01-25T23:33:32.722338+00:00", "data": {"market": "0x339d8be5cb57653a9ee63e07d216543622cdefb45eed81b1680e83887a2d7bc6", "price_changes": [{"asset_id": "49913535691357405888189005795777119729203074497784553050607906527813175648482", "price": "0.576", "size": "0", "side": "BUY", "hash": "9091b7e0bd66833525cc5786899b2a173ba49c72", "best_bid": "0.573", "best_ask": "0.828"}, {"asset_id": "107283612200874762627410448315233948227070614640181631187039818267842487558132", "price": "0.424", "size": "0", "side": "SELL", "hash": "bd7cef809decc3099abe677c8d6137b2d6a30c98", "best_bid": "0.172", "best_ask": "0.427"}], "timestamp": "1769384012654", "event_type": "price_change"}}
{"_local_timestamp": "2026-01-25T23:33:32.771741+00:00", "data": {"market": "0x339d8be5cb57653a9ee63e07d216543622cdefb45eed81b1680e83887a2d7bc6", "price_changes": [{"asset_id": "49913535691357405888189005795777119729203074497784553050607906527813175648482", "price": "0.574", "size": "29.99", "side": "BUY", "hash": "3bebb86830f9fc24c78817482e2d79320a601db4", "best_bid": "0.574", "best_ask": "0.828"}, {"asset_id": "107283612200874762627410448315233948227070614640181631187039818267842487558132", "price": "0.426", "size": "29.99", "side": "SELL", "hash": "b62647d5107b2a587abe62d4550d08d0616eb040", "best_bid": "0.172", "best_ask": "0.426"}], "timestamp": "1769384012700", "event_type": "price_change"}}
{"_local_timestamp": "2026-01-25T23:33:33.372181+00:00", "data": {"market": "0x339d8be5cb57653a9ee63e07d216543622cdefb45eed81b1680e83887a2d7bc6", "price_changes": [{"asset_id": "49913535691357405888189005795777119729203074497784553050607906527813175648482", "price": "0.27", "size": "0", "side": "BUY", "hash": "ea0adca3ea7d5c84cebc842655051c9c45bd25cd", "best_bid": "0.574", "best_ask": "0.828"}, {"asset_id": "107283612200874762627410448315233948227070614640181631187039818267842487558132", "price": "0.73", "size": "0", "side": "SELL", "hash": "3cb13de001fc12e66e3264e6a43c8216e8ddff3e", "best_bid": "0.172", "best_ask": "0.426"}], "timestamp": "1769384013160", "event_type": "price_change"}}
{"_local_timestamp": "2026-01-25T23:33:33.749308+00:00", "data": {"market": "0x339d8be5cb57653a9ee63e07d216543622cdefb45eed81b1680e83887a2d7bc6", "price_changes": [{"asset_id": "49913535691357405888189005795777119729203074497784553050607906527813175648482", "price": "0.574", "size": "0", "side": "BUY", "hash": "18a24cfe895463b0ef9f27ade5381e43abf308b8", "best_bid": "0.573", "best_ask": "0.828"}, {"asset_id": "107283612200874762627410448315233948227070614640181631187039818267842487558132", "price": "0.426", "size": "0", "side": "SELL", "hash": "c8f0ca798da022279e24ba1816074753f5f43d5d", "best_bid": "0.172", "best_ask": "0.427"}], "timestamp": "1769384013668", "event_type": "price_change"}}
{"_local_timestamp": "2026-01-25T23:33:33.787930+00:00", "data": {"market": "0x339d8be5cb57653a9ee63e07d216543622cdefb45eed81b1680e83887a2d7bc6", "price_changes": [{"asset_id": "49913535691357405888189005795777119729203074497784553050607906527813175648482", "price": "0.571", "size": "163.19", "side": "BUY", "hash": "8f36de450af9749c498f89be6dc02e2b9387425c", "best_bid": "0.573", "best_ask": "0.828"}, {"asset_id": "107283612200874762627410448315233948227070614640181631187039818267842487558132", "price": "0.429", "size": "163.19", "side": "SELL", "hash": "f3d0572cfb49c5b2c411d7c5784a095de66b59ec", "best_bid": "0.172", "best_ask": "0.427"}], "timestamp": "1769384013712", "event_type": "price_change"}}
{"_local_timestamp": "2026-01-25T23:33:34.320124+00:00", "data": {"market": "0x339d8be5cb57653a9ee63e07d216543622cdefb45eed81b1680e83887a2d7bc6", "price_changes": [{"asset_id": "49913535691357405888189005795777119729203074497784553050607906527813175648482", "price": "0.571", "size": "133.2", "side": "BUY", "hash": "d6c68db72d4a91626658d3a2625de989e7729d92", "best_bid": "0.573", "best_ask": "0.828"}, {"asset_id": "107283612200874762627410448315233948227070614640181631187039818267842487558132", "price": "0.429", "size": "133.2", "side": "SELL", "hash": "41ec15dc1c8ad26c2103ada65c14e5e6a105e7c4", "best_bid": "0.172", "best_ask": "0.427"}], "timestamp": "1769384014246", "event_type": "price_change"}}
{"_local_timestamp": "2026-01-25T23:33:38.197029+00:00", "data": {"market": "0x339d8be5cb57653a9ee63e07d216543622cdefb45eed81b1680e83887a2d7bc6", "price_changes": [{"asset_id": "49913535691357405888189005795777119729203074497784553050607906527813175648482", "price": "0.831", "size": "0", "side": "SELL", "hash": "06144df50fd2870668efb7569eadaf7a4c751498", "best_bid": "0.573", "best_ask": "0.828"}, {"asset_id": "107283612200874762627410448315233948227070614640181631187039818267842487558132", "price": "0.169", "size": "0", "side": "BUY", "hash": "3fc2f26f74b8267b5708851f2db4edecf698a07a", "best_bid": "0.172", "best_ask": "0.427"}], "timestamp": "1769384018107", "event_type": "price_change"}}
{"_local_timestamp": "2026-01-25T23:33:40.348663+00:00", "data": {"market": "0x339d8be5cb57653a9ee63e07d216543622cdefb45eed81b1680e83887a2d7bc6", "price_changes": [{"asset_id": "49913535691357405888189005795777119729203074497784553050607906527813175648482", "price": "0.134", "size": "1394", "side": "BUY", "hash": "20bfb8cbce801534f08054d68db1238882ec33c4", "best_bid": "0.573", "best_ask": "0.828"}, {"asset_id": "107283612200874762627410448315233948227070614640181631187039818267842487558132", "price": "0.866", "size": "1394", "side": "SELL", "hash": "7721b7bf1362cc4cf2a1a236b82b69cddb93dac3", "best_bid": "0.172", "best_ask": "0.427"}], "timestamp": "1769384020105", "event_type": "price_change"}}
{"_local_timestamp": "2026-01-25T23:33:40.352369+00:00", "data": {"market": "0x339d8be5cb57653a9ee63e07d216543622cdefb45eed81b1680e83887a2d7bc6", "price_changes": [{"asset_id": "49913535691357405888189005795777119729203074497784553050607906527813175648482", "price": "0.21", "size": "0", "side": "BUY", "hash": "20bfb8cbce801534f08054d68db1238882ec33c4", "best_bid": "0.573", "best_ask": "0.828"}, {"asset_id": "107283612200874762627410448315233948227070614640181631187039818267842487558132", "price": "0.79", "size": "0", "side": "SELL", "hash": "7721b7bf1362cc4cf2a1a236b82b69cddb93dac3", "best_bid": "0.172", "best_ask": "0.427"}], "timestamp": "1769384020105", "event_type": "price_change"}}
{"_local_timestamp": "2026-01-25T23:33:40.598895+00:00", "data": {"market": "0x339d8be5cb57653a9ee63e07d216543622cdefb45eed81b1680e83887a2d7bc6", "price_changes": [{"asset_id": "49913535691357405888189005795777119729203074497784553050607906527813175648482", "price": "0.261", "size": "150", "side": "BUY", "hash": "6a424ca3b663453948a83e3e30b1a98cc3e20085", "best_bid": "0.573", "best_ask": "0.828"}, {"asset_id": "107283612200874762627410448315233948227070614640181631187039818267842487558132", "price": "0.739", "size": "150", "side": "SELL", "hash": "55e3742cd7f18f523f63a2529ec71bb7522fac5f", "best_bid": "0.172", "best_ask": "0.427"}], "timestamp": "1769384020522", "event_type": "price_change"}}
{"_local_timestamp": "2026-01-25T23:33:40.609385+00:00", "data": {"market": "0x339d8be5cb57653a9ee63e07d216543622cdefb45eed81b1680e83887a2d7bc6", "price_changes": [{"asset_id": "49913535691357405888189005795777119729203074497784553050607906527813175648482", "price": "0.135", "size": "3235", "side": "BUY", "hash": "faa3e2f3ba19b36a2c16bd08e20a1241cea4e916", "best_bid": "0.573", "best_ask": "0.828"}, {"asset_id": "107283612200874762627410448315233948227070614640181631187039818267842487558132", "price": "0.865", "size": "3235", "side": "SELL", "hash": "d1fc9fc1a4c83153f38b6e64a2ca8026c9fba4b2", "best_bid": "0.172", "best_ask": "0.427"}], "timestamp": "1769384020525", "event_type": "price_change"}}
{"_local_timestamp": "2026-01-25T23:33:50.014660+00:00", "data": {"market": "0x339d8be5cb57653a9ee63e07d216543622cdefb45eed81b1680e83887a2d7bc6", "price_changes": [{"asset_id": "49913535691357405888189005795777119729203074497784553050607906527813175648482", "price": "0.829", "size": "123.64", "side": "SELL", "hash": "1acae3abfeed5cb8646689b48c2afc69e4283e19", "best_bid": "0.573", "best_ask": "0.828"}, {"asset_id": "107283612200874762627410448315233948227070614640181631187039818267842487558132", "price": "0.171", "size": "123.64", "side": "BUY", "hash": "ca2dd2d06cbba6c292ab347ece0351809a90a27b", "best_bid": "0.172", "best_ask": "0.427"}], "timestamp": "1769384029932", "event_type": "price_change"}}
{"_local_timestamp": "2026-01-25T23:33:51.420499+00:00", "data": {"market": "0x339d8be5cb57653a9ee63e07d216543622cdefb45eed81b1680e83887a2d7bc6", "price_changes": [{"asset_id": "49913535691357405888189005795777119729203074497784553050607906527813175648482", "price": "0.571", "size": "66.66", "side": "BUY", "hash": "3f6a6dd1ce77b079d97657b6b06c91e4722dbe69", "best_bid": "0.573", "best_ask": "0.828"}, {"asset_id": "107283612200874762627410448315233948227070614640181631187039818267842487558132", "price": "0.429", "size": "66.66", "side": "SELL", "hash": "bd585fbb533c0f6b7e37c61604f3da3d0eb6acfa", "best_bid": "0.172", "best_ask": "0.427"}], "timestamp": "1769384031349", "event_type": "price_change"}}
{"_local_timestamp": "2026-01-25T23:34:10.947792+00:00", "data": {"market": "0x339d8be5cb57653a9ee63e07d216543622cdefb45eed81b1680e83887a2d7bc6", "price_changes": [{"asset_id": "49913535691357405888189005795777119729203074497784553050607906527813175648482", "price": "0.571", "size": "0", "side": "BUY", "hash": "a498daec202321ee2d1037aa2e511f5799c5b7e9", "best_bid": "0.573", "best_ask": "0.828"}, {"asset_id": "107283612200874762627410448315233948227070614640181631187039818267842487558132", "price": "0.429", "size": "0", "side": "SELL", "hash": "e8475e5ac64bede7e2a36d119ce150d8326641c4", "best_bid": "0.172", "best_ask": "0.427"}], "timestamp": "1769384050879", "event_type": "price_change"}}
{"_local_timestamp": "2026-01-25T23:34:10.948835+00:00", "data": {"market": "0x339d8be5cb57653a9ee63e07d216543622cdefb45eed81b1680e83887a2d7bc6", "price_changes": [{"asset_id": "49913535691357405888189005795777119729203074497784553050607906527813175648482", "price": "0.487", "size": "0", "side": "BUY", "hash": "a498daec202321ee2d1037aa2e511f5799c5b7e9", "best_bid": "0.573", "best_ask": "0.828"}, {"asset_id": "107283612200874762627410448315233948227070614640181631187039818267842487558132", "price": "0.513", "size": "0", "side": "SELL", "hash": "e8475e5ac64bede7e2a36d119ce150d8326641c4", "best_bid": "0.172", "best_ask": "0.427"}], "timestamp": "1769384050879", "event_type": "price_change"}}
{"_local_timestamp": "2026-01-25T23:34:10.949251+00:00", "data": {"market": "0x339d8be5cb57653a9ee63e07d216543622cdefb45eed81b1680e83887a2d7bc6", "price_changes": [{"asset_id": "49913535691357405888189005795777119729203074497784553050607906527813175648482", "price": "0.402", "size": "0", "side": "BUY", "hash": "a498daec202321ee2d1037aa2e511f5799c5b7e9", "best_bid": "0.573", "best_ask": "0.828"}, {"asset_id": "107283612200874762627410448315233948227070614640181631187039818267842487558132", "price": "0.598", "size": "0", "side": "SELL", "hash": "e8475e5ac64bede7e2a36d119ce150d8326641c4", "best_bid": "0.172", "best_ask": "0.427"}], "timestamp": "1769384050879", "event_type": "price_change"}}
{"_local_timestamp": "2026-01-25T23:34:11.680504+00:00", "data": {"market": "0x339d8be5cb57653a9ee63e07d216543622cdefb45eed81b1680e83887a2d7bc6", "price_changes": [{"asset_id": "49913535691357405888189005795777119729203074497784553050607906527813175648482", "price": "0.401", "size": "190.69", "side": "BUY", "hash": "74031869b11262e99ffb5308bde547f14a031cd1", "best_bid": "0.573", "best_ask": "0.828"}, {"asset_id": "107283612200874762627410448315233948227070614640181631187039818267842487558132", "price": "0.599", "size": "190.69", "side": "SELL", "hash": "83737bf55b938bc524c0e8e2868f3b8f096078c5", "best_bid": "0.172", "best_ask": "0.427"}], "timestamp": "1769384051612", "event_type": "price_change"}}
{"_local_timestamp": "2026-01-25T23:34:11.714163+00:00", "data": {"market": "0x339d8be5cb57653a9ee63e07d216543622cdefb45eed81b1680e83887a2d7bc6", "price_changes": [{"asset_id": "49913535691357405888189005795777119729203074497784553050607906527813175648482", "price": "0.487", "size": "100", "side": "BUY", "hash": "7cb753fcb0c5b7888c8e565d23c2f7435714fa9a", "best_bid": "0.573", "best_ask": "0.828"}, {"asset_id": "107283612200874762627410448315233948227070614640181631187039818267842487558132", "price": "0.513", "size": "100", "side": "SELL", "hash": "c6fa88f91837b72c85abdcaae80ff4b6546b4f8b", "best_bid": "0.172", "best_ask": "0.427"}], "timestamp": "1769384051648", "event_type": "price_change"}}
{"_local_timestamp": "2026-01-25T23:34:25.049734+00:00", "data": {"market": "0x339d8be5cb57653a9ee63e07d216543622cdefb45eed81b1680e83887a2d7bc6", "price_changes": [{"asset_id": "49913535691357405888189005795777119729203074497784553050607906527813175648482", "price": "0.183", "size": "300", "side": "BUY", "hash": "f34cbe46b73146e903a045c7bea15d2ad1166e17", "best_bid": "0.573", "best_ask": "0.828"}, {"asset_id": "107283612200874762627410448315233948227070614640181631187039818267842487558132", "price": "0.817", "size": "300", "side": "SELL", "hash": "302c4970c6ff76bf1c7da34916b87aae81791f7f", "best_bid": "0.172", "best_ask": "0.427"}], "timestamp": "1769384064985", "event_type": "price_change"}}
{"_local_timestamp": "2026-01-25T23:34:25.272864+00:00", "data": {"market": "0x339d8be5cb57653a9ee63e07d216543622cdefb45eed81b1680e83887a2d7bc6", "price_changes": [{"asset_id": "49913535691357405888189005795777119729203074497784553050607906527813175648482", "price": "0.021", "size": "7153", "side": "BUY", "hash": "e89f3e31c46ab364ec0062e5d97fddd19b552509", "best_bid": "0.573", "best_ask": "0.828"}, {"asset_id": "107283612200874762627410448315233948227070614640181631187039818267842487558132", "price": "0.979", "size": "7153", "side": "SELL", "hash": "25882ca8cd49b3eb97c0212bbe33a9753ba8f90b", "best_bid": "0.172", "best_ask": "0.427"}], "timestamp": "1769384065195", "event_type": "price_change"}}
{"_local_timestamp": "2026-01-25T23:34:25.565146+00:00", "data": {"market": "0x339d8be5cb57653a9ee63e07d216543622cdefb45eed81b1680e83887a2d7bc6", "price_changes": [{"asset_id": "107283612200874762627410448315233948227070614640181631187039818267842487558132", "price": "0.007", "size": "0", "side": "BUY", "hash": "719aa18ce1d89454e2a64a8abea43bf2aec93a21", "best_bid": "0.172", "best_ask": "0.427"}, {"asset_id": "49913535691357405888189005795777119729203074497784553050607906527813175648482", "price": "0.993", "size": "0", "side": "SELL", "hash": "b401657c021fc412041d8f56bfdaf2c48e021d86", "best_bid": "0.573", "best_ask": "0.828"}], "timestamp": "1769384065499", "event_type": "price_change"}}
{"_local_timestamp": "2026-01-25T23:34:25.786091+00:00", "data": {"market": "0x339d8be5cb57653a9ee63e07d216543622cdefb45eed81b1680e83887a2d7bc6", "price_changes": [{"asset_id": "107283612200874762627410448315233948227070614640181631187039818267842487558132", "price": "0.007", "size": "8613", "side": "BUY", "hash": "0f8fbd5b744ecd64dcafa9c055bba0419fb64377", "best_bid": "0.172", "best_ask": "0.427"}, {"asset_id": "49913535691357405888189005795777119729203074497784553050607906527813175648482", "price": "0.993", "size": "8613", "side": "SELL", "hash": "e1744a5ad629869f3a76cc8b5dcace42fb8c88d7", "best_bid": "0.573", "best_ask": "0.828"}], "timestamp": "1769384065705", "event_type": "price_change"}}
{"_local_timestamp": "2026-01-25T23:34:27.884474+00:00", "data": {"market": "0x339d8be5cb57653a9ee63e07d216543622cdefb45eed81b1680e83887a2d7bc6", "price_changes": [{"asset_id": "49913535691357405888189005795777119729203074497784553050607906527813175648482", "price": "0.134", "size": "1194", "side": "BUY", "hash": "ae7d32f5f43d8f9dfb995d106fb6957d350707ef", "best_bid": "0.573", "best_ask": "0.828"}, {"asset_id": "107283612200874762627410448315233948227070614640181631187039818267842487558132", "price": "0.866", "size": "1194", "side": "SELL", "hash": "b274cbec867659cc26c5d2104d9f3a7c6a5c5055", "best_bid": "0.172", "best_ask": "0.427"}], "timestamp": "1769384067618", "event_type": "price_change"}}
{"_local_timestamp": "2026-01-25T23:34:27.885485+00:00", "data": {"market": "0x339d8be5cb57653a9ee63e07d216543622cdefb45eed81b1680e83887a2d7bc6", "price_changes": [{"asset_id": "49913535691357405888189005795777119729203074497784553050607906527813175648482", "price": "0.261", "size": "50", "side": "BUY", "hash": "ae7d32f5f43d8f9dfb995d106fb6957d350707ef", "best_bid": "0.573", "best_ask": "0.828"}, {"asset_id": "107283612200874762627410448315233948227070614640181631187039818267842487558132", "price": "0.739", "size": "50", "side": "SELL", "hash": "b274cbec867659cc26c5d2104d9f3a7c6a5c5055", "best_bid": "0.172", "best_ask": "0.427"}], "timestamp": "1769384067618", "event_type": "price_change"}}
{"_local_timestamp": "2026-01-25T23:34:27.885927+00:00", "data": {"market": "0x339d8be5cb57653a9ee63e07d216543622cdefb45eed81b1680e83887a2d7bc6", "price_changes": [{"asset_id": "49913535691357405888189005795777119729203074497784553050607906527813175648482", "price": "0.083", "size": "0", "side": "BUY", "hash": "ae7d32f5f43d8f9dfb995d106fb6957d350707ef", "best_bid": "0.573", "best_ask": "0.828"}, {"asset_id": "107283612200874762627410448315233948227070614640181631187039818267842487558132", "price": "0.917", "size": "0", "side": "SELL", "hash": "b274cbec867659cc26c5d2104d9f3a7c6a5c5055", "best_bid": "0.172", "best_ask": "0.427"}], "timestamp": "1769384067618", "event_type": "price_change"}}
{"_local_timestamp": "2026-01-25T23:34:28.636043+00:00", "data": {"market": "0x339d8be5cb57653a9ee63e07d216543622cdefb45eed81b1680e83887a2d7bc6", "price_changes": [{"asset_id": "49913535691357405888189005795777119729203074497784553050607906527813175648482", "price": "0.082", "size": "2650", "side": "BUY", "hash": "caca8ac02da6153023390765cb26c951d762590c", "best_bid": "0.573", "best_ask": "0.828"}, {"asset_id": "107283612200874762627410448315233948227070614640181631187039818267842487558132", "price": "0.918", "size": "2650", "side": "SELL", "hash": "44c600fb1f20489c577a274e7a2764709f59a6a1", "best_bid": "0.172", "best_ask": "0.427"}], "timestamp": "1769384068158", "event_type": "price_change"}}
{"_local_timestamp": "2026-01-25T23:34:28.724110+00:00", "data": {"market": "0x339d8be5cb57653a9ee63e07d216543622cdefb45eed81b1680e83887a2d7bc6", "price_changes": [{"asset_id": "49913535691357405888189005795777119729203074497784553050607906527813175648482", "price": "0.135", "size": "3435", "side": "BUY", "hash": "42e03d07655d8a67a330696ad7e8195380a5e3bc", "best_bid": "0.573", "best_ask": "0.828"}, {"asset_id": "107283612200874762627410448315233948227070614640181631187039818267842487558132", "price": "0.865", "size": "3435", "side": "SELL", "hash": "079156ff3bbd6e828fe379879febcb3ae3908d0d", "best_bid": "0.172", "best_ask": "0.427"}], "timestamp": "1769384068230", "event_type": "price_change"}}
{"_local_timestamp": "2026-01-25T23:34:36.284028+00:00", "data": {"market": "0x339d8be5cb57653a9ee63e07d216543622cdefb45eed81b1680e83887a2d7bc6", "price_changes": [{"asset_id": "107283612200874762627410448315233948227070614640181631187039818267842487558132", "price": "0.426", "size": "185", "side": "SELL", "hash": "9e720d483b993aa14ae11ffa53c592056355e79b", "best_bid": "0.172", "best_ask": "0.426"}, {"asset_id": "49913535691357405888189005795777119729203074497784553050607906527813175648482", "price": "0.574", "size": "185", "side": "BUY", "hash": "1aa78602d400713a5b3b97bb8bc64b957321dba2", "best_bid": "0.574", "best_ask": "0.828"}], "timestamp": "1769384076206", "event_type": "price_change"}}
{"_local_timestamp": "2026-01-25T23:34:41.583908+00:00", "data": {"market": "0x339d8be5cb57653a9ee63e07d216543622cdefb45eed81b1680e83887a2d7bc6", "price_changes": [{"asset_id": "49913535691357405888189005795777119729203074497784553050607906527813175648482", "price": "0.573", "size": "0", "side": "BUY", "hash": "5a8c7868af7049fdf4c47b2c9dc530fd8affaec3", "best_bid": "0.574", "best_ask": "0.828"}, {"asset_id": "107283612200874762627410448315233948227070614640181631187039818267842487558132", "price": "0.427", "size": "0", "side": "SELL", "hash": "76a04e100d963e9469a294675b128012fd12d49f", "best_bid": "0.172", "best_ask": "0.426"}], "timestamp": "1769384081422", "event_type": "price_change"}}
{"_local_timestamp": "2026-01-25T23:34:48.544869+00:00", "data": {"market": "0x339d8be5cb57653a9ee63e07d216543622cdefb45eed81b1680e83887a2d7bc6", "price_changes": [{"asset_id": "49913535691357405888189005795777119729203074497784553050607906527813175648482", "price": "0.02", "size": "1400", "side": "BUY", "hash": "61aefa60335df8995ee9976cf6f294943e8d73ba", "best_bid": "0.574", "best_ask": "0.828"}, {"asset_id": "107283612200874762627410448315233948227070614640181631187039818267842487558132", "price": "0.98", "size": "1400", "side": "SELL", "hash": "defc376f94ee6578ce6afaac377f60526de5144c", "best_bid": "0.172", "best_ask": "0.426"}], "timestamp": "1769384088478", "event_type": "price_change"}}
{"_local_timestamp": "2026-01-25T23:34:48.545604+00:00", "data": {"market": "0x339d8be5cb57653a9ee63e07d216543622cdefb45eed81b1680e83887a2d7bc6", "price_changes": [{"asset_id": "49913535691357405888189005795777119729203074497784553050607906527813175648482", "price": "0.183", "size": "250", "side": "BUY", "hash": "61aefa60335df8995ee9976cf6f294943e8d73ba", "best_bid": "0.574", "best_ask": "0.828"}, {"asset_id": "107283612200874762627410448315233948227070614640181631187039818267842487558132", "price": "0.817", "size": "250", "side": "SELL", "hash": "defc376f94ee6578ce6afaac377f60526de5144c", "best_bid": "0.172", "best_ask": "0.426"}], "timestamp": "1769384088478", "event_type": "price_change"}}
{"_local_timestamp": "2026-01-25T23:34:48.564865+00:00", "data": {"market": "0x339d8be5cb57653a9ee63e07d216543622cdefb45eed81b1680e83887a2d7bc6", "price_changes": [{"asset_id": "107283612200874762627410448315233948227070614640181631187039818267842487558132", "price": "0.426", "size": "0", "side": "SELL", "hash": "5871b6238fbbc3f1a94e87437881bb14fd669acc", "best_bid": "0.172", "best_ask": "0.432"}, {"asset_id": "49913535691357405888189005795777119729203074497784553050607906527813175648482", "price": "0.574", "size": "0", "side": "BUY", "hash": "b0ec970d9531786cdb5185c7a9abfd6575f24910", "best_bid": "0.568", "best_ask": "0.828"}], "timestamp": "1769384088502", "event_type": "price_change"}}
{"_local_timestamp": "2026-01-25T23:34:48.593770+00:00", "data": {"market": "0x339d8be5cb57653a9ee63e07d216543622cdefb45eed81b1680e83887a2d7bc6", "price_changes": [{"asset_id": "107283612200874762627410448315233948227070614640181631187039818267842487558132", "price": "0.431", "size": "267", "side": "SELL", "hash": "57b1b70a3a2b178cdbf69fd9b8fb49625931b984", "best_bid": "0.172", "best_ask": "0.431"}, {"asset_id": "49913535691357405888189005795777119729203074497784553050607906527813175648482", "price": "0.569", "size": "267", "side": "BUY", "hash": "54cfbc33de0c5bddce94a381e288ad595e91e4a8", "best_bid": "0.569", "best_ask": "0.828"}], "timestamp": "1769384088529", "event_type": "price_change"}}
{"_local_timestamp": "2026-01-25T23:34:48.847284+00:00", "data": {"market": "0x339d8be5cb57653a9ee63e07d216543622cdefb45eed81b1680e83887a2d7bc6", "price_changes": [{"asset_id": "49913535691357405888189005795777119729203074497784553050607906527813175648482", "price": "0.184", "size": "300", "side": "BUY", "hash": "84fb6bd51fe46991d911c5e97383efc0311769e0", "best_bid": "0.569", "best_ask": "0.828"}, {"asset_id": "107283612200874762627410448315233948227070614640181631187039818267842487558132", "price": "0.816", "size": "300", "side": "SELL", "hash": "4da4dbbd52cb74ee22ee7156d00375da358081c0", "best_bid": "0.172", "best_ask": "0.431"}], "timestamp": "1769384088767", "event_type": "price_change"}}
{"_local_timestamp": "2026-01-25T23:34:48.853418+00:00", "data": {"market": "0x339d8be5cb57653a9ee63e07d216543622cdefb45eed81b1680e83887a2d7bc6", "price_changes": [{"asset_id": "49913535691357405888189005795777119729203074497784553050607906527813175648482", "price": "0.021", "size": "7953", "side": "BUY", "hash": "777c0fe58c441126e344e060258e810f9baef97d", "best_bid": "0.569", "best_ask": "0.828"}, {"asset_id": "107283612200874762627410448315233948227070614640181631187039818267842487558132", "price": "0.979", "size": "7953", "side": "SELL", "hash": "ab1fcb9ae51fe682ea9a9ddd6839ecb6e03ffa15", "best_bid": "0.172", "best_ask": "0.431"}], "timestamp": "1769384088774", "event_type": "price_change"}}
{"_local_timestamp": "2026-01-25T23:35:13.604787+00:00", "data": {"market": "0x339d8be5cb57653a9ee63e07d216543622cdefb45eed81b1680e83887a2d7bc6", "price_changes": [{"asset_id": "49913535691357405888189005795777119729203074497784553050607906527813175648482", "price": "0.57", "size": "45", "side": "BUY", "hash": "f40e74e97a44cd6f05e7bf95c5759275b348c572", "best_bid": "0.57", "best_ask": "0.828"}, {"asset_id": "107283612200874762627410448315233948227070614640181631187039818267842487558132", "price": "0.43", "size": "45", "side": "SELL", "hash": "35131f12d5adcdfbf318d7f07b44df3802498add", "best_bid": "0.172", "best_ask": "0.43"}], "timestamp": "1769384113488", "event_type": "price_change"}}
{"_local_timestamp": "2026-01-25T23:35:13.667226+00:00", "data": {"market": "0x339d8be5cb57653a9ee63e07d216543622cdefb45eed81b1680e83887a2d7bc6", "price_changes": [{"asset_id": "107283612200874762627410448315233948227070614640181631187039818267842487558132", "price": "0.431", "size": "0", "side": "SELL", "hash": "075f4c3c611a84846446dbfe9db3e9221c157723", "best_bid": "0.172", "best_ask": "0.43"}, {"asset_id": "49913535691357405888189005795777119729203074497784553050607906527813175648482", "price": "0.569", "size": "0", "side": "BUY", "hash": "f2babe9046a6350109c7b5e047fc08d180f4fed8", "best_bid": "0.57", "best_ask": "0.828"}], "timestamp": "1769384113566", "event_type": "price_change"}}
{"_local_timestamp": "2026-01-25T23:35:13.693975+00:00", "data": {"market": "0x339d8be5cb57653a9ee63e07d216543622cdefb45eed81b1680e83887a2d7bc6", "price_changes": [{"asset_id": "107283612200874762627410448315233948227070614640181631187039818267842487558132", "price": "0.429", "size": "145", "side": "SELL", "hash": "0fe1844a744ecab0d81b4fa0a1e8099249b790bd", "best_bid": "0.172", "best_ask": "0.429"}, {"asset_id": "49913535691357405888189005795777119729203074497784553050607906527813175648482", "price": "0.571", "size": "145", "side": "BUY", "hash": "71fc7df2e9e09991d944977d55eabc2c38414deb", "best_bid": "0.571", "best_ask": "0.828"}], "timestamp": "1769384113593", "event_type": "price_change"}}
{"_local_timestamp": "2026-01-25T23:35:14.345567+00:00", "data": {"market": "0x339d8be5cb57653a9ee63e07d216543622cdefb45eed81b1680e83887a2d7bc6", "price_changes": [{"asset_id": "49913535691357405888189005795777119729203074497784553050607906527813175648482", "price": "0.568", "size": "72.9", "side": "BUY", "hash": "1c196ec34a917a2261e71d6133d77015a5743fe6", "best_bid": "0.571", "best_ask": "0.828"}, {"asset_id": "107283612200874762627410448315233948227070614640181631187039818267842487558132", "price": "0.432", "size": "72.9", "side": "SELL", "hash": "795dcd10e8227eb5adffb4242c7ab602458b95dc", "best_bid": "0.172", "best_ask": "0.429"}], "timestamp": "1769384114271", "event_type": "price_change"}}
{"_local_timestamp": "2026-01-25T23:35:20.125065+00:00", "data": {"market": "0x339d8be5cb57653a9ee63e07d216543622cdefb45eed81b1680e83887a2d7bc6", "price_changes": [{"asset_id": "49913535691357405888189005795777119729203074497784553050607906527813175648482", "price": "0.572", "size": "45", "side": "BUY", "hash": "1ccc4adfa1c0c32d36b3f69da57bb0bb5ab93462", "best_bid": "0.572", "best_ask": "0.828"}, {"asset_id": "107283612200874762627410448315233948227070614640181631187039818267842487558132", "price": "0.428", "size": "45", "side": "SELL", "hash": "40d655b1d9d93d2165b0d080b679011bc5fda0e9", "best_bid": "0.172", "best_ask": "0.428"}], "timestamp": "1769384120058", "event_type": "price_change"}}
{"_local_timestamp": "2026-01-25T23:35:20.158480+00:00", "data": {"market": "0x339d8be5cb57653a9ee63e07d216543622cdefb45eed81b1680e83887a2d7bc6", "price_changes": [{"asset_id": "107283612200874762627410448315233948227070614640181631187039818267842487558132", "price": "0.429", "size": "0", "side": "SELL", "hash": "58cab7f1a8cdf5b31a0b6c6e161ef4f528cb6564", "best_bid": "0.172", "best_ask": "0.428"}, {"asset_id": "49913535691357405888189005795777119729203074497784553050607906527813175648482", "price": "0.571", "size": "0", "side": "BUY", "hash": "45fce5649233a6d9522a867f001343e013728a70", "best_bid": "0.572", "best_ask": "0.828"}], "timestamp": "1769384120088", "event_type": "price_change"}}
{"_local_timestamp": "2026-01-25T23:35:20.186117+00:00", "data": {"market": "0x339d8be5cb57653a9ee63e07d216543622cdefb45eed81b1680e83887a2d7bc6", "price_changes": [{"asset_id": "107283612200874762627410448315233948227070614640181631187039818267842487558132", "price": "0.427", "size": "123", "side": "SELL", "hash": "4cc4463b8e54efc0876bc40dbdb471e48ee85cd9", "best_bid": "0.172", "best_ask": "0.427"}, {"asset_id": "49913535691357405888189005795777119729203074497784553050607906527813175648482", "price": "0.573", "size": "123", "side": "BUY", "hash": "1eab426aebb295882f15475e359fc68a07d4ad8c", "best_bid": "0.573", "best_ask": "0.828"}], "timestamp": "1769384120112", "event_type": "price_change"}}
{"_local_timestamp": "2026-01-25T23:35:20.576035+00:00", "data": {"market": "0x339d8be5cb57653a9ee63e07d216543622cdefb45eed81b1680e83887a2d7bc6", "price_changes": [{"asset_id": "49913535691357405888189005795777119729203074497784553050607906527813175648482", "price": "0.57", "size": "0", "side": "BUY", "hash": "9af13bd413515253bc0aee838cefcda0a5576366", "best_bid": "0.573", "best_ask": "0.828"}, {"asset_id": "107283612200874762627410448315233948227070614640181631187039818267842487558132", "price": "0.43", "size": "0", "side": "SELL", "hash": "66df6fe82f8a9bd05d3a803cf6b2517781d79236", "best_bid": "0.172", "best_ask": "0.427"}], "timestamp": "1769384120505", "event_type": "price_change"}}
{"_local_timestamp": "2026-01-25T23:35:26.664473+00:00", "data": {"market": "0x339d8be5cb57653a9ee63e07d216543622cdefb45eed81b1680e83887a2d7bc6", "price_changes": [{"asset_id": "49913535691357405888189005795777119729203074497784553050607906527813175648482", "price": "0.261", "size": "0", "side": "BUY", "hash": "5a189ff338b02f127123ac8028b1c12833729886", "best_bid": "0.573", "best_ask": "0.828"}, {"asset_id": "107283612200874762627410448315233948227070614640181631187039818267842487558132", "price": "0.739", "size": "0", "side": "SELL", "hash": "3e152fe9e5678689b34f21d94892b8d14bcc5b77", "best_bid": "0.172", "best_ask": "0.427"}], "timestamp": "1769384126562", "event_type": "price_change"}}
{"_local_timestamp": "2026-01-25T23:36:54.557262+00:00", "data": {"market": "0x339d8be5cb57653a9ee63e07d216543622cdefb45eed81b1680e83887a2d7bc6", "price_changes": [{"asset_id": "49913535691357405888189005795777119729203074497784553050607906527813175648482", "price": "0.487", "size": "0", "side": "BUY", "hash": "8f030a370b5d9c1da95b285b83866a9b1536efe6", "best_bid": "0.573", "best_ask": "0.828"}, {"asset_id": "107283612200874762627410448315233948227070614640181631187039818267842487558132", "price": "0.513", "size": "0", "side": "SELL", "hash": "0698c9ed3df3308481d84ad9d5375bee12c14cdb", "best_bid": "0.172", "best_ask": "0.427"}], "timestamp": "1769384214360", "event_type": "price_change"}}
{"_local_timestamp": "2026-01-25T23:36:54.566549+00:00", "data": {"market": "0x339d8be5cb57653a9ee63e07d216543622cdefb45eed81b1680e83887a2d7bc6", "price_changes": [{"asset_id": "49913535691357405888189005795777119729203074497784553050607906527813175648482", "price": "0.401", "size": "90.69", "side": "BUY", "hash": "8f030a370b5d9c1da95b285b83866a9b1536efe6", "best_bid": "0.573", "best_ask": "0.828"}, {"asset_id": "107283612200874762627410448315233948227070614640181631187039818267842487558132", "price": "0.599", "size": "90.69", "side": "SELL", "hash": "0698c9ed3df3308481d84ad9d5375bee12c14cdb", "best_bid": "0.172", "best_ask": "0.427"}], "timestamp": "1769384214360", "event_type": "price_change"}}
{"_local_timestamp": "2026-01-25T23:36:54.593509+00:00", "data": {"market": "0x339d8be5cb57653a9ee63e07d216543622cdefb45eed81b1680e83887a2d7bc6", "price_changes": [{"asset_id": "107283612200874762627410448315233948227070614640181631187039818267842487558132", "price": "0.427", "size": "0", "side": "SELL", "hash": "927d48b10bfccd92b885fdc1c86b806d9269325d", "best_bid": "0.172", "best_ask": "0.428"}, {"asset_id": "49913535691357405888189005795777119729203074497784553050607906527813175648482", "price": "0.573", "size": "0", "side": "BUY", "hash": "2b8bdde49699a1a74c0a6ec50c80eb00ee0cd88f", "best_bid": "0.572", "best_ask": "0.828"}], "timestamp": "1769384214386", "event_type": "price_change"}}
{"_local_timestamp": "2026-01-25T23:36:54.612887+00:00", "data": {"market": "0x339d8be5cb57653a9ee63e07d216543622cdefb45eed81b1680e83887a2d7bc6", "price_changes": [{"asset_id": "107283612200874762627410448315233948227070614640181631187039818267842487558132", "price": "0.427", "size": "294", "side": "SELL", "hash": "cd80f854c9112ba28396fc28ec049b79ad3bdae8", "best_bid": "0.172", "best_ask": "0.427"}, {"asset_id": "49913535691357405888189005795777119729203074497784553050607906527813175648482", "price": "0.573", "size": "294", "side": "BUY", "hash": "5fb8f5d694b23e1b56f580b0dce264f1498d265f", "best_bid": "0.573", "best_ask": "0.828"}], "timestamp": "1769384214411", "event_type": "price_change"}}
{"_local_timestamp": "2026-01-25T23:36:55.272770+00:00", "data": {"market": "0x339d8be5cb57653a9ee63e07d216543622cdefb45eed81b1680e83887a2d7bc6", "price_changes": [{"asset_id": "49913535691357405888189005795777119729203074497784553050607906527813175648482", "price": "0.542", "size": "66.66", "side": "BUY", "hash": "a135c9efe7d6f894269195a7cb4ccb6c7bc9c99d", "best_bid": "0.573", "best_ask": "0.828"}, {"asset_id": "107283612200874762627410448315233948227070614640181631187039818267842487558132", "price": "0.458", "size": "66.66", "side": "SELL", "hash": "24f2918889d15c79a11ade4b90ed5152d6ec2dad", "best_bid": "0.172", "best_ask": "0.427"}], "timestamp": "1769384215017", "event_type": "price_change"}}
{"_local_timestamp": "2026-01-25T23:36:55.294289+00:00", "data": {"market": "0x339d8be5cb57653a9ee63e07d216543622cdefb45eed81b1680e83887a2d7bc6", "price_changes": [{"asset_id": "49913535691357405888189005795777119729203074497784553050607906527813175648482", "price": "0.183", "size": "100", "side": "BUY", "hash": "8c9cb9dbf1193c921c85a03a86d7233dc5d3bcdb", "best_bid": "0.573", "best_ask": "0.828"}, {"asset_id": "107283612200874762627410448315233948227070614640181631187039818267842487558132", "price": "0.817", "size": "100", "side": "SELL", "hash": "37bf87036811ace5dbe45cfb3dbc14f754598669", "best_bid": "0.172", "best_ask": "0.427"}], "timestamp": "1769384215026", "event_type": "price_change"}}
{"_local_timestamp": "2026-01-25T23:36:55.298376+00:00", "data": {"market": "0x339d8be5cb57653a9ee63e07d216543622cdefb45eed81b1680e83887a2d7bc6", "price_changes": [{"asset_id": "49913535691357405888189005795777119729203074497784553050607906527813175648482", "price": "0.511", "size": "72.66", "side": "BUY", "hash": "c7a93533a798f375c02db9a605f0decc502a00c2", "best_bid": "0.573", "best_ask": "0.828"}, {"asset_id": "107283612200874762627410448315233948227070614640181631187039818267842487558132", "price": "0.489", "size": "72.66", "side": "SELL", "hash": "c9115f7b03d32bc52b8c8d037978106f61b7647d", "best_bid": "0.172", "best_ask": "0.427"}], "timestamp": "1769384215028", "event_type": "price_change"}}
{"_local_timestamp": "2026-01-25T23:36:55.317361+00:00", "data": {"market": "0x339d8be5cb57653a9ee63e07d216543622cdefb45eed81b1680e83887a2d7bc6", "price_changes": [{"asset_id": "49913535691357405888189005795777119729203074497784553050607906527813175648482", "price": "0.572", "size": "111.66", "side": "BUY", "hash": "3c83196361a5451c63fcc9c584555c672a872a8d", "best_bid": "0.573", "best_ask": "0.828"}, {"asset_id": "107283612200874762627410448315233948227070614640181631187039818267842487558132", "price": "0.428", "size": "111.66", "side": "SELL", "hash": "f33a66b031bb040fb4eda52ab7f426b68db47485", "best_bid": "0.172", "best_ask": "0.427"}], "timestamp": "1769384215039", "event_type": "price_change"}}
{"_local_timestamp": "2026-01-25T23:36:56.284558+00:00", "data": {"market": "0x339d8be5cb57653a9ee63e07d216543622cdefb45eed81b1680e83887a2d7bc6", "price_changes": [{"asset_id": "49913535691357405888189005795777119729203074497784553050607906527813175648482", "price": "0.261", "size": "100", "side": "BUY", "hash": "10de609bd7c3cbb7348b1317e92733cc49d24629", "best_bid": "0.573", "best_ask": "0.828"}, {"asset_id": "107283612200874762627410448315233948227070614640181631187039818267842487558132", "price": "0.739", "size": "100", "side": "SELL", "hash": "ab2b32652dede443a5db5fad64d1fd179bd30988", "best_bid": "0.172", "best_ask": "0.427"}], "timestamp": "1769384215708", "event_type": "price_change"}}
{"_local_timestamp": "2026-01-25T23:36:56.346677+00:00", "data": {"market": "0x339d8be5cb57653a9ee63e07d216543622cdefb45eed81b1680e83887a2d7bc6", "price_changes": [{"asset_id": "49913535691357405888189005795777119729203074497784553050607906527813175648482", "price": "0.184", "size": "450", "side": "BUY", "hash": "d2d537d46a799d4cd7dca05d1e6bc163e867b60d", "best_bid": "0.573", "best_ask": "0.828"}, {"asset_id": "107283612200874762627410448315233948227070614640181631187039818267842487558132", "price": "0.816", "size": "450", "side": "SELL", "hash": "5acd6c981b1b4ebb2634ef5e94cd7f599ba2795b", "best_bid": "0.172", "best_ask": "0.427"}], "timestamp": "1769384215769", "event_type": "price_change"}}
{"_local_timestamp": "2026-01-25T23:36:57.871446+00:00", "data": {"market": "0x339d8be5cb57653a9ee63e07d216543622cdefb45eed81b1680e83887a2d7bc6", "price_changes": [{"asset_id": "49913535691357405888189005795777119729203074497784553050607906527813175648482", "price": "0.184", "size": "200", "side": "BUY", "hash": "f655b7a7daf75ab427a09c01daea571b6a7a88a2", "best_bid": "0.573", "best_ask": "0.828"}, {"asset_id": "107283612200874762627410448315233948227070614640181631187039818267842487558132", "price": "0.816", "size": "200", "side": "SELL", "hash": "6f125bbea7bfd5fa9c4d9ad9336991a6ce07e0fb", "best_bid": "0.172", "best_ask": "0.427"}], "timestamp": "1769384217242", "event_type": "price_change"}}
{"_local_timestamp": "2026-01-25T23:37:03.430835+00:00", "data": {"market": "0x339d8be5cb57653a9ee63e07d216543622cdefb45eed81b1680e83887a2d7bc6", "price_changes": [{"asset_id": "49913535691357405888189005795777119729203074497784553050607906527813175648482", "price": "0.201", "size": "25", "side": "BUY", "hash": "32b6c4d8dec27e3d6ab05a1b94a1c536903033d7", "best_bid": "0.573", "best_ask": "0.828"}, {"asset_id": "107283612200874762627410448315233948227070614640181631187039818267842487558132", "price": "0.799", "size": "25", "side": "SELL", "hash": "84e8501ceb805c12cc36e730c511b2d5500973bc", "best_bid": "0.172", "best_ask": "0.427"}], "timestamp": "1769384223252", "event_type": "price_change"}}
{"_local_timestamp": "2026-01-25T23:37:04.386527+00:00", "data": {"market": "0x339d8be5cb57653a9ee63e07d216543622cdefb45eed81b1680e83887a2d7bc6", "price_changes": [{"asset_id": "49913535691357405888189005795777119729203074497784553050607906527813175648482", "price": "0.568", "size": "6", "side": "BUY", "hash": "3e0c7e0f22dcc1de8d34f6d3f612f5a4e263a99b", "best_bid": "0.573", "best_ask": "0.828"}, {"asset_id": "107283612200874762627410448315233948227070614640181631187039818267842487558132", "price": "0.432", "size": "6", "side": "SELL", "hash": "24d3985c8fb4aebe2d17454151eab542bf8011ea", "best_bid": "0.172", "best_ask": "0.427"}], "timestamp": "1769384224189", "event_type": "price_change"}}
{"_local_timestamp": "2026-01-25T23:37:13.135676+00:00", "data": {"market": "0x339d8be5cb57653a9ee63e07d216543622cdefb45eed81b1680e83887a2d7bc6", "price_changes": [{"asset_id": "49913535691357405888189005795777119729203074497784553050607906527813175648482", "price": "0.183", "size": "0", "side": "BUY", "hash": "b27cd2aa4de24bfe24ef1eb116c97c706230415d", "best_bid": "0.573", "best_ask": "0.828"}, {"asset_id": "107283612200874762627410448315233948227070614640181631187039818267842487558132", "price": "0.817", "size": "0", "side": "SELL", "hash": "c21601201ce9c185cb1ffcb33de5be49ca8f323b", "best_bid": "0.172", "best_ask": "0.427"}], "timestamp": "1769384233007", "event_type": "price_change"}}
{"_local_timestamp": "2026-01-25T23:37:13.524383+00:00", "data": {"market": "0x339d8be5cb57653a9ee63e07d216543622cdefb45eed81b1680e83887a2d7bc6", "price_changes": [{"asset_id": "49913535691357405888189005795777119729203074497784553050607906527813175648482", "price": "0.184", "size": "300", "side": "BUY", "hash": "b08cf21ae43d7777cb778c440ea7801db6fe5c8c", "best_bid": "0.573", "best_ask": "0.828"}, {"asset_id": "107283612200874762627410448315233948227070614640181631187039818267842487558132", "price": "0.816", "size": "300", "side": "SELL", "hash": "a156b4953f21ab0392298294de7fa22232c6fb7f", "best_bid": "0.172", "best_ask": "0.427"}], "timestamp": "1769384233379", "event_type": "price_change"}}
{"_local_timestamp": "2026-01-25T23:37:13.567944+00:00", "data": {"market": "0x339d8be5cb57653a9ee63e07d216543622cdefb45eed81b1680e83887a2d7bc6", "price_changes": [{"asset_id": "49913535691357405888189005795777119729203074497784553050607906527813175648482", "price": "0.21", "size": "50", "side": "BUY", "hash": "814b593b8988a5025d80d5ca2678c80364826093", "best_bid": "0.573", "best_ask": "0.828"}, {"asset_id": "107283612200874762627410448315233948227070614640181631187039818267842487558132", "price": "0.79", "size": "50", "side": "SELL", "hash": "d1833be838a614c0e47c2328bd2c92877f530a3a", "best_bid": "0.172", "best_ask": "0.427"}], "timestamp": "1769384233406", "event_type": "price_change"}}
{"_local_timestamp": "2026-01-25T23:37:17.915969+00:00", "data": {"market": "0x339d8be5cb57653a9ee63e07d216543622cdefb45eed81b1680e83887a2d7bc6", "price_changes": [{"asset_id": "49913535691357405888189005795777119729203074497784553050607906527813175648482", "price": "0.184", "size": "250", "side": "BUY", "hash": "645ff20a33fb4f877c86e5a924d6037540fdbc88", "best_bid": "0.573", "best_ask": "0.828"}, {"asset_id": "107283612200874762627410448315233948227070614640181631187039818267842487558132", "price": "0.816", "size": "250", "side": "SELL", "hash": "eb9b66bfe98575e409a6c70953e7b9d6aeb21903", "best_bid": "0.172", "best_ask": "0.427"}], "timestamp": "1769384237840", "event_type": "price_change"}}
{"_local_timestamp": "2026-01-25T23:37:18.192294+00:00", "data": {"market": "0x339d8be5cb57653a9ee63e07d216543622cdefb45eed81b1680e83887a2d7bc6", "price_changes": [{"asset_id": "49913535691357405888189005795777119729203074497784553050607906527813175648482", "price": "0.135", "size": "3485", "side": "BUY", "hash": "f1f3e8bedfeaac5f683aae2207fdbf5f3466bd8b", "best_bid": "0.573", "best_ask": "0.828"}, {"asset_id": "107283612200874762627410448315233948227070614640181631187039818267842487558132", "price": "0.865", "size": "3485", "side": "SELL", "hash": "09609f20be082b4fc79d648c3c49746a8e57affd", "best_bid": "0.172", "best_ask": "0.427"}], "timestamp": "1769384238124", "event_type": "price_change"}}
{"_local_timestamp": "2026-01-25T23:37:32.668754+00:00", "data": {"market": "0x339d8be5cb57653a9ee63e07d216543622cdefb45eed81b1680e83887a2d7bc6", "price_changes": [{"asset_id": "49913535691357405888189005795777119729203074497784553050607906527813175648482", "price": "0.02", "size": "1000", "side": "BUY", "hash": "25a99697af88921b27e9aae14aa17ef7817c74da", "best_bid": "0.573", "best_ask": "0.828"}, {"asset_id": "107283612200874762627410448315233948227070614640181631187039818267842487558132", "price": "0.98", "size": "1000", "side": "SELL", "hash": "4bed9292cb8f22d33f186e7b07c88f0ecd31a180", "best_bid": "0.172", "best_ask": "0.427"}], "timestamp": "1769384252552", "event_type": "price_change"}}
{"_local_timestamp": "2026-01-25T23:37:32.965154+00:00", "data": {"market": "0x339d8be5cb57653a9ee63e07d216543622cdefb45eed81b1680e83887a2d7bc6", "price_changes": [{"asset_id": "49913535691357405888189005795777119729203074497784553050607906527813175648482", "price": "0.021", "size": "8353", "side": "BUY", "hash": "00d0802d63ea578e0e702cffcfe834954d0923ff", "best_bid": "0.573", "best_ask": "0.828"}, {"asset_id": "107283612200874762627410448315233948227070614640181631187039818267842487558132", "price": "0.979", "size": "8353", "side": "SELL", "hash": "1cfa828091176b973d13b07a6bca6d1b9790d257", "best_bid": "0.172", "best_ask": "0.427"}], "timestamp": "1769384252870", "event_type": "price_change"}}
{"_local_timestamp": "2026-01-25T23:38:21.639627+00:00", "data": {"market": "0x339d8be5cb57653a9ee63e07d216543622cdefb45eed81b1680e83887a2d7bc6", "price_changes": [{"asset_id": "49913535691357405888189005795777119729203074497784553050607906527813175648482", "price": "0.27", "size": "50", "side": "BUY", "hash": "e36c2e9db7f62cc7eeaf1e24ca46c1a29014707a", "best_bid": "0.573", "best_ask": "0.828"}, {"asset_id": "107283612200874762627410448315233948227070614640181631187039818267842487558132", "price": "0.73", "size": "50", "side": "SELL", "hash": "029f3e07b962478fa9fe31252f4531779b4cf93d", "best_bid": "0.172", "best_ask": "0.427"}], "timestamp": "1769384301462", "event_type": "price_change"}}
{"_local_timestamp": "2026-01-25T23:38:21.743536+00:00", "data": {"market": "0x339d8be5cb57653a9ee63e07d216543622cdefb45eed81b1680e83887a2d7bc6", "price_changes": [{"asset_id": "107283612200874762627410448315233948227070614640181631187039818267842487558132", "price": "0.427", "size": "0", "side": "SELL", "hash": "81362a4a8048571eb70c292b711516c7cab2e099", "best_bid": "0.172", "best_ask": "0.428"}, {"asset_id": "49913535691357405888189005795777119729203074497784553050607906527813175648482", "price": "0.573", "size": "0", "side": "BUY", "hash": "f0df972d18937dfa529f2dffb81379ec5bd8c6df", "best_bid": "0.572", "best_ask": "0.828"}], "timestamp": "1769384301587", "event_type": "price_change"}}
{"_local_timestamp": "2026-01-25T23:38:21.744998+00:00", "data": {"market": "0x339d8be5cb57653a9ee63e07d216543622cdefb45eed81b1680e83887a2d7bc6", "price_changes": [{"asset_id": "107283612200874762627410448315233948227070614640181631187039818267842487558132", "price": "0.427", "size": "85", "side": "SELL", "hash": "d7031eb618d80022703b09e380463eecb4d007f3", "best_bid": "0.172", "best_ask": "0.427"}, {"asset_id": "49913535691357405888189005795777119729203074497784553050607906527813175648482", "price": "0.573", "size": "85", "side": "BUY", "hash": "fac2af2d63414e39f90474d63942f820174baa75", "best_bid": "0.573", "best_ask": "0.828"}], "timestamp": "1769384301613", "event_type": "price_change"}}
{"_local_timestamp": "2026-01-25T23:38:31.827262+00:00", "data": {"market": "0x339d8be5cb57653a9ee63e07d216543622cdefb45eed81b1680e83887a2d7bc6", "price_changes": [{"asset_id": "49913535691357405888189005795777119729203074497784553050607906527813175648482", "price": "0.573", "size": "151.31", "side": "BUY", "hash": "06d5a3d819924c0270c261863248e918025a5ff2", "best_bid": "0.573", "best_ask": "0.828"}, {"asset_id": "107283612200874762627410448315233948227070614640181631187039818267842487558132", "price": "0.427", "size": "151.31", "side": "SELL", "hash": "7da5de61b4269929a8edcbf61bfd75f5e7d8ac49", "best_bid": "0.172", "best_ask": "0.427"}], "timestamp": "1769384311757", "event_type": "price_change"}}
{"_local_timestamp": "2026-01-25T23:38:58.307003+00:00", "data": {"market": "0x339d8be5cb57653a9ee63e07d216543622cdefb45eed81b1680e83887a2d7bc6", "price_changes": [{"asset_id": "49913535691357405888189005795777119729203074497784553050607906527813175648482", "price": "0.21", "size": "0", "side": "BUY", "hash": "95c592f0c8e2c609ddd3d7b01bda3432cadcae8b", "best_bid": "0.573", "best_ask": "0.828"}, {"asset_id": "107283612200874762627410448315233948227070614640181631187039818267842487558132", "price": "0.79", "size": "0", "side": "SELL", "hash": "b5e40ca1c183a68b9207d4333e23651ff34b2a73", "best_bid": "0.172", "best_ask": "0.427"}], "timestamp": "1769384338208", "event_type": "price_change"}}
{"_local_timestamp": "2026-01-25T23:38:59.117313+00:00", "data": {"market": "0x339d8be5cb57653a9ee63e07d216543622cdefb45eed81b1680e83887a2d7bc6", "price_changes": [{"asset_id": "49913535691357405888189005795777119729203074497784553050607906527813175648482", "price": "0.261", "size": "150", "side": "BUY", "hash": "76b7079f725220aa223f5d6d822497f98794c464", "best_bid": "0.573", "best_ask": "0.828"}, {"asset_id": "107283612200874762627410448315233948227070614640181631187039818267842487558132", "price": "0.739", "size": "150", "side": "SELL", "hash": "d89e319be6df49425d81c3f6567feaa04eb7eb55", "best_bid": "0.172", "best_ask": "0.427"}], "timestamp": "1769384338693", "event_type": "price_change"}}
{"_local_timestamp": "2026-01-25T23:39:22.497961+00:00", "data": {"market": "0x339d8be5cb57653a9ee63e07d216543622cdefb45eed81b1680e83887a2d7bc6", "price_changes": [{"asset_id": "49913535691357405888189005795777119729203074497784553050607906527813175648482", "price": "0.261", "size": "50", "side": "BUY", "hash": "a953171d21d33d4f05586122b2cf17a2f408f27b", "best_bid": "0.573", "best_ask": "0.828"}, {"asset_id": "107283612200874762627410448315233948227070614640181631187039818267842487558132", "price": "0.739", "size": "50", "side": "SELL", "hash": "06390613b5a576397fed2438945395cb9c288ae3", "best_bid": "0.172", "best_ask": "0.427"}], "timestamp": "1769384362219", "event_type": "price_change"}}
{"_local_timestamp": "2026-01-25T23:39:22.498652+00:00", "data": {"market": "0x339d8be5cb57653a9ee63e07d216543622cdefb45eed81b1680e83887a2d7bc6", "price_changes": [{"asset_id": "49913535691357405888189005795777119729203074497784553050607906527813175648482", "price": "0.184", "size": "100", "side": "BUY", "hash": "a953171d21d33d4f05586122b2cf17a2f408f27b", "best_bid": "0.573", "best_ask": "0.828"}, {"asset_id": "107283612200874762627410448315233948227070614640181631187039818267842487558132", "price": "0.816", "size": "100", "side": "SELL", "hash": "06390613b5a576397fed2438945395cb9c288ae3", "best_bid": "0.172", "best_ask": "0.427"}], "timestamp": "1769384362219", "event_type": "price_change"}}
{"_local_timestamp": "2026-01-25T23:39:22.941456+00:00", "data": {"market": "0x339d8be5cb57653a9ee63e07d216543622cdefb45eed81b1680e83887a2d7bc6", "price_changes": [{"asset_id": "49913535691357405888189005795777119729203074497784553050607906527813175648482", "price": "0.21", "size": "100", "side": "BUY", "hash": "1610cb6dfa599e6133eb4c9d768434ba86e0bb4b", "best_bid": "0.573", "best_ask": "0.828"}, {"asset_id": "107283612200874762627410448315233948227070614640181631187039818267842487558132", "price": "0.79", "size": "100", "side": "SELL", "hash": "2602a14127af521bdd517ff3788fb5211c407263", "best_bid": "0.172", "best_ask": "0.427"}], "timestamp": "1769384362724", "event_type": "price_change"}}
{"_local_timestamp": "2026-01-25T23:39:23.022096+00:00", "data": {"market": "0x339d8be5cb57653a9ee63e07d216543622cdefb45eed81b1680e83887a2d7bc6", "price_changes": [{"asset_id": "49913535691357405888189005795777119729203074497784553050607906527813175648482", "price": "0.2", "size": "200", "side": "BUY", "hash": "3792f3541c5a1ab5e2e5db113fd8a926c35e708f", "best_bid": "0.573", "best_ask": "0.828"}, {"asset_id": "107283612200874762627410448315233948227070614640181631187039818267842487558132", "price": "0.8", "size": "200", "side": "SELL", "hash": "ac5d6d6dc7bb241c0e5266b263856094dcb90d5e", "best_bid": "0.172", "best_ask": "0.427"}], "timestamp": "1769384362806", "event_type": "price_change"}}
