{"_local_timestamp": "2026-01-25T23:34:13.241326+00:00", "data": [{"market": "0x206c3143628df465c101393d0f332f5e0e7ea1250c4a5406c5d7107cdf22a669", "asset_id": "77264021124482996930500000314240244428363128071307387582782462823482509637188", "timestamp": "1769384013554", "hash": "6f3720e1d8f7776a299ace4125437a1656798d62", "bids": [{"price": "0.01", "size": "3400"}, {"price": "0.02", "size": "1257.96"}, {"price": "0.03", "size": "350"}, {"price": "0.04", "size": "8.37"}, {"price": "0.05", "size": "420"}, {"price": "0.07", "size": "1000"}, {"price": "0.08", "size": "306.32"}, {"price": "0.09", "size": "100"}, {"price": "0.1", "size": "200"}, {"price": "0.11", "size": "200"}, {"price": "0.12", "size": "100"}, {"price": "0.13", "size": "100"}, {"price": "0.14", "size": "10"}, {"price": "0.15", "size": "82.98"}, {"price": "0.16", "size": "138.91"}, {"price": "0.17", "size": "10.41"}], "asks": [{"price": "0.99", "size": "6859.79"}, {"price": "0.98", "size": "4150"}, {"price": "0.97", "size": "6.86"}, {"price": "0.95", "size": "900"}, {"price": "0.93", "size": "300"}, {"price": "0.92", "size": "8.7"}, {"price": "0.85", "size": "300"}, {"price": "0.84", "size": "1000"}, {"price": "0.8", "size": "500"}, {"price": "0.79", "size": "50"}, {"price": "0.78", "size": "1908"}, {"price": "0.76", "size": "250"}, {"price": "0.73", "size": "50"}, {"price": "0.66", "size": "150"}, {"price": "0.65", "size": "5"}, {"price": "0.61", "size": "20.24"}, {"price": "0.53", "size": "100"}, {"price": "0.32", "size": "200"}, {"price": "0.31", "size": "200"}, {"price": "0.3", "size": "179.47"}, {"price": "0.29", "size": "110"}, {"price": "0.28", "size": "30"}, {"price": "0.24", "size": "293.55"}], "event_type": "book", "last_trade_price": "0.760"}, {"market": "0x206c3143628df465c101393d0f332f5e0e7ea1250c4a5406c5d7107cdf22a669", "asset_id": "105219964236944624853675148584309778725794006962430628999457547788426427531421", "timestamp": "1769384013554", "hash": "515aeb2479dc80cc313b937ff5019208ae23f190", "bids": [{"price": "0.01", "size": "6859.79"}, {"price": "0.02", "size": "4150"}, {"price": "0.03", "size": "6.86"}, {"price": "0.05", "size": "900"}, {"price": "0.07", "size": "300"}, {"price": "0.08", "size": "8.7"}, {"price": "0.15", "size": "300"}, {"price": "0.16", "size": "1000"}, {"price": "0.2", "size": "500"}, {"price": "0.21", "size": "50"}, {"price": "0.22", "size": "1908"}, {"price": "0.24", "size": "250"}, {"price": "0.27", "size": "50"}, {"price": "0.34", "size": "150"}, {"price": "0.35", "size": "5"}, {"price": "0.39", "size": "20.24"}, {"price": "0.47", "size": "100"}, {"price": "0.68", "size": "200"}, {"price": "0.69", "size": "200"}, {"price": "0.7", "size": "179.47"}, {"price": "0.71", "size": "110"}, {"price": "0.72", "size": "30"}, {"price": "0.76", "size": "293.55"}], "asks": [{"price": "0.99", "size": "3400"}, {"price": "0.98", "size": "1257.96"}, {"price": "0.97", "size": "350"}, {"price": "0.96", "size": "8.37"}, {"price": "0.95", "size": "420"}, {"price": "0.93", "size": "1000"}, {"price": "0.92", "size": "306.32"}, {"price": "0.91", "size": "100"}, {"price": "0.9", "size": "200"}, {"price": "0.89", "size": "200"}, {"price": "0.88", "size": "100"}, {"price": "0.87", "size": "100"}, {"price": "0.86", "size": "10"}, {"price": "0.85", "size": "82.98"}, {"price": "0.84", "size": "138.91"}, {"price": "0.83", "size": "10.41"}], "event_type": "book", "last_trade_price": "0.760"}]}
{"_local_timestamp": "2026-01-25T23:34:19.859934+00:00", "data": {"market": "0x206c3143628df465c101393d0f332f5e0e7ea1250c4a5406c5d7107cdf22a669", "price_changes": [{"asset_id": "105219964236944624853675148584309778725794006962430628999457547788426427531421", "price": "0.22", "size": "0", "side": "BUY", "hash": "1fa41297d1153654451377336ea6e5db6bfc5bc7", "best_bid": "0.76", "best_ask": "0.83"}, {"asset_id": "77264021124482996930500000314240244428363128071307387582782462823482509637188", "price": "0.78", "size": "0", "side": "SELL", "hash": "9f264e8971167bb61f729bda253e5ba382f15cec", "best_bid": "0.17", "best_ask": "0.24"}], "timestamp": "1769384059753", "event_type": "price_change"}}
{"_local_timestamp": "2026-01-25T23:34:40.944746+00:00", "data": {"market": "0x206c3143628df465c101393d0f332f5e0e7ea1250c4a5406c5d7107cdf22a669", "price_changes": [{"asset_id": "105219964236944624853675148584309778725794006962430628999457547788426427531421", "price": "0.02", "size": "4050", "side": "BUY", "hash": "f041f4e8394925a436454cfcacdebb2705e9255e", "best_bid": "0.76", "best_ask": "0.83"}, {"asset_id": "77264021124482996930500000314240244428363128071307387582782462823482509637188", "price": "0.98", "size": "4050", "side": "SELL", "hash": "f49010b445a5a496c3ed7204142e8a3675e700df", "best_bid": "0.17", "best_ask": "0.24"}], "timestamp": "1769384080856", "event_type": "price_change"}}
{"_local_timestamp": "2026-01-25T23:34:57.206978+00:00", "data": {"market": "0x206c3143628df465c101393d0f332f5e0e7ea1250c4a5406c5d7107cdf22a669", "price_changes": [{"asset_id": "105219964236944624853675148584309778725794006962430628999457547788426427531421", "price": "0.21", "size": "2048", "side": "BUY", "hash": "043c5c3d223ec7c3fed735d10a273045f2a5a866", "best_bid": "0.76", "best_ask": "0.83"}, {"asset_id": "77264021124482996930500000314240244428363128071307387582782462823482509637188", "price": "0.79", "size": "2048", "side": "SELL", "hash": "f9dcfc570de2a9a691e6fe6b6600bf08cf4a2dba", "best_bid": "0.17", "best_ask": "0.24"}], "timestamp": "1769384097142", "event_type": "price_change"}}
{"_local_timestamp": "2026-01-25T23:35:56.368943+00:00", "data": {"market": "0x206c3143628df465c101393d0f332f5e0e7ea1250c4a5406c5d7107cdf22a669", "price_changes": [{"asset_id": "105219964236944624853675148584309778725794006962430628999457547788426427531421", "price": "0.21", "size": "1998", "side": "BUY", "hash": "43060f67b9f18baac3939d2315a86fb9e57b0d80", "best_bid": "0.76", "best_ask": "0.83"}, {"asset_id": "77264021124482996930500000314240244428363128071307387582782462823482509637188", "price": "0.79", "size": "1998", "side": "SELL", "hash": "a79b4f6e3550307b399740816d2ef33c29e9f39e", "best_bid": "0.17", "best_ask": "0.24"}], "timestamp": "1769384156275", "event_type": "price_change"}}
{"_local_timestamp": "2026-01-25T23:35:56.865567+00:00", "data": {"market": "0x206c3143628df465c101393d0f332f5e0e7ea1250c4a5406c5d7107cdf22a669", "price_changes": [{"asset_id": "105219964236944624853675148584309778725794006962430628999457547788426427531421", "price": "0.22", "size": "50", "side": "BUY", "hash": "cf92eda8be1906bbfc03d314d9c356765592e103", "best_bid": "0.76", "best_ask": "0.83"}, {"asset_id": "77264021124482996930500000314240244428363128071307387582782462823482509637188", "price": "0.78", "size": "50", "side": "SELL", "hash": "8fd446720b6b4b7d8c02607166f804817e72d903", "best_bid": "0.17", "best_ask": "0.24"}], "timestamp": "1769384156736", "event_type": "price_change"}}
{"_local_timestamp": "2026-01-25T23:35:58.218761+00:00", "data": {"market": "0x206c3143628df465c101393d0f332f5e0e7ea1250c4a5406c5d7107cdf22a669", "price_changes": [{"asset_id": "105219964236944624853675148584309778725794006962430628999457547788426427531421", "price": "0.21", "size": "0", "side": "BUY", "hash": "5aea1032b0a1ddc15f5ed3517988b79d35ffebfa", "best_bid": "0.76", "best_ask": "0.83"}, {"asset_id": "77264021124482996930500000314240244428363128071307387582782462823482509637188", "price": "0.79", "size": "0", "side": "SELL", "hash": "61d08e380e82dd775e620918ec97d64284f5c8a3", "best_bid": "0.17", "best_ask": "0.24"}], "timestamp": "1769384158075", "event_type": "price_change"}}
{"_local_timestamp": "2026-01-25T23:36:53.974842+00:00", "data": {"market": "0x206c3143628df465c101393d0f332f5e0e7ea1250c4a5406c5d7107cdf22a669", "price_changes": [{"asset_id": "105219964236944624853675148584309778725794006962430628999457547788426427531421", "price": "0.22", "size": "1958", "side": "BUY", "hash": "f05586d928d0f5b8b9f9c0a591bf37cb6ab1a333", "best_bid": "0.76", "best_ask": "0.83"}, {"asset_id": "77264021124482996930500000314240244428363128071307387582782462823482509637188", "price": "0.78", "size": "1958", "side": "SELL", "hash": "ce2b9e64a7a2068e7fe1f501410cf4c3656b58e1", "best_bid": "0.17", "best_ask": "0.24"}], "timestamp": "1769384213858", "event_type": "price_change"}}
{"_local_timestamp": "2026-01-25T23:37:11.241843+00:00", "data": {"market": "0x206c3143628df465c101393d0f332f5e0e7ea1250c4a5406c5d7107cdf22a669", "price_changes": [{"asset_id": "105219964236944624853675148584309778725794006962430628999457547788426427531421", "price": "0.02", "size": "4150", "side": "BUY", "hash": "6a836a1c2f9d2fe3eafba490aeb60113899531b9", "best_bid": "0.76", "best_ask": "0.83"}, {"asset_id": "77264021124482996930500000314240244428363128071307387582782462823482509637188", "price": "0.98", "size": "4150", "side": "SELL", "hash": "e6330c00ca902a7ac26df6138980dc9a2c7b5463", "best_bid": "0.17", "best_ask": "0.24"}], "timestamp": "1769384231140", "event_type": "price_change"}}
{"_local_timestamp": "2026-01-25T23:37:35.247892+00:00", "data": {"market": "0x206c3143628df465c101393d0f332f5e0e7ea1250c4a5406c5d7107cdf22a669", "price_changes": [{"asset_id": "105219964236944624853675148584309778725794006962430628999457547788426427531421", "price": "0.22", "size": "50", "side": "BUY", "hash": "c925d9299cc23bab66b7302cd9d57bfbbd3b1f93", "best_bid": "0.76", "best_ask": "0.83"}, {"asset_id": "77264021124482996930500000314240244428363128071307387582782462823482509637188", "price": "0.78", "size": "50", "side": "SELL", "hash": "ba6d5debb475a1dfbd502f7d2eed851e3a902695", "best_bid": "0.17", "best_ask": "0.24"}], "timestamp": "1769384255118", "event_type": "price_change"}}
{"_local_timestamp": "2026-01-25T23:37:50.852704+00:00", "data": {"market": "0x206c3143628df465c101393d0f332f5e0e7ea1250c4a5406c5d7107cdf22a669", "price_changes": [{"asset_id": "105219964236944624853675148584309778725794006962430628999457547788426427531421", "price": "0.02", "size": "4050", "side": "BUY", "hash": "c74b8aad6bdef3e13d8d528f5e575f458d1018ef", "best_bid": "0.76", "best_ask": "0.83"}, {"asset_id": "77264021124482996930500000314240244428363128071307387582782462823482509637188", "price": "0.98", "size": "4050", "side": "SELL", "hash": "0703e7786c91a8f058f481d81eb95e20faf84413", "best_bid": "0.17", "best_ask": "0.24"}], "timestamp": "1769384270762", "event_type": "price_change"}}
