{"_local_timestamp": "2026-01-25T23:41:19.511444+00:00", "data": [{"market": "0x206c3143628df465c101393d0f332f5e0e7ea1250c4a5406c5d7107cdf22a669", "asset_id": "105219964236944624853675148584309778725794006962430628999457547788426427531421", "timestamp": "1769384477093", "hash": "ccfc70c8dffe5cfc98e7a929833dfc32b57e2ffd", "bids": [{"price": "0.01", "size": "6859.79"}, {"price": "0.02", "size": "4050"}, {"price": "0.03", "size": "6.86"}, {"price": "0.05", "size": "900"}, {"price": "0.07", "size": "300"}, {"price": "0.08", "size": "8.7"}, {"price": "0.15", "size": "300"}, {"price": "0.16", "size": "1000"}, {"price": "0.2", "size": "500"}, {"price": "0.21", "size": "50"}, {"price": "0.22", "size": "1908"}, {"price": "0.24", "size": "250"}, {"price": "0.27", "size": "50"}, {"price": "0.34", "size": "150"}, {"price": "0.35", "size": "5"}, {"price": "0.39", "size": "20.24"}, {"price": "0.47", "size": "100"}, {"price": "0.68", "size": "200"}, {"price": "0.69", "size": "200"}, {"price": "0.7", "size": "179.47"}, {"price": "0.71", "size": "110"}, {"price": "0.72", "size": "30"}, {"price": "0.76", "size": "293.55"}], "asks": [{"price": "0.99", "size": "3400"}, {"price": "0.98", "size": "1257.96"}, {"price": "0.97", "size": "350"}, {"price": "0.96", "size": "8.37"}, {"price": "0.95", "size": "420"}, {"price": "0.93", "size": "1000"}, {"price": "0.92", "size": "306.32"}, {"price": "0.91", "size": "100"}, {"price": "0.9", "size": "200"}, {"price": "0.89", "size": "200"}, {"price": "0.88", "size": "100"}, {"price": "0.87", "size": "100"}, {"price": "0.86", "size": "10"}, {"price": "0.85", "size": "82.98"}, {"price": "0.84", "size": "138.91"}, {"price": "0.83", "size": "10.41"}], "event_type": "book", "last_trade_price": "0.760"}, {"market": "0x206c3143628df465c101393d0f332f5e0e7ea1250c4a5406c5d7107cdf22a669", "asset_id": "77264021124482996930500000314240244428363128071307387582782462823482509637188", "timestamp": "1769384477093", "hash": "80a3d20a50457ad83cb4a5fdbe8a499803b823a7", "bids": [{"price": "0.01", "size": "3400"}, {"price": "0.02", "size": "1257.96"}, {"price": "0.03", "size": "350"}, {"price": "0.04", "size": "8.37"}, {"price": "0.05", "size": "420"}, {"price": "0.07", "size": "1000"}, {"price": "0.08", "size": "306.32"}, {"price": "0.09", "size": "100"}, {"price": "0.1", "size": "200"}, {"price": "0.11", "size": "200"}, {"price": "0.12", "size": "100"}, {"price": "0.13", "size": "100"}, {"price": "0.14", "size": "10"}, {"price": "0.15", "size": "82.98"}, {"price": "0.16", "size": "138.91"}, {"price": "0.17", "size": "10.41"}], "asks": [{"price": "0.99", "size": "6859.79"}, {"price": "0.98", "size": "4050"}, {"price": "0.97", "size": "6.86"}, {"price": "0.95", "size": "900"}, {"price": "0.93", "size": "300"}, {"price": "0.92", "size": "8.7"}, {"price": "0.85", "size": "300"}, {"price": "0.84", "size": "1000"}, {"price": "0.8", "size": "500"}, {"price": "0.79", "size": "50"}, {"price": "0.78", "size": "1908"}, {"price": "0.76", "size": "250"}, {"price": "0.73", "size": "50"}, {"price": "0.66", "size": "150"}, {"price": "0.65", "size": "5"}, {"price": "0.61", "size": "20.24"}, {"price": "0.53", "size": "100"}, {"price": "0.32", "size": "200"}, {"price": "0.31", "size": "200"}, {"price": "0.3", "size": "179.47"}, {"price": "0.29", "size": "110"}, {"price": "0.28", "size": "30"}, {"price": "0.24", "size": "293.55"}], "event_type": "book", "last_trade_price": "0.760"}]}
{"_local_timestamp": "2026-01-25T23:41:44.889894+00:00", "data": {"market": "0x206c3143628df465c101393d0f332f5e0e7ea1250c4a5406c5d7107cdf22a669", "price_changes": [{"asset_id": "105219964236944624853675148584309778725794006962430628999457547788426427531421", "price": "0.02", "size": "4150", "side": "BUY", "hash": "a68ed269bd9675560684febdda7342022c4a2fa5", "best_bid": "0.76", "best_ask": "0.83"}, {"asset_id": "77264021124482996930500000314240244428363128071307387582782462823482509637188", "price": "0.98", "size": "4150", "side": "SELL", "hash": "4b218f8c39f1e1a38d46860b3dc373488a897ac3", "best_bid": "0.17", "best_ask": "0.24"}], "timestamp": "1769384504808", "event_type": "price_change"}}
{"_local_timestamp": "2026-01-25T23:42:47.159096+00:00", "data": {"market": "0x206c3143628df465c101393d0f332f5e0e7ea1250c4a5406c5d7107cdf22a669", "price_changes": [{"asset_id": "105219964236944624853675148584309778725794006962430628999457547788426427531421", "price": "0.22", "size": "0", "side": "BUY", "hash": "8c7e6e98ba5f59885f4909abd9c85aa422a660c9", "best_bid": "0.76", "best_ask": "0.83"}, {"asset_id": "77264021124482996930500000314240244428363128071307387582782462823482509637188", "price": "0.78", "size": "0", "side": "SELL", "hash": "060dbbf8bc038c8365cdc1b335b61b357ca0bc0c", "best_bid": "0.17", "best_ask": "0.24"}], "timestamp": "1769384566995", "event_type": "price_change"}}
{"_local_timestamp": "2026-01-25T23:43:01.320855+00:00", "data": {"market": "0x206c3143628df465c101393d0f332f5e0e7ea1250c4a5406c5d7107cdf22a669", "price_changes": [{"asset_id": "105219964236944624853675148584309778725794006962430628999457547788426427531421", "price": "0.02", "size": "4050", "side": "BUY", "hash": "031c966ff6032a859ee2e34d503a89bf07b69f05", "best_bid": "0.76", "best_ask": "0.83"}, {"asset_id": "77264021124482996930500000314240244428363128071307387582782462823482509637188", "price": "0.98", "size": "4050", "side": "SELL", "hash": "d771f012a4b4cfbf020fa7cb042d11b22363ddd8", "best_bid": "0.17", "best_ask": "0.24"}], "timestamp": "1769384581212", "event_type": "price_change"}}
{"_local_timestamp": "2026-01-25T23:43:39.445164+00:00", "data": {"market": "0x206c3143628df465c101393d0f332f5e0e7ea1250c4a5406c5d7107cdf22a669", "price_changes": [{"asset_id": "105219964236944624853675148584309778725794006962430628999457547788426427531421", "price": "0.21", "size": "2048", "side": "BUY", "hash": "0daad6e98f8af0306b10ffe5cb7fa98798e9ac37", "best_bid": "0.76", "best_ask": "0.83"}, {"asset_id": "77264021124482996930500000314240244428363128071307387582782462823482509637188", "price": "0.79", "size": "2048", "side": "SELL", "hash": "b9bd6960aa142b3105038f5b46a20863537492dc", "best_bid": "0.17", "best_ask": "0.24"}], "timestamp": "1769384619377", "event_type": "price_change"}}
{"_local_timestamp": "2026-01-25T23:44:57.788602+00:00", "data": {"market": "0x206c3143628df465c101393d0f332f5e0e7ea1250c4a5406c5d7107cdf22a669", "price_changes": [{"asset_id": "105219964236944624853675148584309778725794006962430628999457547788426427531421", "price": "0.21", "size": "1998", "side": "BUY", "hash": "d03c054cd78808b3fab22ba653264c9f7c9e4258", "best_bid": "0.76", "best_ask": "0.83"}, {"asset_id": "77264021124482996930500000314240244428363128071307387582782462823482509637188", "price": "0.79", "size": "1998", "side": "SELL", "hash": "65c43fe99219ce9cc403996ce186914e741546cf", "best_bid": "0.17", "best_ask": "0.24"}], "timestamp": "1769384697720", "event_type": "price_change"}}
{"_local_timestamp": "2026-01-25T23:44:58.328368+00:00", "data": {"market": "0x206c3143628df465c101393d0f332f5e0e7ea1250c4a5406c5d7107cdf22a669", "price_changes": [{"asset_id": "105219964236944624853675148584309778725794006962430628999457547788426427531421", "price": "0.2", "size": "550", "side": "BUY", "hash": "38ec50fd0acaf65290d32cd2e1e8cb783f763ccc", "best_bid": "0.76", "best_ask": "0.83"}, {"asset_id": "77264021124482996930500000314240244428363128071307387582782462823482509637188", "price": "0.8", "size": "550", "side": "SELL", "hash": "9706970684d253f165e8c0a37296afc0b9a1de8a", "best_bid": "0.17", "best_ask": "0.24"}], "timestamp": "1769384698215", "event_type": "price_change"}}
{"_local_timestamp": "2026-01-25T23:45:56.885213+00:00", "data": {"market": "0x206c3143628df465c101393d0f332f5e0e7ea1250c4a5406c5d7107cdf22a669", "price_changes": [{"asset_id": "105219964236944624853675148584309778725794006962430628999457547788426427531421", "price": "0.35", "size": "0", "side": "BUY", "hash": "f62c7382315e002c8c978939250904bfabbe30be", "best_bid": "0.76", "best_ask": "0.83"}, {"asset_id": "77264021124482996930500000314240244428363128071307387582782462823482509637188", "price": "0.65", "size": "0", "side": "SELL", "hash": "6996d2abb74b1a6e9fe9c2b194c247b88696553c", "best_bid": "0.17", "best_ask": "0.24"}], "timestamp": "1769384756202", "event_type": "price_change"}}
{"_local_timestamp": "2026-01-25T23:45:56.912904+00:00", "data": {"market": "0x206c3143628df465c101393d0f332f5e0e7ea1250c4a5406c5d7107cdf22a669", "price_changes": [{"asset_id": "105219964236944624853675148584309778725794006962430628999457547788426427531421", "price": "0.25", "size": "8", "side": "BUY", "hash": "42dd854936b5b441fdce36ae8378056a7c7befab", "best_bid": "0.76", "best_ask": "0.83"}, {"asset_id": "77264021124482996930500000314240244428363128071307387582782462823482509637188", "price": "0.75", "size": "8", "side": "SELL", "hash": "1b99f361bd1470f652912ff8f621b225a6a528e6", "best_bid": "0.17", "best_ask": "0.24"}], "timestamp": "1769384756256", "event_type": "price_change"}}
{"_local_timestamp": "2026-01-25T23:46:10.632166+00:00", "data": {"market": "0x206c3143628df465c101393d0f332f5e0e7ea1250c4a5406c5d7107cdf22a669", "price_changes": [{"asset_id": "105219964236944624853675148584309778725794006962430628999457547788426427531421", "price": "0.21", "size": "0", "side": "BUY", "hash": "e4bd237ae7ddcb68e866500d2bc05a504f0a9c75", "best_bid": "0.76", "best_ask": "0.83"}, {"asset_id": "77264021124482996930500000314240244428363128071307387582782462823482509637188", "price": "0.79", "size": "0", "side": "SELL", "hash": "88c7df6ad7ca26ee550bc405e01383f6911c19c8", "best_bid": "0.17", "best_ask": "0.24"}], "timestamp": "1769384770462", "event_type": "price_change"}}
{"_local_timestamp": "2026-01-25T23:47:10.474259+00:00", "data": {"market": "0x206c3143628df465c101393d0f332f5e0e7ea1250c4a5406c5d7107cdf22a669", "price_changes": [{"asset_id": "105219964236944624853675148584309778725794006962430628999457547788426427531421", "price": "0.22", "size": "1908", "side": "BUY", "hash": "3eabfc5acebca2772d038ec39865c30ada5da642", "best_bid": "0.76", "best_ask": "0.83"}, {"asset_id": "77264021124482996930500000314240244428363128071307387582782462823482509637188", "price": "0.78", "size": "1908", "side": "SELL", "hash": "aacecf8d39e3588575aaecb8494f0137d985ea94", "best_bid": "0.17", "best_ask": "0.24"}], "timestamp": "1769384830404", "event_type": "price_change"}}
{"_local_timestamp": "2026-01-25T23:47:23.468661+00:00", "data": {"market": "0x206c3143628df465c101393d0f332f5e0e7ea1250c4a5406c5d7107cdf22a669", "price_changes": [{"asset_id": "105219964236944624853675148584309778725794006962430628999457547788426427531421", "price": "0.2", "size": "500", "side": "BUY", "hash": "91aac81f316e2f367479e3b8e30aedfa8e2693f9", "best_bid": "0.76", "best_ask": "0.83"}, {"asset_id": "77264021124482996930500000314240244428363128071307387582782462823482509637188", "price": "0.8", "size": "500", "side": "SELL", "hash": "e868772bcfc6840c2d3e038118045d71841255f0", "best_bid": "0.17", "best_ask": "0.24"}], "timestamp": "1769384843386", "event_type": "price_change"}}
{"_local_timestamp": "2026-01-25T23:47:23.926374+00:00", "data": {"market": "0x206c3143628df465c101393d0f332f5e0e7ea1250c4a5406c5d7107cdf22a669", "price_changes": [{"asset_id": "105219964236944624853675148584309778725794006962430628999457547788426427531421", "price": "0.21", "size": "50", "side": "BUY", "hash": "c267b32818d7fa01db2b1df7f1889191205f452b", "best_bid": "0.76", "best_ask": "0.83"}, {"asset_id": "77264021124482996930500000314240244428363128071307387582782462823482509637188", "price": "0.79", "size": "50", "side": "SELL", "hash": "14c3defcc4d524fc81f2effeac6d2b336d27319a", "best_bid": "0.17", "best_ask": "0.24"}], "timestamp": "1769384843845", "event_type": "price_change"}}
{"_local_timestamp": "2026-01-25T23:47:26.797365+00:00", "data": {"market": "0x206c3143628df465c101393d0f332f5e0e7ea1250c4a5406c5d7107cdf22a669", "price_changes": [{"asset_id": "105219964236944624853675148584309778725794006962430628999457547788426427531421", "price": "0.02", "size": "4150", "side": "BUY", "hash": "60d00e3d06a1d756e99052ed0dc0f569d8f8579c", "best_bid": "0.76", "best_ask": "0.83"}, {"asset_id": "77264021124482996930500000314240244428363128071307387582782462823482509637188", "price": "0.98", "size": "4150", "side": "SELL", "hash": "e219b3a289ee447cea110035d5601e30875746d0", "best_bid": "0.17", "best_ask": "0.24"}], "timestamp": "1769384846724", "event_type": "price_change"}}
{"_local_timestamp": "2026-01-25T23:47:55.641692+00:00", "data": {"market": "0x206c3143628df465c101393d0f332f5e0e7ea1250c4a5406c5d7107cdf22a669", "price_changes": [{"asset_id": "105219964236944624853675148584309778725794006962430628999457547788426427531421", "price": "0.22", "size": "0", "side": "BUY", "hash": "d0faf4c8170e7d49cbe25112fc81adda71331004", "best_bid": "0.76", "best_ask": "0.83"}, {"asset_id": "77264021124482996930500000314240244428363128071307387582782462823482509637188", "price": "0.78", "size": "0", "side": "SELL", "hash": "c7869afd318ccd956161cc2574826d99e396eb09", "best_bid": "0.17", "best_ask": "0.24"}], "timestamp": "1769384875410", "event_type": "price_change"}}
{"_local_timestamp": "2026-01-25T23:48:24.780569+00:00", "data": {"market": "0x206c3143628df465c101393d0f332f5e0e7ea1250c4a5406c5d7107cdf22a669", "price_changes": [{"asset_id": "105219964236944624853675148584309778725794006962430628999457547788426427531421", "price": "0.02", "size": "4050", "side": "BUY", "hash": "b748bd8b0a7bceac969ef010d63c189face21e63", "best_bid": "0.76", "best_ask": "0.83"}, {"asset_id": "77264021124482996930500000314240244428363128071307387582782462823482509637188", "price": "0.98", "size": "4050", "side": "SELL", "hash": "1de5489c5bf653452a147df236a153a0aab94762", "best_bid": "0.17", "best_ask": "0.24"}], "timestamp": "1769384904543", "event_type": "price_change"}}
{"_local_timestamp": "2026-01-25T23:48:57.886246+00:00", "data": {"market": "0x206c3143628df465c101393d0f332f5e0e7ea1250c4a5406c5d7107cdf22a669", "price_changes": [{"asset_id": "105219964236944624853675148584309778725794006962430628999457547788426427531421", "price": "0.21", "size": "2048", "side": "BUY", "hash": "d661d13a9e4aac67f5782b5cb61906ed28e4020f", "best_bid": "0.76", "best_ask": "0.83"}, {"asset_id": "77264021124482996930500000314240244428363128071307387582782462823482509637188", "price": "0.79", "size": "2048", "side": "SELL", "hash": "9e1b612eb6433e90b389a97c7c8ad61a522f3562", "best_bid": "0.17", "best_ask": "0.24"}], "timestamp": "1769384937821", "event_type": "price_change"}}
{"_local_timestamp": "2026-01-25T23:49:41.751757+00:00", "data": {"market": "0x206c3143628df465c101393d0f332f5e0e7ea1250c4a5406c5d7107cdf22a669", "price_changes": [{"asset_id": "105219964236944624853675148584309778725794006962430628999457547788426427531421", "price": "0.21", "size": "1998", "side": "BUY", "hash": "4219db692fb1ead899fd9923ac5a4f570a26a406", "best_bid": "0.76", "best_ask": "0.83"}, {"asset_id": "77264021124482996930500000314240244428363128071307387582782462823482509637188", "price": "0.79", "size": "1998", "side": "SELL", "hash": "699520453d1f7c5e60b4797a9ce153f94558e153", "best_bid": "0.17", "best_ask": "0.24"}], "timestamp": "1769384981645", "event_type": "price_change"}}
{"_local_timestamp": "2026-01-25T23:49:42.409490+00:00", "data": {"market": "0x206c3143628df465c101393d0f332f5e0e7ea1250c4a5406c5d7107cdf22a669", "price_changes": [{"asset_id": "105219964236944624853675148584309778725794006962430628999457547788426427531421", "price": "0.22", "size": "50", "side": "BUY", "hash": "93fa72a726e1a999a91a0c39730c946ff6d9d546", "best_bid": "0.76", "best_ask": "0.83"}, {"asset_id": "77264021124482996930500000314240244428363128071307387582782462823482509637188", "price": "0.78", "size": "50", "side": "SELL", "hash": "a56bc7a7dd625a2825ab46c6df990e48443f6fc3", "best_bid": "0.17", "best_ask": "0.24"}], "timestamp": "1769384982225", "event_type": "price_change"}}
{"_local_timestamp": "2026-01-25T23:49:51.133979+00:00", "data": {"market": "0x206c3143628df465c101393d0f332f5e0e7ea1250c4a5406c5d7107cdf22a669", "price_changes": [{"asset_id": "105219964236944624853675148584309778725794006962430628999457547788426427531421", "price": "0.21", "size": "0", "side": "BUY", "hash": "9d755059919c48a6eba3295dc8e2e97767e0e006", "best_bid": "0.76", "best_ask": "0.83"}, {"asset_id": "77264021124482996930500000314240244428363128071307387582782462823482509637188", "price": "0.79", "size": "0", "side": "SELL", "hash": "ec6aa5f5b8a0f50541fd9508f69f609eaa4816f0", "best_bid": "0.17", "best_ask": "0.24"}], "timestamp": "1769384991039", "event_type": "price_change"}}
