{"_local_timestamp": "2026-01-25T23:33:21.181035+00:00", "data": [{"market": "0x072f78fe9fdddd1026fdc4191de874bfc6204a640b057dff2b8c60d4499216de", "asset_id": "75588056557933762931811811747081049918813733397737912928851329969312610207562", "timestamp": "1769383935114", "hash": "9c10be6a73bbaa49bd59c01a19a50a71c3956df5", "bids": [{"price": "0.001", "size": "2696"}, {"price": "0.002", "size": "250"}, {"price": "0.003", "size": "400"}, {"price": "0.004", "size": "200"}, {"price": "0.006", "size": "200"}, {"price": "0.01", "size": "10"}, {"price": "0.05", "size": "30"}, {"price": "0.06", "size": "33"}, {"price": "0.061", "size": "16"}, {"price": "0.182", "size": "10"}, {"price": "0.186", "size": "55.88"}, {"price": "0.187", "size": "5"}, {"price": "0.94", "size": "5"}], "asks": [{"price": "0.999", "size": "1838"}, {"price": "0.998", "size": "200"}, {"price": "0.996", "size": "72"}, {"price": "0.994", "size": "170.4"}, {"price": "0.993", "size": "171.6"}], "event_type": "book", "last_trade_price": ""}, {"market": "0x21ec1a1a98d45b93bcfbd43bd479080ea07d7ac04a6c04c5f5c8a6ab04254b63", "asset_id": "14328925763417442139197621001543021790006065537252578015014796747527455662352", "timestamp": "1769381814058", "hash": "8f355014d293fff43831289314d360fd114795fa", "bids": [{"price": "0.01", "size": "6095"}, {"price": "0.02", "size": "200"}], "asks": [{"price": "0.99", "size": "20"}, {"price": "0.98", "size": "10"}, {"price": "0.95", "size": "30"}, {"price": "0.94", "size": "33"}, {"price": "0.93", "size": "28"}, {"price": "0.92", "size": "5"}, {"price": "0.16", "size": "14.6"}, {"price": "0.09", "size": "10"}], "event_type": "book", "last_trade_price": ""}, {"market": "0x14bba94071d8389e65afd73e4f7f98635a30f9204e18a0aae944d81ecb5b11b5", "asset_id": "17238349877402020220423739599187418554488835152272111624247565382394695660801", "timestamp": "1769383935114", "hash": "121cf55e2d48c0e9a15a8d7390b48308bfe9fe4e", "bids": [{"price": "0.01", "size": "10"}, {"price": "0.05", "size": "30"}, {"price": "0.06", "size": "33"}, {"price": "0.07", "size": "19"}, {"price": "0.09", "size": "22"}, {"price": "0.11", "size": "55.88"}, {"price": "0.12", "size": "5"}, {"price": "0.92", "size": "5"}], "asks": [{"price": "0.99", "size": "85"}], "event_type": "book", "last_trade_price": ""}, {"market": "0xd68cc64895b019476884d85d818ebe159d0b386b120b68227b49254a031717c6", "asset_id": "89818712975143225224649198917103164198336735914959797810533685506142038888358", "timestamp": "1769383929409", "hash": "3c8336c8291971ff9b123262086d0fd41fc93004", "bids": [{"price": "0.01", "size": "10"}, {"price": "0.05", "size": "30"}, {"price": "0.06", "size": "33"}, {"price": "0.07", "size": "19"}, {"price": "0.08", "size": "5"}, {"price": "0.35", "size": "5"}, {"price": "0.36", "size": "55.88"}, {"price": "0.92", "size": "5"}], "asks": [{"price": "0.99", "size": "85"}], "event_type": "book", "last_trade_price": ""}, {"market": "0xa2a99c0550431b20b785aa58df80350119e0d5c40534437f67fd1a7cf1c7488c", "asset_id": "18838773501537904101924600093205602508873633617885732514445444810956091132297", "timestamp": "1769383995939", "hash": "213873e5b09df895bb3bccf583e7c8bd203abb58", "bids": [{"price": "0.01", "size": "15"}, {"price": "0.02", "size": "25"}, {"price": "0.03", "size": "12"}, {"price": "0.06", "size": "33"}, {"price": "0.07", "size": "154.2"}, {"price": "0.08", "size": "50"}], "asks": [{"price": "0.99", "size": "10"}, {"price": "0.98", "size": "5"}, {"price": "0.95", "size": "30"}, {"price": "0.94", "size": "33"}, {"price": "0.93", "size": "28"}, {"price": "0.79", "size": "55.88"}, {"price": "0.78", "size": "55.88"}, {"price": "0.77", "size": "5"}], "event_type": "book", "last_trade_price": ""}, {"market": "0xe7abaab52f1bb465a4f90077476bdbfbed8a4a7cf3eba8c45e5e03990a0d6a11", "asset_id": "86612853052142791453092368151684899424406609856959075210911166930609621721681", "timestamp": "1769383929409", "hash": "d06a6ab913f3c36f84e99b1cdd6bb8db8c2bc6ec", "bids": [{"price": "0.01", "size": "10"}, {"price": "0.02", "size": "100"}, {"price": "0.03", "size": "50"}, {"price": "0.1", "size": "150"}], "asks": [{"price": "0.99", "size": "410"}, {"price": "0.98", "size": "200"}, {"price": "0.97", "size": "66"}, {"price": "0.95", "size": "30"}, {"price": "0.94", "size": "33"}, {"price": "0.91", "size": "27"}, {"price": "0.89", "size": "55.88"}, {"price": "0.88", "size": "5"}, {"price": "0.72", "size": "140"}], "event_type": "book", "last_trade_price": ""}, {"market": "0xc3d27a62305aea369043257e8d214110c52fc0406c88db4a32e86de6946cea7a", "asset_id": "113305376835426572489989272001134870538391236802505369046499186638345003735531", "timestamp": "1769383935113", "hash": "8ed6f2e0dd9e7408f4a5f45d2f328bc03a5fd03f", "bids": [{"price": "0.001", "size": "1686"}, {"price": "0.002", "size": "200"}, {"price": "0.005", "size": "68.4"}, {"price": "0.007", "size": "170.4"}, {"price": "0.008", "size": "171.6"}], "asks": [{"price": "0.999", "size": "2695"}, {"price": "0.998", "size": "250"}, {"price": "0.997", "size": "400"}, {"price": "0.996", "size": "200"}, {"price": "0.994", "size": "200"}, {"price": "0.99", "size": "10"}, {"price": "0.95", "size": "30"}, {"price": "0.94", "size": "33"}, {"price": "0.939", "size": "16"}, {"price": "0.896", "size": "19"}, {"price": "0.894", "size": "55.88"}, {"price": "0.893", "size": "5"}, {"price": "0.08", "size": "10"}], "event_type": "book", "last_trade_price": ""}, {"market": "0x15c40b72401399c386de5af575adc14e87950a7304beec2e4e906c8daf53afd0", "asset_id": "17968051942271884096470420224906596167708171571010018967872758652539869396132", "timestamp": "1769382947782", "hash": "bd5d5a3b22b0994a14fe404a60b3b75a7c440a38", "bids": [], "asks": [{"price": "0.99", "size": "10"}, {"price": "0.95", "size": "30"}, {"price": "0.94", "size": "33"}, {"price": "0.92", "size": "14"}, {"price": "0.84", "size": "67.88"}, {"price": "0.83", "size": "55.88"}, {"price": "0.13", "size": "10"}], "event_type": "book", "last_trade_price": ""}, {"market": "0x15c40b72401399c386de5af575adc14e87950a7304beec2e4e906c8daf53afd0", "asset_id": "39743101969283910557235231502745977832030484287814817993875622222746275735299", "timestamp": "1769382947782", "hash": "71be4ce8e69f35590638e10ffa2d994c928b17da", "bids": [{"price": "0.01", "size": "10"}, {"price": "0.05", "size": "30"}, {"price": "0.06", "size": "33"}, {"price": "0.08", "size": "14"}, {"price": "0.16", "size": "67.88"}, {"price": "0.17", "size": "55.88"}, {"price": "0.87", "size": "10"}], "asks": [], "event_type": "book", "last_trade_price": ""}, {"market": "0x48dfb7cb79855c8b6b73c41bf87ebc28c6694f7d21941563a23727cc88fecbc2", "asset_id": "67233937364008252484804510566739458339576718378852948465733857788484469442726", "timestamp": "1769384000148", "hash": "5e89c12d6243e8a9ad4ca473457c28935c4b2c43", "bids": [{"price": "0.001", "size": "926"}, {"price": "0.002", "size": "450"}, {"price": "0.003", "size": "225"}, {"price": "0.01", "size": "10"}, {"price": "0.051", "size": "46.6"}], "asks": [{"price": "0.999", "size": "3140"}, {"price": "0.998", "size": "250"}, {"price": "0.997", "size": "400"}, {"price": "0.996", "size": "200"}, {"price": "0.994", "size": "200"}, {"price": "0.99", "size": "10"}, {"price": "0.989", "size": "181"}, {"price": "0.95", "size": "30"}, {"price": "0.949", "size": "39"}, {"price": "0.934", "size": "10"}, {"price": "0.7", "size": "240"}, {"price": "0.694", "size": "55.88"}, {"price": "0.693", "size": "10"}], "event_type": "book", "last_trade_price": ""}, {"market": "0xc3d27a62305aea369043257e8d214110c52fc0406c88db4a32e86de6946cea7a", "asset_id": "90081408455102651143328189756595201093551154495780373832215365513045800455110", "timestamp": "1769383935113", "hash": "9c26b910321c71c4431fb940eda5b6c319deb9a9", "bids": [{"price": "0.001", "size": "2695"}, {"price": "0.002", "size": "250"}, {"price": "0.003", "size": "400"}, {"price": "0.004", "size": "200"}, {"price": "0.006", "size": "200"}, {"price": "0.01", "size": "10"}, {"price": "0.05", "size": "30"}, {"price": "0.06", "size": "33"}, {"price": "0.061", "size": "16"}, {"price": "0.104", "size": "19"}, {"price": "0.106", "size": "55.88"}, {"price": "0.107", "size": "5"}, {"price": "0.92", "size": "10"}], "asks": [{"price": "0.999", "size": "1686"}, {"price": "0.998", "size": "200"}, {"price": "0.995", "size": "68.4"}, {"price": "0.993", "size": "170.4"}, {"price": "0.992", "size": "171.6"}], "event_type": "book", "last_trade_price": ""}, {"market": "0x4413b6cc01eb94457608d9bf81028b1e1a9400f6a88c8a491743e2f36166efc6", "asset_id": "99109620441457343508442827795191288986059675352942116171193493218675851970565", "timestamp": "1769383769010", "hash": "9277248180a923ee24a01077c60b86f978e86176", "bids": [{"price": "0.001", "size": "2683"}, {"price": "0.002", "size": "250"}, {"price": "0.003", "size": "400"}, {"price": "0.004", "size": "200"}, {"price": "0.006", "size": "200"}, {"price": "0.01", "size": "10"}, {"price": "0.05", "size": "30"}, {"price": "0.06", "size": "33"}, {"price": "0.061", "size": "16"}, {"price": "0.111", "size": "18"}, {"price": "0.112", "size": "5"}, {"price": "0.91", "size": "10"}, {"price": "0.92", "size": "8.89"}], "asks": [{"price": "0.999", "size": "1892"}, {"price": "0.998", "size": "200"}, {"price": "0.997", "size": "100"}, {"price": "0.993", "size": "14"}, {"price": "0.991", "size": "28.4"}, {"price": "0.99", "size": "28.6"}], "event_type": "book", "last_trade_price": ""}, {"market": "0x3a15c68640a2803f0cb58af22d7331bda158a8610b5c155b7c1ade895ce0d0c5", "asset_id": "82416597751292575078751990140829718960054420752399138074729362735316516528010", "timestamp": "1769383935113", "hash": "1e9c88bba2aa1db0825707f34a9f49f67f4ea2ef", "bids": [{"price": "0.01", "size": "85"}], "asks": [{"price": "0.99", "size": "10"}, {"price": "0.95", "size": "30"}, {"price": "0.94", "size": "33"}, {"price": "0.93", "size": "19"}, {"price": "0.92", "size": "25"}, {"price": "0.9", "size": "55.88"}, {"price": "0.89", "size": "5"}, {"price": "0.08", "size": "5"}], "event_type": "book", "last_trade_price": ""}, {"market": "0x65ec2e438dbc716e38dd621c12b6bd1adad7ddd75b7bfd6564ceb52aebdeea3e", "asset_id": "91522751478692951655728069729332914663369395027662039596305296413228934400158", "timestamp": "1769382729142", "hash": "5ea5cc9b54bc75c3adfb7f9cd7f350684a517119", "bids": [{"price": "0.01", "size": "85"}], "asks": [{"price": "0.99", "size": "10"}, {"price": "0.95", "size": "30"}, {"price": "0.94", "size": "33"}, {"price": "0.92", "size": "14"}, {"price": "0.91", "size": "5"}, {"price": "0.65", "size": "5"}, {"price": "0.64", "size": "27"}, {"price": "0.08", "size": "10"}], "event_type": "book", "last_trade_price": ""}, {"market": "0x3a15c68640a2803f0cb58af22d7331bda158a8610b5c155b7c1ade895ce0d0c5", "asset_id": "104584424881780763034528002208999992202026824532609965385809433262277719559676", "timestamp": "1769383935113", "hash": "c13a91db9c5bf1ed06f00fa87e19d5ccc9c8daf7", "bids": [{"price": "0.01", "size": "10"}, {"price": "0.05", "size": "30"}, {"price": "0.06", "size": "33"}, {"price": "0.07", "size": "19"}, {"price": "0.08", "size": "25"}, {"price": "0.1", "size": "55.88"}, {"price": "0.11", "size": "5"}, {"price": "0.92", "size": "5"}], "asks": [{"price": "0.99", "size": "85"}], "event_type": "book", "last_trade_price": ""}, {"market": "0x5ba8f2a142951a0c52bf7f5ee635de9b9a281c9287aecc36c050c4c4e9aa8152", "asset_id": "60890592027773034133377433604587708758843235111662313518681898446042010595713", "timestamp": "1769383997350", "hash": "bc27492e75fa8e0e1966813ff8efdd2d5a8451e0", "bids": [{"price": "0.01", "size": "5"}], "asks": [{"price": "0.99", "size": "10"}, {"price": "0.95", "size": "30"}, {"price": "0.94", "size": "33"}, {"price": "0.92", "size": "14"}, {"price": "0.88", "size": "16"}, {"price": "0.78", "size": "55.88"}, {"price": "0.65", "size": "80.88"}], "event_type": "book", "last_trade_price": ""}, {"market": "0x2f872932a27ebaaaf1ed92a3320e4a6c015fa7f68547bd53149e45b6f7b2125c", "asset_id": "78218837705267509978598780239438153096366119407217014946340658590888110764822", "timestamp": "1769383997349", "hash": "ea79b4327c5ac2c69915d69d741a7ae61bd265d9", "bids": [{"price": "0.01", "size": "8015"}, {"price": "0.02", "size": "450"}], "asks": [{"price": "0.99", "size": "410"}, {"price": "0.96", "size": "1000"}, {"price": "0.95", "size": "240"}, {"price": "0.94", "size": "33"}, {"price": "0.91", "size": "5"}, {"price": "0.66", "size": "245"}, {"price": "0.65", "size": "5"}, {"price": "0.64", "size": "32"}], "event_type": "book", "last_trade_price": ""}, {"market": "0x48dfb7cb79855c8b6b73c41bf87ebc28c6694f7d21941563a23727cc88fecbc2", "asset_id": "57988795751396977879324613303955678504450327836397454224942755059681236207090", "timestamp": "1769384000148", "hash": "43236bd2d7978eb86a8175667ee378a48fbbf041", "bids": [{"price": "0.001", "size": "3140"}, {"price": "0.002", "size": "250"}, {"price": "0.003", "size": "400"}, {"price": "0.004", "size": "200"}, {"price": "0.006", "size": "200"}, {"price": "0.01", "size": "10"}, {"price": "0.011", "size": "181"}, {"price": "0.05", "size": "30"}, {"price": "0.051", "size": "39"}, {"price": "0.066", "size": "10"}, {"price": "0.3", "size": "240"}, {"price": "0.306", "size": "55.88"}, {"price": "0.307", "size": "10"}], "asks": [{"price": "0.999", "size": "926"}, {"price": "0.998", "size": "450"}, {"price": "0.997", "size": "225"}, {"price": "0.99", "size": "10"}, {"price": "0.949", "size": "46.6"}], "event_type": "book", "last_trade_price": ""}, {"market": "0xc7de83da8a3d8ce2e83bd2e38e418b8d31adfb7c16f8033e3f6c5ceaecd81d24", "asset_id": "12132796766489260081881657075910547926914475075094254076117731512264602238042", "timestamp": "1769383769007", "hash": "d1668d9a064f30778cb650f2ead9b44b7d507875", "bids": [{"price": "0.001", "size": "1878"}, {"price": "0.002", "size": "450"}, {"price": "0.005", "size": "100.8"}, {"price": "0.007", "size": "170.4"}, {"price": "0.008", "size": "171.6"}], "asks": [{"price": "0.999", "size": "2684"}, {"price": "0.998", "size": "250"}, {"price": "0.997", "size": "400"}, {"price": "0.996", "size": "200"}, {"price": "0.994", "size": "200"}, {"price": "0.99", "size": "10"}, {"price": "0.95", "size": "30"}, {"price": "0.949", "size": "39"}, {"price": "0.948", "size": "19"}, {"price": "0.947", "size": "37"}, {"price": "0.946", "size": "5"}, {"price": "0.2", "size": "4.5"}, {"price": "0.199", "size": "5.5"}], "event_type": "book", "last_trade_price": ""}, {"market": "0xa2a99c0550431b20b785aa58df80350119e0d5c40534437f67fd1a7cf1c7488c", "asset_id": "73393029350004544408569808590410559817837736333579785688373172259215810325972", "timestamp": "1769383995939", "hash": "40794fedb64d6010177f7699d5eafe3931cb9894", "bids": [{"price": "0.01", "size": "10"}, {"price": "0.02", "size": "5"}, {"price": "0.05", "size": "30"}, {"price": "0.06", "size": "33"}, {"price": "0.07", "size": "28"}, {"price": "0.21", "size": "55.88"}, {"price": "0.22", "size": "55.88"}, {"price": "0.23", "size": "5"}], "asks": [{"price": "0.99", "size": "15"}, {"price": "0.98", "size": "25"}, {"price": "0.97", "size": "12"}, {"price": "0.94", "size": "33"}, {"price": "0.93", "size": "154.2"}, {"price": "0.92", "size": "50"}], "event_type": "book", "last_trade_price": ""}, {"market": "0x21ec1a1a98d45b93bcfbd43bd479080ea07d7ac04a6c04c5f5c8a6ab04254b63", "asset_id": "110338731148001318880617001393588686906932819501717057626586887285631069589237", "timestamp": "1769381814058", "hash": "afc97159a6ec061ccf52f362e7a0d9430a614b03", "bids": [{"price": "0.01", "size": "20"}, {"price": "0.02", "size": "10"}, {"price": "0.05", "size": "30"}, {"price": "0.06", "size": "33"}, {"price": "0.07", "size": "28"}, {"price": "0.08", "size": "5"}, {"price": "0.84", "size": "14.6"}, {"price": "0.91", "size": "10"}], "asks": [{"price": "0.99", "size": "6095"}, {"price": "0.98", "size": "200"}], "event_type": "book", "last_trade_price": ""}, {"market": "0x2f872932a27ebaaaf1ed92a3320e4a6c015fa7f68547bd53149e45b6f7b2125c", "asset_id": "70564914334594946498574562517614256298863409398693283657353657240818371263666", "timestamp": "1769383997349", "hash": "e3be7ed411b4b56d61cb0e6792c3a11170b5f0e7", "bids": [{"price": "0.01", "size": "410"}, {"price": "0.04", "size": "1000"}, {"price": "0.05", "size": "240"}, {"price": "0.06", "size": "33"}, {"price": "0.09", "size": "5"}, {"price": "0.34", "size": "245"}, {"price": "0.35", "size": "5"}, {"price": "0.36", "size": "32"}], "asks": [{"price": "0.99", "size": "8015"}, {"price": "0.98", "size": "450"}], "event_type": "book", "last_trade_price": ""}, {"market": "0xe7abaab52f1bb465a4f90077476bdbfbed8a4a7cf3eba8c45e5e03990a0d6a11", "asset_id": "31917512304822025507126440957201703153094027838728482709052738403102696297475", "timestamp": "1769383929409", "hash": "d5ff770d33678f9240c32851d27f28556fb1e052", "bids": [{"price": "0.01", "size": "410"}, {"price": "0.02", "size": "200"}, {"price": "0.03", "size": "66"}, {"price": "0.05", "size": "30"}, {"price": "0.06", "size": "33"}, {"price": "0.09", "size": "27"}, {"price": "0.11", "size": "55.88"}, {"price": "0.12", "size": "5"}, {"price": "0.28", "size": "140"}], "asks": [{"price": "0.99", "size": "10"}, {"price": "0.98", "size": "100"}, {"price": "0.97", "size": "50"}, {"price": "0.9", "size": "150"}], "event_type": "book", "last_trade_price": ""}, {"market": "0x2792c98927c0fc959dc02dd861a7eef8905cf709d87a55032e3b5510f641ff5e", "asset_id": "62714493276294780520152740864672934416695891835776346977426721728509461495262", "timestamp": "1769383935113", "hash": "68ea6a85d566a31609627ead9e58a5e7c066eb86", "bids": [{"price": "0.01", "size": "10"}, {"price": "0.05", "size": "30"}, {"price": "0.06", "size": "33"}, {"price": "0.08", "size": "14"}, {"price": "0.11", "size": "18"}, {"price": "0.13", "size": "55.88"}, {"price": "0.14", "size": "5"}, {"price": "0.92", "size": "5"}], "asks": [{"price": "0.99", "size": "85"}], "event_type": "book", "last_trade_price": ""}, {"market": "0x072f78fe9fdddd1026fdc4191de874bfc6204a640b057dff2b8c60d4499216de", "asset_id": "36359345091493122420125782801527366125981148297505108124081383519055669688350", "timestamp": "1769383935114", "hash": "7c8f1ecf59b6f05d0410ddb7023bbccd3256a088", "bids": [{"price": "0.001", "size": "1838"}, {"price": "0.002", "size": "200"}, {"price": "0.004", "size": "72"}, {"price": "0.006", "size": "170.4"}, {"price": "0.007", "size": "171.6"}], "asks": [{"price": "0.999", "size": "2696"}, {"price": "0.998", "size": "250"}, {"price": "0.997", "size": "400"}, {"price": "0.996", "size": "200"}, {"price": "0.994", "size": "200"}, {"price": "0.99", "size": "10"}, {"price": "0.95", "size": "30"}, {"price": "0.94", "size": "33"}, {"price": "0.939", "size": "16"}, {"price": "0.818", "size": "10"}, {"price": "0.814", "size": "55.88"}, {"price": "0.813", "size": "5"}, {"price": "0.06", "size": "5"}], "event_type": "book", "last_trade_price": ""}, {"market": "0x14bba94071d8389e65afd73e4f7f98635a30f9204e18a0aae944d81ecb5b11b5", "asset_id": "63711838603631475637268648716090611964668390847822064568906200413187438014927", "timestamp": "1769383935114", "hash": "fddb48a01b16f5c7f812201669e41e46cee14ed8", "bids": [{"price": "0.01", "size": "85"}], "asks": [{"price": "0.99", "size": "10"}, {"price": "0.95", "size": "30"}, {"price": "0.94", "size": "33"}, {"price": "0.93", "size": "19"}, {"price": "0.91", "size": "22"}, {"price": "0.89", "size": "55.88"}, {"price": "0.88", "size": "5"}, {"price": "0.08", "size": "5"}], "event_type": "book", "last_trade_price": ""}, {"market": "0x96e4c03ee7a68e05a827b144003aaafbdcf8ab88e43f32b119df53a05c5a60f6", "asset_id": "113784469481204683044913106419874267137693076604289204276448084342127316872", "timestamp": "1769383915222", "hash": "69954f0fbe8dd8c9b76503b9022a5174b4df7164", "bids": [{"price": "0.01", "size": "410"}, {"price": "0.02", "size": "600"}, {"price": "0.03", "size": "66"}, {"price": "0.05", "size": "30"}, {"price": "0.06", "size": "33"}, {"price": "0.07", "size": "5"}, {"price": "0.08", "size": "5"}, {"price": "0.32", "size": "240"}, {"price": "0.33", "size": "55.88"}], "asks": [{"price": "0.99", "size": "15"}, {"price": "0.98", "size": "25"}, {"price": "0.97", "size": "314.6"}, {"price": "0.96", "size": "217"}, {"price": "0.95", "size": "30"}], "event_type": "book", "last_trade_price": ""}, {"market": "0x5ba8f2a142951a0c52bf7f5ee635de9b9a281c9287aecc36c050c4c4e9aa8152", "asset_id": "110597648822811282616928024192733774053741778135452467932219202209122965275594", "timestamp": "1769383997350", "hash": "b98d8cacd61f35db990e782cad0db9d95f910bec", "bids": [{"price": "0.01", "size": "10"}, {"price": "0.05", "size": "30"}, {"price": "0.06", "size": "33"}, {"price": "0.08", "size": "14"}, {"price": "0.12", "size": "16"}, {"price": "0.22", "size": "55.88"}, {"price": "0.35", "size": "80.88"}], "asks": [{"price": "0.99", "size": "5"}], "event_type": "book", "last_trade_price": ""}, {"market": "0x65ec2e438dbc716e38dd621c12b6bd1adad7ddd75b7bfd6564ceb52aebdeea3e", "asset_id": "32682983346238331660833677910451334896005611171664149178681953694593687444948", "timestamp": "1769382729142", "hash": "4c328b7454156f15d35b61461842fcd3b2782308", "bids": [{"price": "0.01", "size": "10"}, {"price": "0.05", "size": "30"}, {"price": "0.06", "size": "33"}, {"price": "0.08", "size": "14"}, {"price": "0.09", "size": "5"}, {"price": "0.35", "size": "5"}, {"price": "0.36", "size": "27"}, {"price": "0.92", "size": "10"}], "asks": [{"price": "0.99", "size": "85"}], "event_type": "book", "last_trade_price": ""}, {"market": "0xd68cc64895b019476884d85d818ebe159d0b386b120b68227b49254a031717c6", "asset_id": "86657233930581940547398017486163161752766098311227614325269167533155851946745", "timestamp": "1769383929409", "hash": "f27c3ca987ac0c41dabe0e29dc0fe60fbac08eba", "bids": [{"price": "0.01", "size": "85"}], "asks": [{"price": "0.99", "size": "10"}, {"price": "0.95", "size": "30"}, {"price": "0.94", "size": "33"}, {"price": "0.93", "size": "19"}, {"price": "0.92", "size": "5"}, {"price": "0.65", "size": "5"}, {"price": "0.64", "size": "55.88"}, {"price": "0.08", "size": "5"}], "event_type": "book", "last_trade_price": ""}, {"market": "0xc7de83da8a3d8ce2e83bd2e38e418b8d31adfb7c16f8033e3f6c5ceaecd81d24", "asset_id": "39505350125066458141814602952313757445561341547096886850114727947519273597386", "timestamp": "1769383769007", "hash": "1b91b5b827e66d4d3a04910c4002c2eefa2e9dd2", "bids": [{"price": "0.001", "size": "2684"}, {"price": "0.002", "size": "250"}, {"price": "0.003", "size": "400"}, {"price": "0.004", "size": "200"}, {"price": "0.006", "size": "200"}, {"price": "0.01", "size": "10"}, {"price": "0.05", "size": "30"}, {"price": "0.051", "size": "39"}, {"price": "0.052", "size": "19"}, {"price": "0.053", "size": "37"}, {"price": "0.054", "size": "5"}, {"price": "0.8", "size": "4.5"}, {"price": "0.801", "size": "5.5"}], "asks": [{"price": "0.999", "size": "1878"}, {"price": "0.998", "size": "450"}, {"price": "0.995", "size": "100.8"}, {"price": "0.993", "size": "170.4"}, {"price": "0.992", "size": "171.6"}], "event_type": "book", "last_trade_price": ""}, {"market": "0x96e4c03ee7a68e05a827b144003aaafbdcf8ab88e43f32b119df53a05c5a60f6", "asset_id": "62908709149765582865659113591490166194171060274690343622485619125842239311845", "timestamp": "1769383915222", "hash": "32acc9988066e49589110e618390a419c7bf0679", "bids": [{"price": "0.01", "size": "15"}, {"price": "0.02", "size": "25"}, {"price": "0.03", "size": "314.6"}, {"price": "0.04", "size": "217"}, {"price": "0.05", "size": "30"}], "asks": [{"price": "0.99", "size": "410"}, {"price": "0.98", "size": "600"}, {"price": "0.97", "size": "66"}, {"price": "0.95", "size": "30"}, {"price": "0.94", "size": "33"}, {"price": "0.93", "size": "5"}, {"price": "0.92", "size": "5"}, {"price": "0.68", "size": "240"}, {"price": "0.67", "size": "55.88"}], "event_type": "book", "last_trade_price": ""}, {"market": "0x4413b6cc01eb94457608d9bf81028b1e1a9400f6a88c8a491743e2f36166efc6", "asset_id": "24446798836779560099752718155902447955891806891386092171681527131577169418975", "timestamp": "1769383769010", "hash": "a5d1890692394f233767ad547f4bd19fd932be15", "bids": [{"price": "0.001", "size": "1892"}, {"price": "0.002", "size": "200"}, {"price": "0.003", "size": "100"}, {"price": "0.007", "size": "14"}, {"price": "0.009", "size": "28.4"}, {"price": "0.01", "size": "28.6"}], "asks": [{"price": "0.999", "size": "2683"}, {"price": "0.998", "size": "250"}, {"price": "0.997", "size": "400"}, {"price": "0.996", "size": "200"}, {"price": "0.994", "size": "200"}, {"price": "0.99", "size": "10"}, {"price": "0.95", "size": "30"}, {"price": "0.94", "size": "33"}, {"price": "0.939", "size": "16"}, {"price": "0.889", "size": "18"}, {"price": "0.888", "size": "5"}, {"price": "0.09", "size": "10"}, {"price": "0.08", "size": "8.89"}], "event_type": "book", "last_trade_price": ""}, {"market": "0x2792c98927c0fc959dc02dd861a7eef8905cf709d87a55032e3b5510f641ff5e", "asset_id": "103524035065473406418750136079529096066943225588367788046872253333670834038102", "timestamp": "1769383935113", "hash": "179946fc328b216ba67b029f5d266318c2dbeabc", "bids": [{"price": "0.01", "size": "85"}], "asks": [{"price": "0.99", "size": "10"}, {"price": "0.95", "size": "30"}, {"price": "0.94", "size": "33"}, {"price": "0.92", "size": "14"}, {"price": "0.89", "size": "18"}, {"price": "0.87", "size": "55.88"}, {"price": "0.86", "size": "5"}, {"price": "0.08", "size": "5"}], "event_type": "book", "last_trade_price": ""}]}
{"_local_timestamp": "2026-01-25T23:33:52.360605+00:00", "data": {"market": "0xd68cc64895b019476884d85d818ebe159d0b386b120b68227b49254a031717c6", "price_changes": [{"asset_id": "89818712975143225224649198917103164198336735914959797810533685506142038888358", "price": "0.35", "size": "0", "side": "BUY", "hash": "8f3ed824e282d5f2da0a41e5dd9bdace6344cbb4", "best_bid": "0.92", "best_ask": "0.99"}, {"asset_id": "86657233930581940547398017486163161752766098311227614325269167533155851946745", "price": "0.65", "size": "0", "side": "SELL", "hash": "a9e44403ec1b7261a8ada23b3f5043d77b74a254", "best_bid": "0.01", "best_ask": "0.08"}], "timestamp": "1769384032291", "event_type": "price_change"}}
{"_local_timestamp": "2026-01-25T23:33:52.405715+00:00", "data": {"market": "0xd68cc64895b019476884d85d818ebe159d0b386b120b68227b49254a031717c6", "price_changes": [{"asset_id": "89818712975143225224649198917103164198336735914959797810533685506142038888358", "price": "0.09", "size": "22", "side": "BUY", "hash": "8abe1dbb84a4bb732ac096ed62ce5376d2437234", "best_bid": "0.92", "best_ask": "0.99"}, {"asset_id": "86657233930581940547398017486163161752766098311227614325269167533155851946745", "price": "0.91", "size": "22", "side": "SELL", "hash": "56c055954a46c798381f0ee74a735dde7b0892f5", "best_bid": "0.01", "best_ask": "0.08"}], "timestamp": "1769384032337", "event_type": "price_change"}}
{"_local_timestamp": "2026-01-25T23:33:54.244364+00:00", "data": {"market": "0xd68cc64895b019476884d85d818ebe159d0b386b120b68227b49254a031717c6", "price_changes": [{"asset_id": "89818712975143225224649198917103164198336735914959797810533685506142038888358", "price": "0.08", "size": "0", "side": "BUY", "hash": "056e00d9057de4e097016ab9c2da0fa1c8e08ff8", "best_bid": "0.92", "best_ask": "0.99"}, {"asset_id": "86657233930581940547398017486163161752766098311227614325269167533155851946745", "price": "0.92", "size": "0", "side": "SELL", "hash": "0ff3ef80eda1d84f1c2251f7ad29a91d65a71ac6", "best_bid": "0.01", "best_ask": "0.08"}], "timestamp": "1769384034161", "event_type": "price_change"}}
{"_local_timestamp": "2026-01-25T23:33:54.254689+00:00", "data": {"market": "0xd68cc64895b019476884d85d818ebe159d0b386b120b68227b49254a031717c6", "price_changes": [{"asset_id": "89818712975143225224649198917103164198336735914959797810533685506142038888358", "price": "0.1", "size": "5", "side": "BUY", "hash": "dc4688c3f0c45ce8820e5283b20e36141faf2fad", "best_bid": "0.92", "best_ask": "0.99"}, {"asset_id": "86657233930581940547398017486163161752766098311227614325269167533155851946745", "price": "0.9", "size": "5", "side": "SELL", "hash": "a708d9baae2eb5a6f8e01d4d4a7e538e85554665", "best_bid": "0.01", "best_ask": "0.08"}], "timestamp": "1769384034189", "event_type": "price_change"}}
