{"_local_timestamp": "2026-01-25T23:33:21.181035+00:00", "data": [{"market": "0x072f78fe9fdddd1026fdc4191de874bfc6204a640b057dff2b8c60d4499216de", "asset_id": "75588056557933762931811811747081049918813733397737912928851329969312610207562", "timestamp": "1769383935114", "hash": "9c10be6a73bbaa49bd59c01a19a50a71c3956df5", "bids": [{"price": "0.001", "size": "2696"}, {"price": "0.002", "size": "250"}, {"price": "0.003", "size": "400"}, {"price": "0.004", "size": "200"}, {"price": "0.006", "size": "200"}, {"price": "0.01", "size": "10"}, {"price": "0.05", "size": "30"}, {"price": "0.06", "size": "33"}, {"price": "0.061", "size": "16"}, {"price": "0.182", "size": "10"}, {"price": "0.186", "size": "55.88"}, {"price": "0.187", "size": "5"}, {"price": "0.94", "size": "5"}], "asks": [{"price": "0.999", "size": "1838"}, {"price": "0.998", "size": "200"}, {"price": "0.996", "size": "72"}, {"price": "0.994", "size": "170.4"}, {"price": "0.993", "size": "171.6"}], "event_type": "book", "last_trade_price": ""}, {"market": "0x21ec1a1a98d45b93bcfbd43bd479080ea07d7ac04a6c04c5f5c8a6ab04254b63", "asset_id": "14328925763417442139197621001543021790006065537252578015014796747527455662352", "timestamp": "1769381814058", "hash": "8f355014d293fff43831289314d360fd114795fa", "bids": [{"price": "0.01", "size": "6095"}, {"price": "0.02", "size": "200"}], "asks": [{"price": "0.99", "size": "20"}, {"price": "0.98", "size": "10"}, {"price": "0.95", "size": "30"}, {"price": "0.94", "size": "33"}, {"price": "0.93", "size": "28"}, {"price": "0.92", "size": "5"}, {"price": "0.16", "size": "14.6"}, {"price": "0.09", "size": "10"}], "event_type": "book", "last_trade_price": ""}, {"market": "0x14bba94071d8389e65afd73e4f7f98635a30f9204e18a0aae944d81ecb5b11b5", "asset_id": "17238349877402020220423739599187418554488835152272111624247565382394695660801", "timestamp": "1769383935114", "hash": "121cf55e2d48c0e9a15a8d7390b48308bfe9fe4e", "bids": [{"price": "0.01", "size": "10"}, {"price": "0.05", "size": "30"}, {"price": "0.06", "size": "33"}, {"price": "0.07", "size": "19"}, {"price": "0.09", "size": "22"}, {"price": "0.11", "size": "55.88"}, {"price": "0.12", "size": "5"}, {"price": "0.92", "size": "5"}], "asks": [{"price": "0.99", "size": "85"}], "event_type": "book", "last_trade_price": ""}, {"market": "0xd68cc64895b019476884d85d818ebe159d0b386b120b68227b49254a031717c6", "asset_id": "89818712975143225224649198917103164198336735914959797810533685506142038888358", "timestamp": "1769383929409", "hash": "3c8336c8291971ff9b123262086d0fd41fc93004", "bids": [{"price": "0.01", "size": "10"}, {"price": "0.05", "size": "30"}, {"price": "0.06", "size": "33"}, {"price": "0.07", "size": "19"}, {"price": "0.08", "size": "5"}, {"price": "0.35", "size": "5"}, {"price": "0.36", "size": "55.88"}, {"price": "0.92", "size": "5"}], "asks": [{"price": "0.99", "size": "85"}], "event_type": "book", "last_trade_price": ""}, {"market": "0xa2a99c0550431b20b785aa58df80350119e0d5c40534437f67fd1a7cf1c7488c", "asset_id": "18838773501537904101924600093205602508873633617885732514445444810956091132297", "timestamp": "1769383995939", "hash": "213873e5b09df895bb3bccf583e7c8bd203abb58", "bids": [{"price": "0.01", "size": "15"}, {"price": "0.02", "size": "25"}, {"price": "0.03", "size": "12"}, {"price": "0.06", "size": "33"}, {"price": "0.07", "size": "154.2"}, {"price": "0.08", "size": "50"}], "asks": [{"price": "0.99", "size": "10"}, {"price": "0.98", "size": "5"}, {"price": "0.95", "size": "30"}, {"price": "0.94", "size": "33"}, {"price": "0.93", "size": "28"}, {"price": "0.79", "size": "55.88"}, {"price": "0.78", "size": "55.88"}, {"price": "0.77", "size": "5"}], "event_type": "book", "last_trade_price": ""}, {"market": "0xe7abaab52f1bb465a4f90077476bdbfbed8a4a7cf3eba8c45e5e03990a0d6a11", "asset_id": "86612853052142791453092368151684899424406609856959075210911166930609621721681", "timestamp": "1769383929409", "hash": "d06a6ab913f3c36f84e99b1cdd6bb8db8c2bc6ec", "bids": [{"price": "0.01", "size": "10"}, {"price": "0.02", "size": "100"}, {"price": "0.03", "size": "50"}, {"price": "0.1", "size": "150"}], "asks": [{"price": "0.99", "size": "410"}, {"price": "0.98", "size": "200"}, {"price": "0.97", "size": "66"}, {"price": "0.95", "size": "30"}, {"price": "0.94", "size": "33"}, {"price": "0.91", "size": "27"}, {"price": "0.89", "size": "55.88"}, {"price": "0.88", "size": "5"}, {"price": "0.72", "size": "140"}], "event_type": "book", "last_trade_price": ""}, {"market": "0xc3d27a62305aea369043257e8d214110c52fc0406c88db4a32e86de6946cea7a", "asset_id": "113305376835426572489989272001134870538391236802505369046499186638345003735531", "timestamp": "1769383935113", "hash": "8ed6f2e0dd9e7408f4a5f45d2f328bc03a5fd03f", "bids": [{"price": "0.001", "size": "1686"}, {"price": "0.002", "size": "200"}, {"price": "0.005", "size": "68.4"}, {"price": "0.007", "size": "170.4"}, {"price": "0.008", "size": "171.6"}], "asks": [{"price": "0.999", "size": "2695"}, {"price": "0.998", "size": "250"}, {"price": "0.997", "size": "400"}, {"price": "0.996", "size": "200"}, {"price": "0.994", "size": "200"}, {"price": "0.99", "size": "10"}, {"price": "0.95", "size": "30"}, {"price": "0.94", "size": "33"}, {"price": "0.939", "size": "16"}, {"price": "0.896", "size": "19"}, {"price": "0.894", "size": "55.88"}, {"price": "0.893", "size": "5"}, {"price": "0.08", "size": "10"}], "event_type": "book", "last_trade_price": ""}, {"market": "0x15c40b72401399c386de5af575adc14e87950a7304beec2e4e906c8daf53afd0", "asset_id": "17968051942271884096470420224906596167708171571010018967872758652539869396132", "timestamp": "1769382947782", "hash": "bd5d5a3b22b0994a14fe404a60b3b75a7c440a38", "bids": [], "asks": [{"price": "0.99", "size": "10"}, {"price": "0.95", "size": "30"}, {"price": "0.94", "size": "33"}, {"price": "0.92", "size": "14"}, {"price": "0.84", "size": "67.88"}, {"price": "0.83", "size": "55.88"}, {"price": "0.13", "size": "10"}], "event_type": "book", "last_trade_price": ""}, {"market": "0x15c40b72401399c386de5af575adc14e87950a7304beec2e4e906c8daf53afd0", "asset_id": "39743101969283910557235231502745977832030484287814817993875622222746275735299", "timestamp": "1769382947782", "hash": "71be4ce8e69f35590638e10ffa2d994c928b17da", "bids": [{"price": "0.01", "size": "10"}, {"price": "0.05", "size": "30"}, {"price": "0.06", "size": "33"}, {"price": "0.08", "size": "14"}, {"price": "0.16", "size": "67.88"}, {"price": "0.17", "size": "55.88"}, {"price": "0.87", "size": "10"}], "asks": [], "event_type": "book", "last_trade_price": ""}, {"market": "0x48dfb7cb79855c8b6b73c41bf87ebc28c6694f7d21941563a23727cc88fecbc2", "asset_id": "67233937364008252484804510566739458339576718378852948465733857788484469442726", "timestamp": "1769384000148", "hash": "5e89c12d6243e8a9ad4ca473457c28935c4b2c43", "bids": [{"price": "0.001", "size": "926"}, {"price": "0.002", "size": "450"}, {"price": "0.003", "size": "225"}, {"price": "0.01", "size": "10"}, {"price": "0.051", "size": "46.6"}], "asks": [{"price": "0.999", "size": "3140"}, {"price": "0.998", "size": "250"}, {"price": "0.997", "size": "400"}, {"price": "0.996", "size": "200"}, {"price": "0.994", "size": "200"}, {"price": "0.99", "size": "10"}, {"price": "0.989", "size": "181"}, {"price": "0.95", "size": "30"}, {"price": "0.949", "size": "39"}, {"price": "0.934", "size": "10"}, {"price": "0.7", "size": "240"}, {"price": "0.694", "size": "55.88"}, {"price": "0.693", "size": "10"}], "event_type": "book", "last_trade_price": ""}, {"market": "0xc3d27a62305aea369043257e8d214110c52fc0406c88db4a32e86de6946cea7a", "asset_id": "90081408455102651143328189756595201093551154495780373832215365513045800455110", "timestamp": "1769383935113", "hash": "9c26b910321c71c4431fb940eda5b6c319deb9a9", "bids": [{"price": "0.001", "size": "2695"}, {"price": "0.002", "size": "250"}, {"price": "0.003", "size": "400"}, {"price": "0.004", "size": "200"}, {"price": "0.006", "size": "200"}, {"price": "0.01", "size": "10"}, {"price": "0.05", "size": "30"}, {"price": "0.06", "size": "33"}, {"price": "0.061", "size": "16"}, {"price": "0.104", "size": "19"}, {"price": "0.106", "size": "55.88"}, {"price": "0.107", "size": "5"}, {"price": "0.92", "size": "10"}], "asks": [{"price": "0.999", "size": "1686"}, {"price": "0.998", "size": "200"}, {"price": "0.995", "size": "68.4"}, {"price": "0.993", "size": "170.4"}, {"price": "0.992", "size": "171.6"}], "event_type": "book", "last_trade_price": ""}, {"market": "0x4413b6cc01eb94457608d9bf81028b1e1a9400f6a88c8a491743e2f36166efc6", "asset_id": "99109620441457343508442827795191288986059675352942116171193493218675851970565", "timestamp": "1769383769010", "hash": "9277248180a923ee24a01077c60b86f978e86176", "bids": [{"price": "0.001", "size": "2683"}, {"price": "0.002", "size": "250"}, {"price": "0.003", "size": "400"}, {"price": "0.004", "size": "200"}, {"price": "0.006", "size": "200"}, {"price": "0.01", "size": "10"}, {"price": "0.05", "size": "30"}, {"price": "0.06", "size": "33"}, {"price": "0.061", "size": "16"}, {"price": "0.111", "size": "18"}, {"price": "0.112", "size": "5"}, {"price": "0.91", "size": "10"}, {"price": "0.92", "size": "8.89"}], "asks": [{"price": "0.999", "size": "1892"}, {"price": "0.998", "size": "200"}, {"price": "0.997", "size": "100"}, {"price": "0.993", "size": "14"}, {"price": "0.991", "size": "28.4"}, {"price": "0.99", "size": "28.6"}], "event_type": "book", "last_trade_price": ""}, {"market": "0x3a15c68640a2803f0cb58af22d7331bda158a8610b5c155b7c1ade895ce0d0c5", "asset_id": "82416597751292575078751990140829718960054420752399138074729362735316516528010", "timestamp": "1769383935113", "hash": "1e9c88bba2aa1db0825707f34a9f49f67f4ea2ef", "bids": [{"price": "0.01", "size": "85"}], "asks": [{"price": "0.99", "size": "10"}, {"price": "0.95", "size": "30"}, {"price": "0.94", "size": "33"}, {"price": "0.93", "size": "19"}, {"price": "0.92", "size": "25"}, {"price": "0.9", "size": "55.88"}, {"price": "0.89", "size": "5"}, {"price": "0.08", "size": "5"}], "event_type": "book", "last_trade_price": ""}, {"market": "0x65ec2e438dbc716e38dd621c12b6bd1adad7ddd75b7bfd6564ceb52aebdeea3e", "asset_id": "91522751478692951655728069729332914663369395027662039596305296413228934400158", "timestamp": "1769382729142", "hash": "5ea5cc9b54bc75c3adfb7f9cd7f350684a517119", "bids": [{"price": "0.01", "size": "85"}], "asks": [{"price": "0.99", "size": "10"}, {"price": "0.95", "size": "30"}, {"price": "0.94", "size": "33"}, {"price": "0.92", "size": "14"}, {"price": "0.91", "size": "5"}, {"price": "0.65", "size": "5"}, {"price": "0.64", "size": "27"}, {"price": "0.08", "size": "10"}], "event_type": "book", "last_trade_price": ""}, {"market": "0x3a15c68640a2803f0cb58af22d7331bda158a8610b5c155b7c1ade895ce0d0c5", "asset_id": "104584424881780763034528002208999992202026824532609965385809433262277719559676", "timestamp": "1769383935113", "hash": "c13a91db9c5bf1ed06f00fa87e19d5ccc9c8daf7", "bids": [{"price": "0.01", "size": "10"}, {"price": "0.05", "size": "30"}, {"price": "0.06", "size": "33"}, {"price": "0.07", "size": "19"}, {"price": "0.08", "size": "25"}, {"price": "0.1", "size": "55.88"}, {"price": "0.11", "size": "5"}, {"price": "0.92", "size": "5"}], "asks": [{"price": "0.99", "size": "85"}], "event_type": "book", "last_trade_price": ""}, {"market": "0x5ba8f2a142951a0c52bf7f5ee635de9b9a281c9287aecc36c050c4c4e9aa8152", "asset_id": "60890592027773034133377433604587708758843235111662313518681898446042010595713", "timestamp": "1769383997350", "hash": "bc27492e75fa8e0e1966813ff8efdd2d5a8451e0", "bids": [{"price": "0.01", "size": "5"}], "asks": [{"price": "0.99", "size": "10"}, {"price": "0.95", "size": "30"}, {"price": "0.94", "size": "33"}, {"price": "0.92", "size": "14"}, {"price": "0.88", "size": "16"}, {"price": "0.78", "size": "55.88"}, {"price": "0.65", "size": "80.88"}], "event_type": "book", "last_trade_price": ""}, {"market": "0x2f872932a27ebaaaf1ed92a3320e4a6c015fa7f68547bd53149e45b6f7b2125c", "asset_id": "78218837705267509978598780239438153096366119407217014946340658590888110764822", "timestamp": "1769383997349", "hash": "ea79b4327c5ac2c69915d69d741a7ae61bd265d9", "bids": [{"price": "0.01", "size": "8015"}, {"price": "0.02", "size": "450"}], "asks": [{"price": "0.99", "size": "410"}, {"price": "0.96", "size": "1000"}, {"price": "0.95", "size": "240"}, {"price": "0.94", "size": "33"}, {"price": "0.91", "size": "5"}, {"price": "0.66", "size": "245"}, {"price": "0.65", "size": "5"}, {"price": "0.64", "size": "32"}], "event_type": "book", "last_trade_price": ""}, {"market": "0x48dfb7cb79855c8b6b73c41bf87ebc28c6694f7d21941563a23727cc88fecbc2", "asset_id": "57988795751396977879324613303955678504450327836397454224942755059681236207090", "timestamp": "1769384000148", "hash": "43236bd2d7978eb86a8175667ee378a48fbbf041", "bids": [{"price": "0.001", "size": "3140"}, {"price": "0.002", "size": "250"}, {"price": "0.003", "size": "400"}, {"price": "0.004", "size": "200"}, {"price": "0.006", "size": "200"}, {"price": "0.01", "size": "10"}, {"price": "0.011", "size": "181"}, {"price": "0.05", "size": "30"}, {"price": "0.051", "size": "39"}, {"price": "0.066", "size": "10"}, {"price": "0.3", "size": "240"}, {"price": "0.306", "size": "55.88"}, {"price": "0.307", "size": "10"}], "asks": [{"price": "0.999", "size": "926"}, {"price": "0.998", "size": "450"}, {"price": "0.997", "size": "225"}, {"price": "0.99", "size": "10"}, {"price": "0.949", "size": "46.6"}], "event_type": "book", "last_trade_price": ""}, {"market": "0xc7de83da8a3d8ce2e83bd2e38e418b8d31adfb7c16f8033e3f6c5ceaecd81d24", "asset_id": "12132796766489260081881657075910547926914475075094254076117731512264602238042", "timestamp": "1769383769007", "hash": "d1668d9a064f30778cb650f2ead9b44b7d507875", "bids": [{"price": "0.001", "size": "1878"}, {"price": "0.002", "size": "450"}, {"price": "0.005", "size": "100.8"}, {"price": "0.007", "size": "170.4"}, {"price": "0.008", "size": "171.6"}], "asks": [{"price": "0.999", "size": "2684"}, {"price": "0.998", "size": "250"}, {"price": "0.997", "size": "400"}, {"price": "0.996", "size": "200"}, {"price": "0.994", "size": "200"}, {"price": "0.99", "size": "10"}, {"price": "0.95", "size": "30"}, {"price": "0.949", "size": "39"}, {"price": "0.948", "size": "19"}, {"price": "0.947", "size": "37"}, {"price": "0.946", "size": "5"}, {"price": "0.2", "size": "4.5"}, {"price": "0.199", "size": "5.5"}], "event_type": "book", "last_trade_price": ""}, {"market": "0xa2a99c0550431b20b785aa58df80350119e0d5c40534437f67fd1a7cf1c7488c", "asset_id": "73393029350004544408569808590410559817837736333579785688373172259215810325972", "timestamp": "1769383995939", "hash": "40794fedb64d6010177f7699d5eafe3931cb9894", "bids": [{"price": "0.01", "size": "10"}, {"price": "0.02", "size": "5"}, {"price": "0.05", "size": "30"}, {"price": "0.06", "size": "33"}, {"price": "0.07", "size": "28"}, {"price": "0.21", "size": "55.88"}, {"price": "0.22", "size": "55.88"}, {"price": "0.23", "size": "5"}], "asks": [{"price": "0.99", "size": "15"}, {"price": "0.98", "size": "25"}, {"price": "0.97", "size": "12"}, {"price": "0.94", "size": "33"}, {"price": "0.93", "size": "154.2"}, {"price": "0.92", "size": "50"}], "event_type": "book", "last_trade_price": ""}, {"market": "0x21ec1a1a98d45b93bcfbd43bd479080ea07d7ac04a6c04c5f5c8a6ab04254b63", "asset_id": "110338731148001318880617001393588686906932819501717057626586887285631069589237", "timestamp": "1769381814058", "hash": "afc97159a6ec061ccf52f362e7a0d9430a614b03", "bids": [{"price": "0.01", "size": "20"}, {"price": "0.02", "size": "10"}, {"price": "0.05", "size": "30"}, {"price": "0.06", "size": "33"}, {"price": "0.07", "size": "28"}, {"price": "0.08", "size": "5"}, {"price": "0.84", "size": "14.6"}, {"price": "0.91", "size": "10"}], "asks": [{"price": "0.99", "size": "6095"}, {"price": "0.98", "size": "200"}], "event_type": "book", "last_trade_price": ""}, {"market": "0x2f872932a27ebaaaf1ed92a3320e4a6c015fa7f68547bd53149e45b6f7b2125c", "asset_id": "70564914334594946498574562517614256298863409398693283657353657240818371263666", "timestamp": "1769383997349", "hash": "e3be7ed411b4b56d61cb0e6792c3a11170b5f0e7", "bids": [{"price": "0.01", "size": "410"}, {"price": "0.04", "size": "1000"}, {"price": "0.05", "size": "240"}, {"price": "0.06", "size": "33"}, {"price": "0.09", "size": "5"}, {"price": "0.34", "size": "245"}, {"price": "0.35", "size": "5"}, {"price": "0.36", "size": "32"}], "asks": [{"price": "0.99", "size": "8015"}, {"price": "0.98", "size": "450"}], "event_type": "book", "last_trade_price": ""}, {"market": "0xe7abaab52f1bb465a4f90077476bdbfbed8a4a7cf3eba8c45e5e03990a0d6a11", "asset_id": "31917512304822025507126440957201703153094027838728482709052738403102696297475", "timestamp": "1769383929409", "hash": "d5ff770d33678f9240c32851d27f28556fb1e052", "bids": [{"price": "0.01", "size": "410"}, {"price": "0.02", "size": "200"}, {"price": "0.03", "size": "66"}, {"price": "0.05", "size": "30"}, {"price": "0.06", "size": "33"}, {"price": "0.09", "size": "27"}, {"price": "0.11", "size": "55.88"}, {"price": "0.12", "size": "5"}, {"price": "0.28", "size": "140"}], "asks": [{"price": "0.99", "size": "10"}, {"price": "0.98", "size": "100"}, {"price": "0.97", "size": "50"}, {"price": "0.9", "size": "150"}], "event_type": "book", "last_trade_price": ""}, {"market": "0x2792c98927c0fc959dc02dd861a7eef8905cf709d87a55032e3b5510f641ff5e", "asset_id": "62714493276294780520152740864672934416695891835776346977426721728509461495262", "timestamp": "1769383935113", "hash": "68ea6a85d566a31609627ead9e58a5e7c066eb86", "bids": [{"price": "0.01", "size": "10"}, {"price": "0.05", "size": "30"}, {"price": "0.06", "size": "33"}, {"price": "0.08", "size": "14"}, {"price": "0.11", "size": "18"}, {"price": "0.13", "size": "55.88"}, {"price": "0.14", "size": "5"}, {"price": "0.92", "size": "5"}], "asks": [{"price": "0.99", "size": "85"}], "event_type": "book", "last_trade_price": ""}, {"market": "0x072f78fe9fdddd1026fdc4191de874bfc6204a640b057dff2b8c60d4499216de", "asset_id": "36359345091493122420125782801527366125981148297505108124081383519055669688350", "timestamp": "1769383935114", "hash": "7c8f1ecf59b6f05d0410ddb7023bbccd3256a088", "bids": [{"price": "0.001", "size": "1838"}, {"price": "0.002", "size": "200"}, {"price": "0.004", "size": "72"}, {"price": "0.006", "size": "170.4"}, {"price": "0.007", "size": "171.6"}], "asks": [{"price": "0.999", "size": "2696"}, {"price": "0.998", "size": "250"}, {"price": "0.997", "size": "400"}, {"price": "0.996", "size": "200"}, {"price": "0.994", "size": "200"}, {"price": "0.99", "size": "10"}, {"price": "0.95", "size": "30"}, {"price": "0.94", "size": "33"}, {"price": "0.939", "size": "16"}, {"price": "0.818", "size": "10"}, {"price": "0.814", "size": "55.88"}, {"price": "0.813", "size": "5"}, {"price": "0.06", "size": "5"}], "event_type": "book", "last_trade_price": ""}, {"market": "0x14bba94071d8389e65afd73e4f7f98635a30f9204e18a0aae944d81ecb5b11b5", "asset_id": "63711838603631475637268648716090611964668390847822064568906200413187438014927", "timestamp": "1769383935114", "hash": "fddb48a01b16f5c7f812201669e41e46cee14ed8", "bids": [{"price": "0.01", "size": "85"}], "asks": [{"price": "0.99", "size": "10"}, {"price": "0.95", "size": "30"}, {"price": "0.94", "size": "33"}, {"price": "0.93", "size": "19"}, {"price": "0.91", "size": "22"}, {"price": "0.89", "size": "55.88"}, {"price": "0.88", "size": "5"}, {"price": "0.08", "size": "5"}], "event_type": "book", "last_trade_price": ""}, {"market": "0x96e4c03ee7a68e05a827b144003aaafbdcf8ab88e43f32b119df53a05c5a60f6", "asset_id": "113784469481204683044913106419874267137693076604289204276448084342127316872", "timestamp": "1769383915222", "hash": "69954f0fbe8dd8c9b76503b9022a5174b4df7164", "bids": [{"price": "0.01", "size": "410"}, {"price": "0.02", "size": "600"}, {"price": "0.03", "size": "66"}, {"price": "0.05", "size": "30"}, {"price": "0.06", "size": "33"}, {"price": "0.07", "size": "5"}, {"price": "0.08", "size": "5"}, {"price": "0.32", "size": "240"}, {"price": "0.33", "size": "55.88"}], "asks": [{"price": "0.99", "size": "15"}, {"price": "0.98", "size": "25"}, {"price": "0.97", "size": "314.6"}, {"price": "0.96", "size": "217"}, {"price": "0.95", "size": "30"}], "event_type": "book", "last_trade_price": ""}, {"market": "0x5ba8f2a142951a0c52bf7f5ee635de9b9a281c9287aecc36c050c4c4e9aa8152", "asset_id": "110597648822811282616928024192733774053741778135452467932219202209122965275594", "timestamp": "1769383997350", "hash": "b98d8cacd61f35db990e782cad0db9d95f910bec", "bids": [{"price": "0.01", "size": "10"}, {"price": "0.05", "size": "30"}, {"price": "0.06", "size": "33"}, {"price": "0.08", "size": "14"}, {"price": "0.12", "size": "16"}, {"price": "0.22", "size": "55.88"}, {"price": "0.35", "size": "80.88"}], "asks": [{"price": "0.99", "size": "5"}], "event_type": "book", "last_trade_price": ""}, {"market": "0x65ec2e438dbc716e38dd621c12b6bd1adad7ddd75b7bfd6564ceb52aebdeea3e", "asset_id": "32682983346238331660833677910451334896005611171664149178681953694593687444948", "timestamp": "1769382729142", "hash": "4c328b7454156f15d35b61461842fcd3b2782308", "bids": [{"price": "0.01", "size": "10"}, {"price": "0.05", "size": "30"}, {"price": "0.06", "size": "33"}, {"price": "0.08", "size": "14"}, {"price": "0.09", "size": "5"}, {"price": "0.35", "size": "5"}, {"price": "0.36", "size": "27"}, {"price": "0.92", "size": "10"}], "asks": [{"price": "0.99", "size": "85"}], "event_type": "book", "last_trade_price": ""}, {"market": "0xd68cc64895b019476884d85d818ebe159d0b386b120b68227b49254a031717c6", "asset_id": "86657233930581940547398017486163161752766098311227614325269167533155851946745", "timestamp": "1769383929409", "hash": "f27c3ca987ac0c41dabe0e29dc0fe60fbac08eba", "bids": [{"price": "0.01", "size": "85"}], "asks": [{"price": "0.99", "size": "10"}, {"price": "0.95", "size": "30"}, {"price": "0.94", "size": "33"}, {"price": "0.93", "size": "19"}, {"price": "0.92", "size": "5"}, {"price": "0.65", "size": "5"}, {"price": "0.64", "size": "55.88"}, {"price": "0.08", "size": "5"}], "event_type": "book", "last_trade_price": ""}, {"market": "0xc7de83da8a3d8ce2e83bd2e38e418b8d31adfb7c16f8033e3f6c5ceaecd81d24", "asset_id": "39505350125066458141814602952313757445561341547096886850114727947519273597386", "timestamp": "1769383769007", "hash": "1b91b5b827e66d4d3a04910c4002c2eefa2e9dd2", "bids": [{"price": "0.001", "size": "2684"}, {"price": "0.002", "size": "250"}, {"price": "0.003", "size": "400"}, {"price": "0.004", "size": "200"}, {"price": "0.006", "size": "200"}, {"price": "0.01", "size": "10"}, {"price": "0.05", "size": "30"}, {"price": "0.051", "size": "39"}, {"price": "0.052", "size": "19"}, {"price": "0.053", "size": "37"}, {"price": "0.054", "size": "5"}, {"price": "0.8", "size": "4.5"}, {"price": "0.801", "size": "5.5"}], "asks": [{"price": "0.999", "size": "1878"}, {"price": "0.998", "size": "450"}, {"price": "0.995", "size": "100.8"}, {"price": "0.993", "size": "170.4"}, {"price": "0.992", "size": "171.6"}], "event_type": "book", "last_trade_price": ""}, {"market": "0x96e4c03ee7a68e05a827b144003aaafbdcf8ab88e43f32b119df53a05c5a60f6", "asset_id": "62908709149765582865659113591490166194171060274690343622485619125842239311845", "timestamp": "1769383915222", "hash": "32acc9988066e49589110e618390a419c7bf0679", "bids": [{"price": "0.01", "size": "15"}, {"price": "0.02", "size": "25"}, {"price": "0.03", "size": "314.6"}, {"price": "0.04", "size": "217"}, {"price": "0.05", "size": "30"}], "asks": [{"price": "0.99", "size": "410"}, {"price": "0.98", "size": "600"}, {"price": "0.97", "size": "66"}, {"price": "0.95", "size": "30"}, {"price": "0.94", "size": "33"}, {"price": "0.93", "size": "5"}, {"price": "0.92", "size": "5"}, {"price": "0.68", "size": "240"}, {"price": "0.67", "size": "55.88"}], "event_type": "book", "last_trade_price": ""}, {"market": "0x4413b6cc01eb94457608d9bf81028b1e1a9400f6a88c8a491743e2f36166efc6", "asset_id": "24446798836779560099752718155902447955891806891386092171681527131577169418975", "timestamp": "1769383769010", "hash": "a5d1890692394f233767ad547f4bd19fd932be15", "bids": [{"price": "0.001", "size": "1892"}, {"price": "0.002", "size": "200"}, {"price": "0.003", "size": "100"}, {"price": "0.007", "size": "14"}, {"price": "0.009", "size": "28.4"}, {"price": "0.01", "size": "28.6"}], "asks": [{"price": "0.999", "size": "2683"}, {"price": "0.998", "size": "250"}, {"price": "0.997", "size": "400"}, {"price": "0.996", "size": "200"}, {"price": "0.994", "size": "200"}, {"price": "0.99", "size": "10"}, {"price": "0.95", "size": "30"}, {"price": "0.94", "size": "33"}, {"price": "0.939", "size": "16"}, {"price": "0.889", "size": "18"}, {"price": "0.888", "size": "5"}, {"price": "0.09", "size": "10"}, {"price": "0.08", "size": "8.89"}], "event_type": "book", "last_trade_price": ""}, {"market": "0x2792c98927c0fc959dc02dd861a7eef8905cf709d87a55032e3b5510f641ff5e", "asset_id": "103524035065473406418750136079529096066943225588367788046872253333670834038102", "timestamp": "1769383935113", "hash": "179946fc328b216ba67b029f5d266318c2dbeabc", "bids": [{"price": "0.01", "size": "85"}], "asks": [{"price": "0.99", "size": "10"}, {"price": "0.95", "size": "30"}, {"price": "0.94", "size": "33"}, {"price": "0.92", "size": "14"}, {"price": "0.89", "size": "18"}, {"price": "0.87", "size": "55.88"}, {"price": "0.86", "size": "5"}, {"price": "0.08", "size": "5"}], "event_type": "book", "last_trade_price": ""}]}
{"_local_timestamp": "2026-01-25T23:33:52.360605+00:00", "data": {"market": "0xd68cc64895b019476884d85d818ebe159d0b386b120b68227b49254a031717c6", "price_changes": [{"asset_id": "89818712975143225224649198917103164198336735914959797810533685506142038888358", "price": "0.35", "size": "0", "side": "BUY", "hash": "8f3ed824e282d5f2da0a41e5dd9bdace6344cbb4", "best_bid": "0.92", "best_ask": "0.99"}, {"asset_id": "86657233930581940547398017486163161752766098311227614325269167533155851946745", "price": "0.65", "size": "0", "side": "SELL", "hash": "a9e44403ec1b7261a8ada23b3f5043d77b74a254", "best_bid": "0.01", "best_ask": "0.08"}], "timestamp": "1769384032291", "event_type": "price_change"}}
{"_local_timestamp": "2026-01-25T23:33:52.405715+00:00", "data": {"market": "0xd68cc64895b019476884d85d818ebe159d0b386b120b68227b49254a031717c6", "price_changes": [{"asset_id": "89818712975143225224649198917103164198336735914959797810533685506142038888358", "price": "0.09", "size": "22", "side": "BUY", "hash": "8abe1dbb84a4bb732ac096ed62ce5376d2437234", "best_bid": "0.92", "best_ask": "0.99"}, {"asset_id": "86657233930581940547398017486163161752766098311227614325269167533155851946745", "price": "0.91", "size": "22", "side": "SELL", "hash": "56c055954a46c798381f0ee74a735dde7b0892f5", "best_bid": "0.01", "best_ask": "0.08"}], "timestamp": "1769384032337", "event_type": "price_change"}}
{"_local_timestamp": "2026-01-25T23:33:54.244364+00:00", "data": {"market": "0xd68cc64895b019476884d85d818ebe159d0b386b120b68227b49254a031717c6", "price_changes": [{"asset_id": "89818712975143225224649198917103164198336735914959797810533685506142038888358", "price": "0.08", "size": "0", "side": "BUY", "hash": "056e00d9057de4e097016ab9c2da0fa1c8e08ff8", "best_bid": "0.92", "best_ask": "0.99"}, {"asset_id": "86657233930581940547398017486163161752766098311227614325269167533155851946745", "price": "0.92", "size": "0", "side": "SELL", "hash": "0ff3ef80eda1d84f1c2251f7ad29a91d65a71ac6", "best_bid": "0.01", "best_ask": "0.08"}], "timestamp": "1769384034161", "event_type": "price_change"}}
{"_local_timestamp": "2026-01-25T23:33:54.254689+00:00", "data": {"market": "0xd68cc64895b019476884d85d818ebe159d0b386b120b68227b49254a031717c6", "price_changes": [{"asset_id": "89818712975143225224649198917103164198336735914959797810533685506142038888358", "price": "0.1", "size": "5", "side": "BUY", "hash": "dc4688c3f0c45ce8820e5283b20e36141faf2fad", "best_bid": "0.92", "best_ask": "0.99"}, {"asset_id": "86657233930581940547398017486163161752766098311227614325269167533155851946745", "price": "0.9", "size": "5", "side": "SELL", "hash": "a708d9baae2eb5a6f8e01d4d4a7e538e85554665", "best_bid": "0.01", "best_ask": "0.08"}], "timestamp": "1769384034189", "event_type": "price_change"}}
{"_local_timestamp": "2026-01-25T23:34:32.580183+00:00", "data": {"market": "0xc3d27a62305aea369043257e8d214110c52fc0406c88db4a32e86de6946cea7a", "price_changes": [{"asset_id": "90081408455102651143328189756595201093551154495780373832215365513045800455110", "price": "0.91", "size": "50", "side": "BUY", "hash": "4c94d6870dc7ca827b1239a8b6c07b5bf4e99fa2", "best_bid": "0.92", "best_ask": "0.992"}, {"asset_id": "113305376835426572489989272001134870538391236802505369046499186638345003735531", "price": "0.09", "size": "50", "side": "SELL", "hash": "625c9c2addfc97d33f22643ed5a5d831ffbcc230", "best_bid": "0.008", "best_ask": "0.08"}], "timestamp": "1769384072509", "event_type": "price_change"}}
{"_local_timestamp": "2026-01-25T23:34:32.584926+00:00", "data": {"market": "0x14bba94071d8389e65afd73e4f7f98635a30f9204e18a0aae944d81ecb5b11b5", "price_changes": [{"asset_id": "17238349877402020220423739599187418554488835152272111624247565382394695660801", "price": "0.91", "size": "50", "side": "BUY", "hash": "a136e649b4820522009dd554fdfbab759404fa57", "best_bid": "0.92", "best_ask": "0.99"}, {"asset_id": "63711838603631475637268648716090611964668390847822064568906200413187438014927", "price": "0.09", "size": "50", "side": "SELL", "hash": "a4a9d77b20548d6b2e1be32cdee15b02aee26516", "best_bid": "0.01", "best_ask": "0.08"}], "timestamp": "1769384072509", "event_type": "price_change"}}
{"_local_timestamp": "2026-01-25T23:34:32.585922+00:00", "data": {"market": "0x3a15c68640a2803f0cb58af22d7331bda158a8610b5c155b7c1ade895ce0d0c5", "price_changes": [{"asset_id": "104584424881780763034528002208999992202026824532609965385809433262277719559676", "price": "0.91", "size": "50", "side": "BUY", "hash": "0b93b73bb28b567ff4478a8a95c62a2e48b0c994", "best_bid": "0.92", "best_ask": "0.99"}, {"asset_id": "82416597751292575078751990140829718960054420752399138074729362735316516528010", "price": "0.09", "size": "50", "side": "SELL", "hash": "631c228e584631599032d9bdde38af5f6c58fe3f", "best_bid": "0.01", "best_ask": "0.08"}], "timestamp": "1769384072509", "event_type": "price_change"}}
{"_local_timestamp": "2026-01-25T23:34:32.586356+00:00", "data": {"market": "0x2f872932a27ebaaaf1ed92a3320e4a6c015fa7f68547bd53149e45b6f7b2125c", "price_changes": [{"asset_id": "70564914334594946498574562517614256298863409398693283657353657240818371263666", "price": "0.76", "size": "50", "side": "BUY", "hash": "913d6140a5fe53a7e230a7cb517223502b9a5437", "best_bid": "0.76", "best_ask": "0.98"}, {"asset_id": "78218837705267509978598780239438153096366119407217014946340658590888110764822", "price": "0.24", "size": "50", "side": "SELL", "hash": "ca99bfab6dc88d42add54ef162b1b9eadd8d16c1", "best_bid": "0.02", "best_ask": "0.24"}], "timestamp": "1769384072509", "event_type": "price_change"}}
{"_local_timestamp": "2026-01-25T23:34:32.623323+00:00", "data": {"market": "0xd68cc64895b019476884d85d818ebe159d0b386b120b68227b49254a031717c6", "price_changes": [{"asset_id": "89818712975143225224649198917103164198336735914959797810533685506142038888358", "price": "0.91", "size": "50", "side": "BUY", "hash": "b22239825cbd127694baf044513c1ef3cb3c582e", "best_bid": "0.92", "best_ask": "0.99"}, {"asset_id": "86657233930581940547398017486163161752766098311227614325269167533155851946745", "price": "0.09", "size": "50", "side": "SELL", "hash": "9f9aa641d5f728c98c72d0a254a984b6c0d4ecaf", "best_bid": "0.01", "best_ask": "0.08"}], "timestamp": "1769384072509", "event_type": "price_change"}}
{"_local_timestamp": "2026-01-25T23:34:33.801719+00:00", "data": {"market": "0x2f872932a27ebaaaf1ed92a3320e4a6c015fa7f68547bd53149e45b6f7b2125c", "price_changes": [{"asset_id": "70564914334594946498574562517614256298863409398693283657353657240818371263666", "price": "0.36", "size": "27", "side": "BUY", "hash": "2597009978b8a662137b237f4322da4db2e51e0a", "best_bid": "0.76", "best_ask": "0.98"}, {"asset_id": "78218837705267509978598780239438153096366119407217014946340658590888110764822", "price": "0.64", "size": "27", "side": "SELL", "hash": "1b375c66dd6b024917b346d132e0315e8caf337d", "best_bid": "0.02", "best_ask": "0.24"}], "timestamp": "1769384073732", "event_type": "price_change"}}
{"_local_timestamp": "2026-01-25T23:34:34.677085+00:00", "data": {"market": "0x2792c98927c0fc959dc02dd861a7eef8905cf709d87a55032e3b5510f641ff5e", "price_changes": [{"asset_id": "62714493276294780520152740864672934416695891835776346977426721728509461495262", "price": "0.91", "size": "50", "side": "BUY", "hash": "71ac4e294a1505c17efdfb779464a5edb57bc8c5", "best_bid": "0.92", "best_ask": "0.99"}, {"asset_id": "103524035065473406418750136079529096066943225588367788046872253333670834038102", "price": "0.09", "size": "50", "side": "SELL", "hash": "890d65c2736c2e47b4b5f41719da8d90dfffabb5", "best_bid": "0.01", "best_ask": "0.08"}], "timestamp": "1769384074609", "event_type": "price_change"}}
{"_local_timestamp": "2026-01-25T23:34:34.683967+00:00", "data": {"market": "0xe7abaab52f1bb465a4f90077476bdbfbed8a4a7cf3eba8c45e5e03990a0d6a11", "price_changes": [{"asset_id": "31917512304822025507126440957201703153094027838728482709052738403102696297475", "price": "0.31", "size": "50", "side": "BUY", "hash": "19e70e483c7f3e2fe21ec7c11d93c74fbf90f2ff", "best_bid": "0.31", "best_ask": "0.9"}, {"asset_id": "86612853052142791453092368151684899424406609856959075210911166930609621721681", "price": "0.69", "size": "50", "side": "SELL", "hash": "5d530d0285d2e2ed7f11b9eb669d08e7fe66a1b0", "best_bid": "0.1", "best_ask": "0.69"}], "timestamp": "1769384074609", "event_type": "price_change"}}
{"_local_timestamp": "2026-01-25T23:34:34.685588+00:00", "data": {"market": "0x4413b6cc01eb94457608d9bf81028b1e1a9400f6a88c8a491743e2f36166efc6", "price_changes": [{"asset_id": "99109620441457343508442827795191288986059675352942116171193493218675851970565", "price": "0.91", "size": "60", "side": "BUY", "hash": "004f4ee1c7dbd9e2d5b0a6a92039b32b67e8bc6f", "best_bid": "0.92", "best_ask": "0.99"}, {"asset_id": "24446798836779560099752718155902447955891806891386092171681527131577169418975", "price": "0.09", "size": "60", "side": "SELL", "hash": "dfb4bbc01dfa3c127423d246724e09d8c9d75a30", "best_bid": "0.01", "best_ask": "0.08"}], "timestamp": "1769384074609", "event_type": "price_change"}}
{"_local_timestamp": "2026-01-25T23:34:34.687106+00:00", "data": {"market": "0xa2a99c0550431b20b785aa58df80350119e0d5c40534437f67fd1a7cf1c7488c", "price_changes": [{"asset_id": "73393029350004544408569808590410559817837736333579785688373172259215810325972", "price": "0.72", "size": "50", "side": "BUY", "hash": "bec25e77e61f3c8c12fb868b181405dae30cf77b", "best_bid": "0.72", "best_ask": "0.92"}, {"asset_id": "18838773501537904101924600093205602508873633617885732514445444810956091132297", "price": "0.28", "size": "50", "side": "SELL", "hash": "07c0fc51306b45cb4acc62695e22be1dbfa65844", "best_bid": "0.08", "best_ask": "0.28"}], "timestamp": "1769384074609", "event_type": "price_change"}}
{"_local_timestamp": "2026-01-25T23:34:34.687681+00:00", "data": {"market": "0xc7de83da8a3d8ce2e83bd2e38e418b8d31adfb7c16f8033e3f6c5ceaecd81d24", "price_changes": [{"asset_id": "39505350125066458141814602952313757445561341547096886850114727947519273597386", "price": "0.91", "size": "50", "side": "BUY", "hash": "7170d33ad977983188a4be8dd8a33115caf5a832", "best_bid": "0.91", "best_ask": "0.992"}, {"asset_id": "12132796766489260081881657075910547926914475075094254076117731512264602238042", "price": "0.09", "size": "50", "side": "SELL", "hash": "050662672734666708fea30e2aff2ab704fec696", "best_bid": "0.008", "best_ask": "0.09"}], "timestamp": "1769384074609", "event_type": "price_change"}}
{"_local_timestamp": "2026-01-25T23:34:34.688086+00:00", "data": {"market": "0x96e4c03ee7a68e05a827b144003aaafbdcf8ab88e43f32b119df53a05c5a60f6", "price_changes": [{"asset_id": "113784469481204683044913106419874267137693076604289204276448084342127316872", "price": "0.74", "size": "50", "side": "BUY", "hash": "ba412d5630eb263a9cd855194b67be2c6019eb3a", "best_bid": "0.74", "best_ask": "0.95"}, {"asset_id": "62908709149765582865659113591490166194171060274690343622485619125842239311845", "price": "0.26", "size": "50", "side": "SELL", "hash": "1662ce4fd25ee0efab82f7d2ae162ebcd3b5a8aa", "best_bid": "0.05", "best_ask": "0.26"}], "timestamp": "1769384074609", "event_type": "price_change"}}
{"_local_timestamp": "2026-01-25T23:34:45.031910+00:00", "data": {"market": "0x2f872932a27ebaaaf1ed92a3320e4a6c015fa7f68547bd53149e45b6f7b2125c", "price_changes": [{"asset_id": "70564914334594946498574562517614256298863409398693283657353657240818371263666", "price": "0.76", "size": "0", "side": "BUY", "hash": "519926d56b584b18d08e4365168e637ae9d0a22f", "best_bid": "0.36", "best_ask": "0.98"}, {"asset_id": "78218837705267509978598780239438153096366119407217014946340658590888110764822", "price": "0.24", "size": "0", "side": "SELL", "hash": "d29cc82e40f7734234dfac48bc1bff63729246f9", "best_bid": "0.02", "best_ask": "0.64"}], "timestamp": "1769384084959", "event_type": "price_change"}}
{"_local_timestamp": "2026-01-25T23:34:46.049141+00:00", "data": {"market": "0x2f872932a27ebaaaf1ed92a3320e4a6c015fa7f68547bd53149e45b6f7b2125c", "price_changes": [{"asset_id": "70564914334594946498574562517614256298863409398693283657353657240818371263666", "price": "0.36", "size": "32", "side": "BUY", "hash": "862112ab7d0ad259cb1e4cd3f93175bf9d59805b", "best_bid": "0.36", "best_ask": "0.98"}, {"asset_id": "78218837705267509978598780239438153096366119407217014946340658590888110764822", "price": "0.64", "size": "32", "side": "SELL", "hash": "fc11e2c86170498a9b7bfb0e017e5b8e615a4dc8", "best_bid": "0.02", "best_ask": "0.64"}], "timestamp": "1769384085987", "event_type": "price_change"}}
{"_local_timestamp": "2026-01-25T23:34:51.116867+00:00", "data": {"market": "0xa2a99c0550431b20b785aa58df80350119e0d5c40534437f67fd1a7cf1c7488c", "price_changes": [{"asset_id": "73393029350004544408569808590410559817837736333579785688373172259215810325972", "price": "0.21", "size": "0", "side": "BUY", "hash": "c7d20dcb722be2bf7c8e55a15601937b4f0d4123", "best_bid": "0.72", "best_ask": "0.92"}, {"asset_id": "18838773501537904101924600093205602508873633617885732514445444810956091132297", "price": "0.79", "size": "0", "side": "SELL", "hash": "d4e4f98a7a7011bd2417b12f662ad7a0e86d4a48", "best_bid": "0.08", "best_ask": "0.28"}], "timestamp": "1769384091048", "event_type": "price_change"}}
{"_local_timestamp": "2026-01-25T23:34:51.117523+00:00", "data": {"market": "0x2f872932a27ebaaaf1ed92a3320e4a6c015fa7f68547bd53149e45b6f7b2125c", "price_changes": [{"asset_id": "70564914334594946498574562517614256298863409398693283657353657240818371263666", "price": "0.36", "size": "5", "side": "BUY", "hash": "68d880205b8d016d75be96d2bbe6068dc4311408", "best_bid": "0.36", "best_ask": "0.98"}, {"asset_id": "78218837705267509978598780239438153096366119407217014946340658590888110764822", "price": "0.64", "size": "5", "side": "SELL", "hash": "585f70a80bb0a8ba56ca324f3ba5e102b3ce3086", "best_bid": "0.02", "best_ask": "0.64"}], "timestamp": "1769384091048", "event_type": "price_change"}}
{"_local_timestamp": "2026-01-25T23:34:51.117988+00:00", "data": {"market": "0x96e4c03ee7a68e05a827b144003aaafbdcf8ab88e43f32b119df53a05c5a60f6", "price_changes": [{"asset_id": "113784469481204683044913106419874267137693076604289204276448084342127316872", "price": "0.33", "size": "0", "side": "BUY", "hash": "ab0d3ceb0528db1c323e38080b103a0bb5980810", "best_bid": "0.74", "best_ask": "0.95"}, {"asset_id": "62908709149765582865659113591490166194171060274690343622485619125842239311845", "price": "0.67", "size": "0", "side": "SELL", "hash": "f2339e969091b15a3eb0a08e92d89df4dbf60295", "best_bid": "0.05", "best_ask": "0.26"}], "timestamp": "1769384091048", "event_type": "price_change"}}
{"_local_timestamp": "2026-01-25T23:34:51.118428+00:00", "data": {"market": "0xd68cc64895b019476884d85d818ebe159d0b386b120b68227b49254a031717c6", "price_changes": [{"asset_id": "89818712975143225224649198917103164198336735914959797810533685506142038888358", "price": "0.36", "size": "0", "side": "BUY", "hash": "47f7d4c2957db9e019d15565636c3102ec83901b", "best_bid": "0.92", "best_ask": "0.99"}, {"asset_id": "86657233930581940547398017486163161752766098311227614325269167533155851946745", "price": "0.64", "size": "0", "side": "SELL", "hash": "34630176c341ab85c36d84cd8e16df614347dab4", "best_bid": "0.01", "best_ask": "0.08"}], "timestamp": "1769384091048", "event_type": "price_change"}}
{"_local_timestamp": "2026-01-25T23:34:55.829532+00:00", "data": {"market": "0x14bba94071d8389e65afd73e4f7f98635a30f9204e18a0aae944d81ecb5b11b5", "price_changes": [{"asset_id": "17238349877402020220423739599187418554488835152272111624247565382394695660801", "price": "0.11", "size": "0", "side": "BUY", "hash": "bbd408371768e19c8f99ac01d4798b947cba1405", "best_bid": "0.92", "best_ask": "0.99"}, {"asset_id": "63711838603631475637268648716090611964668390847822064568906200413187438014927", "price": "0.89", "size": "0", "side": "SELL", "hash": "6037b9cf1921d13548b1e64f7ac933af855473aa", "best_bid": "0.01", "best_ask": "0.08"}], "timestamp": "1769384095766", "event_type": "price_change"}}
{"_local_timestamp": "2026-01-25T23:34:55.835430+00:00", "data": {"market": "0xc3d27a62305aea369043257e8d214110c52fc0406c88db4a32e86de6946cea7a", "price_changes": [{"asset_id": "90081408455102651143328189756595201093551154495780373832215365513045800455110", "price": "0.106", "size": "0", "side": "BUY", "hash": "e69bfcabc7dcfee45a163c190d84856acf7ab9bf", "best_bid": "0.92", "best_ask": "0.992"}, {"asset_id": "113305376835426572489989272001134870538391236802505369046499186638345003735531", "price": "0.894", "size": "0", "side": "SELL", "hash": "d7b665208fd3c0d0822251137d669694be33e582", "best_bid": "0.008", "best_ask": "0.08"}], "timestamp": "1769384095766", "event_type": "price_change"}}
{"_local_timestamp": "2026-01-25T23:34:55.839716+00:00", "data": {"market": "0x2792c98927c0fc959dc02dd861a7eef8905cf709d87a55032e3b5510f641ff5e", "price_changes": [{"asset_id": "62714493276294780520152740864672934416695891835776346977426721728509461495262", "price": "0.13", "size": "0", "side": "BUY", "hash": "6850c410c53033b2b7d280ad24cc057ab8830877", "best_bid": "0.92", "best_ask": "0.99"}, {"asset_id": "103524035065473406418750136079529096066943225588367788046872253333670834038102", "price": "0.87", "size": "0", "side": "SELL", "hash": "d5b40e9501df7a15a428789c6eac87ca1fa2b3a0", "best_bid": "0.01", "best_ask": "0.08"}], "timestamp": "1769384095766", "event_type": "price_change"}}
{"_local_timestamp": "2026-01-25T23:34:55.843688+00:00", "data": {"market": "0x3a15c68640a2803f0cb58af22d7331bda158a8610b5c155b7c1ade895ce0d0c5", "price_changes": [{"asset_id": "104584424881780763034528002208999992202026824532609965385809433262277719559676", "price": "0.1", "size": "0", "side": "BUY", "hash": "ff54c7f7e4539b51ae213345b20b175d925582b1", "best_bid": "0.92", "best_ask": "0.99"}, {"asset_id": "82416597751292575078751990140829718960054420752399138074729362735316516528010", "price": "0.9", "size": "0", "side": "SELL", "hash": "8942fe8f14e6a8fd4f7bc19bca7397bd1b91c55c", "best_bid": "0.01", "best_ask": "0.08"}], "timestamp": "1769384095766", "event_type": "price_change"}}
{"_local_timestamp": "2026-01-25T23:34:55.847674+00:00", "data": {"market": "0xe7abaab52f1bb465a4f90077476bdbfbed8a4a7cf3eba8c45e5e03990a0d6a11", "price_changes": [{"asset_id": "31917512304822025507126440957201703153094027838728482709052738403102696297475", "price": "0.11", "size": "0", "side": "BUY", "hash": "f2915c93049e0b151976a04d63c9ca8455808fff", "best_bid": "0.31", "best_ask": "0.9"}, {"asset_id": "86612853052142791453092368151684899424406609856959075210911166930609621721681", "price": "0.89", "size": "0", "side": "SELL", "hash": "7d5d813671ba33b43bd66b00887abac7d3ede67e", "best_bid": "0.1", "best_ask": "0.69"}], "timestamp": "1769384095767", "event_type": "price_change"}}
{"_local_timestamp": "2026-01-25T23:34:58.361279+00:00", "data": {"market": "0x2792c98927c0fc959dc02dd861a7eef8905cf709d87a55032e3b5510f641ff5e", "price_changes": [{"asset_id": "62714493276294780520152740864672934416695891835776346977426721728509461495262", "price": "0.14", "size": "0", "side": "BUY", "hash": "60b0e9f28c939b50b4be3e4723952389d6dc9ef9", "best_bid": "0.92", "best_ask": "0.99"}, {"asset_id": "103524035065473406418750136079529096066943225588367788046872253333670834038102", "price": "0.86", "size": "0", "side": "SELL", "hash": "959f043302e751fab46b9ee9b3b69599c5acc478", "best_bid": "0.01", "best_ask": "0.08"}], "timestamp": "1769384098287", "event_type": "price_change"}}
{"_local_timestamp": "2026-01-25T23:34:58.361820+00:00", "data": {"market": "0x3a15c68640a2803f0cb58af22d7331bda158a8610b5c155b7c1ade895ce0d0c5", "price_changes": [{"asset_id": "104584424881780763034528002208999992202026824532609965385809433262277719559676", "price": "0.11", "size": "0", "side": "BUY", "hash": "ab996bbf4e96bf95597da5e1ba17c77b288a5b4c", "best_bid": "0.92", "best_ask": "0.99"}, {"asset_id": "82416597751292575078751990140829718960054420752399138074729362735316516528010", "price": "0.89", "size": "0", "side": "SELL", "hash": "48587f1e636a95f6359f8d9a932cf1ee453685ed", "best_bid": "0.01", "best_ask": "0.08"}], "timestamp": "1769384098287", "event_type": "price_change"}}
{"_local_timestamp": "2026-01-25T23:34:58.363707+00:00", "data": {"market": "0xe7abaab52f1bb465a4f90077476bdbfbed8a4a7cf3eba8c45e5e03990a0d6a11", "price_changes": [{"asset_id": "31917512304822025507126440957201703153094027838728482709052738403102696297475", "price": "0.12", "size": "0", "side": "BUY", "hash": "c45544c03e358d89a11bacf2f56433a582e7ae30", "best_bid": "0.31", "best_ask": "0.9"}, {"asset_id": "86612853052142791453092368151684899424406609856959075210911166930609621721681", "price": "0.88", "size": "0", "side": "SELL", "hash": "36c5d416877a868e1ec59dc666e75cb332978b8a", "best_bid": "0.1", "best_ask": "0.69"}], "timestamp": "1769384098287", "event_type": "price_change"}}
{"_local_timestamp": "2026-01-25T23:34:58.364089+00:00", "data": {"market": "0x14bba94071d8389e65afd73e4f7f98635a30f9204e18a0aae944d81ecb5b11b5", "price_changes": [{"asset_id": "17238349877402020220423739599187418554488835152272111624247565382394695660801", "price": "0.12", "size": "0", "side": "BUY", "hash": "07ec6f2d174f6f6dde577c4d4961fb6f437b3785", "best_bid": "0.92", "best_ask": "0.99"}, {"asset_id": "63711838603631475637268648716090611964668390847822064568906200413187438014927", "price": "0.88", "size": "0", "side": "SELL", "hash": "8d80478c5d6f40d0f95bbc7600d7fb5c29575d49", "best_bid": "0.01", "best_ask": "0.08"}], "timestamp": "1769384098287", "event_type": "price_change"}}
{"_local_timestamp": "2026-01-25T23:34:58.364476+00:00", "data": {"market": "0xc3d27a62305aea369043257e8d214110c52fc0406c88db4a32e86de6946cea7a", "price_changes": [{"asset_id": "90081408455102651143328189756595201093551154495780373832215365513045800455110", "price": "0.107", "size": "0", "side": "BUY", "hash": "3a63d4c9976c828095abb08b80c137f077cb3d0f", "best_bid": "0.92", "best_ask": "0.992"}, {"asset_id": "113305376835426572489989272001134870538391236802505369046499186638345003735531", "price": "0.893", "size": "0", "side": "SELL", "hash": "54da473178eb6ea303f8afcf3a38ab7af459bf3a", "best_bid": "0.008", "best_ask": "0.08"}], "timestamp": "1769384098287", "event_type": "price_change"}}
{"_local_timestamp": "2026-01-25T23:34:58.389868+00:00", "data": {"market": "0x14bba94071d8389e65afd73e4f7f98635a30f9204e18a0aae944d81ecb5b11b5", "price_changes": [{"asset_id": "17238349877402020220423739599187418554488835152272111624247565382394695660801", "price": "0.1", "size": "5", "side": "BUY", "hash": "90f44a393a33718bd471f6ec72879326b589b5c2", "best_bid": "0.92", "best_ask": "0.99"}, {"asset_id": "63711838603631475637268648716090611964668390847822064568906200413187438014927", "price": "0.9", "size": "5", "side": "SELL", "hash": "7f74b3360189b1fd0fb8cb954b90cefe1fa8f3cd", "best_bid": "0.01", "best_ask": "0.08"}], "timestamp": "1769384098319", "event_type": "price_change"}}
{"_local_timestamp": "2026-01-25T23:34:58.390301+00:00", "data": {"market": "0x2792c98927c0fc959dc02dd861a7eef8905cf709d87a55032e3b5510f641ff5e", "price_changes": [{"asset_id": "62714493276294780520152740864672934416695891835776346977426721728509461495262", "price": "0.12", "size": "5", "side": "BUY", "hash": "b9570dff115fdd4a8f517324204c2fcdeea9f113", "best_bid": "0.92", "best_ask": "0.99"}, {"asset_id": "103524035065473406418750136079529096066943225588367788046872253333670834038102", "price": "0.88", "size": "5", "side": "SELL", "hash": "eed963df2997430d5c09982f7787083d51e00e02", "best_bid": "0.01", "best_ask": "0.08"}], "timestamp": "1769384098319", "event_type": "price_change"}}
{"_local_timestamp": "2026-01-25T23:34:58.390724+00:00", "data": {"market": "0x3a15c68640a2803f0cb58af22d7331bda158a8610b5c155b7c1ade895ce0d0c5", "price_changes": [{"asset_id": "104584424881780763034528002208999992202026824532609965385809433262277719559676", "price": "0.09", "size": "5", "side": "BUY", "hash": "cf7b26d62bbb7b89106e2c58668d8385e0a4dcaa", "best_bid": "0.92", "best_ask": "0.99"}, {"asset_id": "82416597751292575078751990140829718960054420752399138074729362735316516528010", "price": "0.91", "size": "5", "side": "SELL", "hash": "febb59aa04fbda702ecb795d2366f12f9d7a62f9", "best_bid": "0.01", "best_ask": "0.08"}], "timestamp": "1769384098319", "event_type": "price_change"}}
{"_local_timestamp": "2026-01-25T23:34:58.391217+00:00", "data": {"market": "0xc3d27a62305aea369043257e8d214110c52fc0406c88db4a32e86de6946cea7a", "price_changes": [{"asset_id": "90081408455102651143328189756595201093551154495780373832215365513045800455110", "price": "0.105", "size": "5", "side": "BUY", "hash": "c4ec7b428930867e6c862433df4fb369b98c2978", "best_bid": "0.92", "best_ask": "0.992"}, {"asset_id": "113305376835426572489989272001134870538391236802505369046499186638345003735531", "price": "0.895", "size": "5", "side": "SELL", "hash": "ff9c5ae39a1bf0fdc00e60dbdbae73f32ad53e85", "best_bid": "0.008", "best_ask": "0.08"}], "timestamp": "1769384098319", "event_type": "price_change"}}
{"_local_timestamp": "2026-01-25T23:34:58.391557+00:00", "data": {"market": "0xe7abaab52f1bb465a4f90077476bdbfbed8a4a7cf3eba8c45e5e03990a0d6a11", "price_changes": [{"asset_id": "31917512304822025507126440957201703153094027838728482709052738403102696297475", "price": "0.1", "size": "5", "side": "BUY", "hash": "6d718fc1cd29a4a31224261b3f12d282015b2fe5", "best_bid": "0.31", "best_ask": "0.9"}, {"asset_id": "86612853052142791453092368151684899424406609856959075210911166930609621721681", "price": "0.9", "size": "5", "side": "SELL", "hash": "d5b21c8041843391457a31d43be0efecb2aab6be", "best_bid": "0.1", "best_ask": "0.69"}], "timestamp": "1769384098319", "event_type": "price_change"}}
{"_local_timestamp": "2026-01-25T23:34:58.954153+00:00", "data": {"market": "0x2f872932a27ebaaaf1ed92a3320e4a6c015fa7f68547bd53149e45b6f7b2125c", "price_changes": [{"asset_id": "70564914334594946498574562517614256298863409398693283657353657240818371263666", "price": "0.77", "size": "50", "side": "BUY", "hash": "ac2c893b7624b557850ae763473547e1de0d0f18", "best_bid": "0.77", "best_ask": "0.98"}, {"asset_id": "78218837705267509978598780239438153096366119407217014946340658590888110764822", "price": "0.23", "size": "50", "side": "SELL", "hash": "30f8b0a55fc9bc44395a43ebd811824d5be0564f", "best_bid": "0.02", "best_ask": "0.23"}], "timestamp": "1769384098885", "event_type": "price_change"}}
{"_local_timestamp": "2026-01-25T23:34:59.764602+00:00", "data": {"market": "0x2f872932a27ebaaaf1ed92a3320e4a6c015fa7f68547bd53149e45b6f7b2125c", "price_changes": [{"asset_id": "70564914334594946498574562517614256298863409398693283657353657240818371263666", "price": "0.36", "size": "0", "side": "BUY", "hash": "807ea0a023004f653624c0caf8ac52f12791702b", "best_bid": "0.77", "best_ask": "0.98"}, {"asset_id": "78218837705267509978598780239438153096366119407217014946340658590888110764822", "price": "0.64", "size": "0", "side": "SELL", "hash": "614ee9bc07060a865f9c117e42cfd45633d2f05c", "best_bid": "0.02", "best_ask": "0.23"}], "timestamp": "1769384099698", "event_type": "price_change"}}
{"_local_timestamp": "2026-01-25T23:36:15.114579+00:00", "data": {"market": "0xc7de83da8a3d8ce2e83bd2e38e418b8d31adfb7c16f8033e3f6c5ceaecd81d24", "price_changes": [{"asset_id": "12132796766489260081881657075910547926914475075094254076117731512264602238042", "price": "0.199", "size": "0", "side": "SELL", "hash": "9c76b3c173e62b9095141079c4157e92a36598b0", "best_bid": "0.008", "best_ask": "0.09"}, {"asset_id": "39505350125066458141814602952313757445561341547096886850114727947519273597386", "price": "0.801", "size": "0", "side": "BUY", "hash": "7b47d19b1bfdc9edf404b99685051b053b22561a", "best_bid": "0.91", "best_ask": "0.992"}], "timestamp": "1769384175035", "event_type": "price_change"}}
{"_local_timestamp": "2026-01-25T23:36:16.226123+00:00", "data": {"market": "0xc7de83da8a3d8ce2e83bd2e38e418b8d31adfb7c16f8033e3f6c5ceaecd81d24", "price_changes": [{"asset_id": "12132796766489260081881657075910547926914475075094254076117731512264602238042", "price": "0.089", "size": "5.5", "side": "SELL", "hash": "f8b512981e89839bdfd30044223203c9ff404af9", "best_bid": "0.008", "best_ask": "0.089"}, {"asset_id": "39505350125066458141814602952313757445561341547096886850114727947519273597386", "price": "0.911", "size": "5.5", "side": "BUY", "hash": "fffa0439320c23d178d4fcf7301219767b1c3fb7", "best_bid": "0.911", "best_ask": "0.992"}], "timestamp": "1769384176157", "event_type": "price_change"}}
{"_local_timestamp": "2026-01-25T23:36:17.906555+00:00", "data": {"market": "0x48dfb7cb79855c8b6b73c41bf87ebc28c6694f7d21941563a23727cc88fecbc2", "price_changes": [{"asset_id": "57988795751396977879324613303955678504450327836397454224942755059681236207090", "price": "0.307", "size": "65.88", "side": "BUY", "hash": "cacd73192492f7015334104edcbdd624e742187d", "best_bid": "0.307", "best_ask": "0.949"}, {"asset_id": "67233937364008252484804510566739458339576718378852948465733857788484469442726", "price": "0.693", "size": "65.88", "side": "SELL", "hash": "c3e6b701ca723fb05e6de81304d79adfdf22e67c", "best_bid": "0.051", "best_ask": "0.693"}], "timestamp": "1769384177838", "event_type": "price_change"}}
{"_local_timestamp": "2026-01-25T23:36:17.907018+00:00", "data": {"market": "0x5ba8f2a142951a0c52bf7f5ee635de9b9a281c9287aecc36c050c4c4e9aa8152", "price_changes": [{"asset_id": "110597648822811282616928024192733774053741778135452467932219202209122965275594", "price": "0.13", "size": "55.88", "side": "BUY", "hash": "7c5ad689382fb4d72289dba8b54e790670c04d04", "best_bid": "0.35", "best_ask": "0.99"}, {"asset_id": "60890592027773034133377433604587708758843235111662313518681898446042010595713", "price": "0.87", "size": "55.88", "side": "SELL", "hash": "11fe48b01579b0fa68147bd05da88cdd68fdb72f", "best_bid": "0.01", "best_ask": "0.65"}], "timestamp": "1769384177838", "event_type": "price_change"}}
{"_local_timestamp": "2026-01-25T23:36:17.907419+00:00", "data": {"market": "0xa2a99c0550431b20b785aa58df80350119e0d5c40534437f67fd1a7cf1c7488c", "price_changes": [{"asset_id": "73393029350004544408569808590410559817837736333579785688373172259215810325972", "price": "0.23", "size": "60.88", "side": "BUY", "hash": "8483105b38a1237c0a93972b140ff85033fe1e29", "best_bid": "0.72", "best_ask": "0.92"}, {"asset_id": "18838773501537904101924600093205602508873633617885732514445444810956091132297", "price": "0.77", "size": "60.88", "side": "SELL", "hash": "5e732f933c8dbe19f503983b1f6b9b1f928d8fe6", "best_bid": "0.08", "best_ask": "0.28"}], "timestamp": "1769384177838", "event_type": "price_change"}}
{"_local_timestamp": "2026-01-25T23:36:17.907769+00:00", "data": {"market": "0x072f78fe9fdddd1026fdc4191de874bfc6204a640b057dff2b8c60d4499216de", "price_changes": [{"asset_id": "75588056557933762931811811747081049918813733397737912928851329969312610207562", "price": "0.188", "size": "55.88", "side": "BUY", "hash": "f78bb293f3de36b312b1834a1f8e02589ec660e4", "best_bid": "0.94", "best_ask": "0.993"}, {"asset_id": "36359345091493122420125782801527366125981148297505108124081383519055669688350", "price": "0.812", "size": "55.88", "side": "SELL", "hash": "24c995a4040b946ff201a56f087b5cd5e5c53aad", "best_bid": "0.007", "best_ask": "0.06"}], "timestamp": "1769384177838", "event_type": "price_change"}}
{"_local_timestamp": "2026-01-25T23:36:17.908137+00:00", "data": {"market": "0x48dfb7cb79855c8b6b73c41bf87ebc28c6694f7d21941563a23727cc88fecbc2", "price_changes": [{"asset_id": "57988795751396977879324613303955678504450327836397454224942755059681236207090", "price": "0.308", "size": "55.88", "side": "BUY", "hash": "21e21e3ccc7927832fb8604843dbd638290656a7", "best_bid": "0.308", "best_ask": "0.949"}, {"asset_id": "67233937364008252484804510566739458339576718378852948465733857788484469442726", "price": "0.692", "size": "55.88", "side": "SELL", "hash": "80e55d956fdea2faaead7f373118419440ab8c40", "best_bid": "0.051", "best_ask": "0.692"}], "timestamp": "1769384177838", "event_type": "price_change"}}
{"_local_timestamp": "2026-01-25T23:36:17.908477+00:00", "data": {"market": "0x5ba8f2a142951a0c52bf7f5ee635de9b9a281c9287aecc36c050c4c4e9aa8152", "price_changes": [{"asset_id": "110597648822811282616928024192733774053741778135452467932219202209122965275594", "price": "0.12", "size": "71.88", "side": "BUY", "hash": "0c5b3a5fd14cbd104866bcdb53425c43ba314af6", "best_bid": "0.35", "best_ask": "0.99"}, {"asset_id": "60890592027773034133377433604587708758843235111662313518681898446042010595713", "price": "0.88", "size": "71.88", "side": "SELL", "hash": "a7fcd98a4cc6a957e33ed1fbd22b206f7eddeac3", "best_bid": "0.01", "best_ask": "0.65"}], "timestamp": "1769384177838", "event_type": "price_change"}}
{"_local_timestamp": "2026-01-25T23:36:17.908860+00:00", "data": {"market": "0xa2a99c0550431b20b785aa58df80350119e0d5c40534437f67fd1a7cf1c7488c", "price_changes": [{"asset_id": "73393029350004544408569808590410559817837736333579785688373172259215810325972", "price": "0.24", "size": "27", "side": "BUY", "hash": "e9da540e67c59863ccc834fd5dd6440228a0ad18", "best_bid": "0.72", "best_ask": "0.92"}, {"asset_id": "18838773501537904101924600093205602508873633617885732514445444810956091132297", "price": "0.76", "size": "27", "side": "SELL", "hash": "ab99710506c752e6ba76ab6facfa527528b37aef", "best_bid": "0.08", "best_ask": "0.28"}], "timestamp": "1769384177839", "event_type": "price_change"}}
{"_local_timestamp": "2026-01-25T23:36:17.909241+00:00", "data": {"market": "0x072f78fe9fdddd1026fdc4191de874bfc6204a640b057dff2b8c60d4499216de", "price_changes": [{"asset_id": "75588056557933762931811811747081049918813733397737912928851329969312610207562", "price": "0.187", "size": "60.88", "side": "BUY", "hash": "1d97f01d13d702d35e2fa9fb31ebac47199ecf91", "best_bid": "0.94", "best_ask": "0.993"}, {"asset_id": "36359345091493122420125782801527366125981148297505108124081383519055669688350", "price": "0.813", "size": "60.88", "side": "SELL", "hash": "e9a77078b7873f3cf070ded1f680d86bb7c003b0", "best_bid": "0.007", "best_ask": "0.06"}], "timestamp": "1769384177839", "event_type": "price_change"}}
{"_local_timestamp": "2026-01-25T23:36:18.482075+00:00", "data": {"market": "0x48dfb7cb79855c8b6b73c41bf87ebc28c6694f7d21941563a23727cc88fecbc2", "price_changes": [{"asset_id": "57988795751396977879324613303955678504450327836397454224942755059681236207090", "price": "0.307", "size": "60.88", "side": "BUY", "hash": "cba79024c667c2f844a3dde7924d6faf5c14effc", "best_bid": "0.308", "best_ask": "0.949"}, {"asset_id": "67233937364008252484804510566739458339576718378852948465733857788484469442726", "price": "0.693", "size": "60.88", "side": "SELL", "hash": "bc9a643aa500a4a11072724e7e40bf5c74e37221", "best_bid": "0.051", "best_ask": "0.692"}], "timestamp": "1769384178419", "event_type": "price_change"}}
{"_local_timestamp": "2026-01-25T23:36:19.506132+00:00", "data": {"market": "0x48dfb7cb79855c8b6b73c41bf87ebc28c6694f7d21941563a23727cc88fecbc2", "price_changes": [{"asset_id": "57988795751396977879324613303955678504450327836397454224942755059681236207090", "price": "0.307", "size": "55.88", "side": "BUY", "hash": "2beb31038cb58574b28d923a8b3af20166f41ef1", "best_bid": "0.308", "best_ask": "0.949"}, {"asset_id": "67233937364008252484804510566739458339576718378852948465733857788484469442726", "price": "0.693", "size": "55.88", "side": "SELL", "hash": "8c60d475c5a4cad2162de761bf0f9600bdaf62e7", "best_bid": "0.051", "best_ask": "0.692"}], "timestamp": "1769384179442", "event_type": "price_change"}}
{"_local_timestamp": "2026-01-25T23:36:19.511249+00:00", "data": {"market": "0xa2a99c0550431b20b785aa58df80350119e0d5c40534437f67fd1a7cf1c7488c", "price_changes": [{"asset_id": "73393029350004544408569808590410559817837736333579785688373172259215810325972", "price": "0.23", "size": "55.88", "side": "BUY", "hash": "67ee4cc338a2c781a9972f62f47170a644f46887", "best_bid": "0.72", "best_ask": "0.92"}, {"asset_id": "18838773501537904101924600093205602508873633617885732514445444810956091132297", "price": "0.77", "size": "55.88", "side": "SELL", "hash": "51185a20484118f0dc9432fa3460d3689f64b587", "best_bid": "0.08", "best_ask": "0.28"}], "timestamp": "1769384179442", "event_type": "price_change"}}
{"_local_timestamp": "2026-01-25T23:36:19.517805+00:00", "data": {"market": "0x072f78fe9fdddd1026fdc4191de874bfc6204a640b057dff2b8c60d4499216de", "price_changes": [{"asset_id": "75588056557933762931811811747081049918813733397737912928851329969312610207562", "price": "0.187", "size": "55.88", "side": "BUY", "hash": "2a8583d66e9aba1bf71a30c230c51ef2eb846a19", "best_bid": "0.94", "best_ask": "0.993"}, {"asset_id": "36359345091493122420125782801527366125981148297505108124081383519055669688350", "price": "0.813", "size": "55.88", "side": "SELL", "hash": "685b960f49ea5267d95149aee7078029af093a31", "best_bid": "0.007", "best_ask": "0.06"}], "timestamp": "1769384179442", "event_type": "price_change"}}
{"_local_timestamp": "2026-01-25T23:36:19.537883+00:00", "data": {"market": "0x072f78fe9fdddd1026fdc4191de874bfc6204a640b057dff2b8c60d4499216de", "price_changes": [{"asset_id": "75588056557933762931811811747081049918813733397737912928851329969312610207562", "price": "0.189", "size": "5", "side": "BUY", "hash": "47ae91816adc27a97dce37bf4826bfd0a85e2959", "best_bid": "0.94", "best_ask": "0.993"}, {"asset_id": "36359345091493122420125782801527366125981148297505108124081383519055669688350", "price": "0.811", "size": "5", "side": "SELL", "hash": "25878b8892f5c0d9ee402a8f64b8f9a4a3027542", "best_bid": "0.007", "best_ask": "0.06"}], "timestamp": "1769384179471", "event_type": "price_change"}}
{"_local_timestamp": "2026-01-25T23:36:19.538724+00:00", "data": {"market": "0x48dfb7cb79855c8b6b73c41bf87ebc28c6694f7d21941563a23727cc88fecbc2", "price_changes": [{"asset_id": "57988795751396977879324613303955678504450327836397454224942755059681236207090", "price": "0.309", "size": "5", "side": "BUY", "hash": "7b4dbdba28f2bc9d3fe27405b0e5a9c5a9e4f71a", "best_bid": "0.309", "best_ask": "0.949"}, {"asset_id": "67233937364008252484804510566739458339576718378852948465733857788484469442726", "price": "0.691", "size": "5", "side": "SELL", "hash": "86137aaf6125f3af6b172056fe19f9faa95fe289", "best_bid": "0.051", "best_ask": "0.691"}], "timestamp": "1769384179471", "event_type": "price_change"}}
{"_local_timestamp": "2026-01-25T23:36:19.539190+00:00", "data": {"market": "0xa2a99c0550431b20b785aa58df80350119e0d5c40534437f67fd1a7cf1c7488c", "price_changes": [{"asset_id": "73393029350004544408569808590410559817837736333579785688373172259215810325972", "price": "0.25", "size": "5", "side": "BUY", "hash": "e992ef1e66b308bab3ea1ef327fb20bbb6d93162", "best_bid": "0.72", "best_ask": "0.92"}, {"asset_id": "18838773501537904101924600093205602508873633617885732514445444810956091132297", "price": "0.75", "size": "5", "side": "SELL", "hash": "c4fa98777b071364c37ee0cce279e67a8dc9a0d7", "best_bid": "0.08", "best_ask": "0.28"}], "timestamp": "1769384179471", "event_type": "price_change"}}
{"_local_timestamp": "2026-01-25T23:36:21.321891+00:00", "data": {"market": "0x48dfb7cb79855c8b6b73c41bf87ebc28c6694f7d21941563a23727cc88fecbc2", "price_changes": [{"asset_id": "57988795751396977879324613303955678504450327836397454224942755059681236207090", "price": "0.309", "size": "10", "side": "BUY", "hash": "cddbb7b3f057a2ff74a42b093e123a045f192ccd", "best_bid": "0.309", "best_ask": "0.949"}, {"asset_id": "67233937364008252484804510566739458339576718378852948465733857788484469442726", "price": "0.691", "size": "10", "side": "SELL", "hash": "6e0e8e443cc0afa6e1987a4de21ab6dd7134b36d", "best_bid": "0.051", "best_ask": "0.691"}], "timestamp": "1769384181257", "event_type": "price_change"}}
