{"_local_timestamp": "2026-01-25T23:33:17.074019+00:00", "data": [{"market": "0xb48621f7eba07b0a3eeabc6afb09ae42490239903997b9d412b0f69aeb040c8b", "asset_id": "75467129615908319583031474642658885479135630431889036121812713428992454630178", "timestamp": "1769383954728", "hash": "848ddd2dbe32a375ffa960f1ba9ae4e63f25d574", "bids": [{"price": "0.01", "size": "3015.24"}, {"price": "0.02", "size": "11.94"}, {"price": "0.05", "size": "400"}, {"price": "0.06", "size": "653.45"}, {"price": "0.07", "size": "10.12"}, {"price": "0.21", "size": "150.29"}, {"price": "0.22", "size": "53.45"}, {"price": "0.23", "size": "56.52"}, {"price": "0.3", "size": "100"}, {"price": "0.37", "size": "29.72"}, {"price": "0.38", "size": "53.45"}], "asks": [{"price": "0.99", "size": "1005.29"}, {"price": "0.98", "size": "11.99"}, {"price": "0.97", "size": "10.5"}, {"price": "0.94", "size": "366.66"}, {"price": "0.93", "size": "38.1"}, {"price": "0.84", "size": "32.5"}, {"price": "0.81", "size": "91.86"}, {"price": "0.78", "size": "19.9"}, {"price": "0.75", "size": "20"}, {"price": "0.72", "size": "5"}, {"price": "0.7", "size": "51.99"}, {"price": "0.69", "size": "41.28"}, {"price": "0.68", "size": "66.66"}], "event_type": "book", "last_trade_price": "0.470"}, {"market": "0xb48621f7eba07b0a3eeabc6afb09ae42490239903997b9d412b0f69aeb040c8b", "asset_id": "3842963720267267286970642336860752782302644680156535061700039388405652129691", "timestamp": "1769383954728", "hash": "1ec5ef206b5d840abc79491027be48a05ed8c0ce", "bids": [{"price": "0.01", "size": "1005.29"}, {"price": "0.02", "size": "11.99"}, {"price": "0.03", "size": "10.5"}, {"price": "0.06", "size": "366.66"}, {"price": "0.07", "size": "38.1"}, {"price": "0.16", "size": "32.5"}, {"price": "0.19", "size": "91.86"}, {"price": "0.22", "size": "19.9"}, {"price": "0.25", "size": "20"}, {"price": "0.28", "size": "5"}, {"price": "0.3", "size": "51.99"}, {"price": "0.31", "size": "41.28"}, {"price": "0.32", "size": "66.66"}], "asks": [{"price": "0.99", "size": "3015.24"}, {"price": "0.98", "size": "11.94"}, {"price": "0.95", "size": "400"}, {"price": "0.94", "size": "653.45"}, {"price": "0.93", "size": "10.12"}, {"price": "0.79", "size": "150.29"}, {"price": "0.78", "size": "53.45"}, {"price": "0.77", "size": "56.52"}, {"price": "0.7", "size": "100"}, {"price": "0.63", "size": "29.72"}, {"price": "0.62", "size": "53.45"}], "event_type": "book", "last_trade_price": "0.470"}]}
{"_local_timestamp": "2026-01-25T23:34:01.344061+00:00", "data": {"market": "0xb48621f7eba07b0a3eeabc6afb09ae42490239903997b9d412b0f69aeb040c8b", "price_changes": [{"asset_id": "75467129615908319583031474642658885479135630431889036121812713428992454630178", "price": "0.05", "size": "0", "side": "BUY", "hash": "ba2c36389d3921567aabb597547da2c1c43a4b8e", "best_bid": "0.38", "best_ask": "0.68"}, {"asset_id": "3842963720267267286970642336860752782302644680156535061700039388405652129691", "price": "0.95", "size": "0", "side": "SELL", "hash": "c21ad4c5066a56722e7624e71aab23af5a2b857b", "best_bid": "0.32", "best_ask": "0.62"}], "timestamp": "1769384041242", "event_type": "price_change"}}
{"_local_timestamp": "2026-01-25T23:34:01.629481+00:00", "data": {"market": "0xb48621f7eba07b0a3eeabc6afb09ae42490239903997b9d412b0f69aeb040c8b", "price_changes": [{"asset_id": "3842963720267267286970642336860752782302644680156535061700039388405652129691", "price": "0.02", "size": "411.99", "side": "BUY", "hash": "cc7f5541aa264c1fcfdff2a116ca8cc9e1940429", "best_bid": "0.32", "best_ask": "0.62"}, {"asset_id": "75467129615908319583031474642658885479135630431889036121812713428992454630178", "price": "0.98", "size": "411.99", "side": "SELL", "hash": "d5a7a36d1b44fe884d1abbf1d16b04ae60cd8eb4", "best_bid": "0.38", "best_ask": "0.68"}], "timestamp": "1769384041555", "event_type": "price_change"}}
{"_local_timestamp": "2026-01-25T23:34:01.642901+00:00", "data": {"market": "0xb48621f7eba07b0a3eeabc6afb09ae42490239903997b9d412b0f69aeb040c8b", "price_changes": [{"asset_id": "3842963720267267286970642336860752782302644680156535061700039388405652129691", "price": "0.01", "size": "2005.29", "side": "BUY", "hash": "d3fd52133305cc6727dc3284fb157ac9f90b54fd", "best_bid": "0.32", "best_ask": "0.62"}, {"asset_id": "75467129615908319583031474642658885479135630431889036121812713428992454630178", "price": "0.99", "size": "2005.29", "side": "SELL", "hash": "c00c3d684917c39dcee69a7f3ba84b6acc3bb125", "best_bid": "0.38", "best_ask": "0.68"}], "timestamp": "1769384041558", "event_type": "price_change"}}
{"_local_timestamp": "2026-01-25T23:34:01.653736+00:00", "data": {"market": "0xb48621f7eba07b0a3eeabc6afb09ae42490239903997b9d412b0f69aeb040c8b", "price_changes": [{"asset_id": "75467129615908319583031474642658885479135630431889036121812713428992454630178", "price": "0.02", "size": "411.94", "side": "BUY", "hash": "29a9c76e950026cc05d43c2513ec31e0a8edcdc3", "best_bid": "0.38", "best_ask": "0.68"}, {"asset_id": "3842963720267267286970642336860752782302644680156535061700039388405652129691", "price": "0.98", "size": "411.94", "side": "SELL", "hash": "1126a1bb4bae141463163a74da3ef266e1f028ba", "best_bid": "0.32", "best_ask": "0.62"}], "timestamp": "1769384041564", "event_type": "price_change"}}
{"_local_timestamp": "2026-01-25T23:35:24.575145+00:00", "data": {"market": "0xb48621f7eba07b0a3eeabc6afb09ae42490239903997b9d412b0f69aeb040c8b", "price_changes": [{"asset_id": "3842963720267267286970642336860752782302644680156535061700039388405652129691", "price": "0.02", "size": "400", "side": "BUY", "hash": "598bf8f329e8b3952e55f82b7ff6560a6c41e5bc", "best_bid": "0.32", "best_ask": "0.62"}, {"asset_id": "75467129615908319583031474642658885479135630431889036121812713428992454630178", "price": "0.98", "size": "400", "side": "SELL", "hash": "2d57aa2138b549421616befa68833c8fa733c80a", "best_bid": "0.38", "best_ask": "0.68"}], "timestamp": "1769384124347", "event_type": "price_change"}}
{"_local_timestamp": "2026-01-25T23:35:24.576139+00:00", "data": {"market": "0xb48621f7eba07b0a3eeabc6afb09ae42490239903997b9d412b0f69aeb040c8b", "price_changes": [{"asset_id": "3842963720267267286970642336860752782302644680156535061700039388405652129691", "price": "0.07", "size": "28", "side": "BUY", "hash": "598bf8f329e8b3952e55f82b7ff6560a6c41e5bc", "best_bid": "0.32", "best_ask": "0.62"}, {"asset_id": "75467129615908319583031474642658885479135630431889036121812713428992454630178", "price": "0.93", "size": "28", "side": "SELL", "hash": "2d57aa2138b549421616befa68833c8fa733c80a", "best_bid": "0.38", "best_ask": "0.68"}], "timestamp": "1769384124347", "event_type": "price_change"}}
{"_local_timestamp": "2026-01-25T23:35:24.846379+00:00", "data": {"market": "0xb48621f7eba07b0a3eeabc6afb09ae42490239903997b9d412b0f69aeb040c8b", "price_changes": [{"asset_id": "3842963720267267286970642336860752782302644680156535061700039388405652129691", "price": "0.08", "size": "7.86", "side": "BUY", "hash": "305c17aa55cb6b213f415f597b92d797ab68d91a", "best_bid": "0.32", "best_ask": "0.62"}, {"asset_id": "75467129615908319583031474642658885479135630431889036121812713428992454630178", "price": "0.92", "size": "7.86", "side": "SELL", "hash": "3c727bf108e4c7aff5a9cbe28b39f6221c04961c", "best_bid": "0.38", "best_ask": "0.68"}], "timestamp": "1769384124658", "event_type": "price_change"}}
{"_local_timestamp": "2026-01-25T23:35:24.862479+00:00", "data": {"market": "0xb48621f7eba07b0a3eeabc6afb09ae42490239903997b9d412b0f69aeb040c8b", "price_changes": [{"asset_id": "3842963720267267286970642336860752782302644680156535061700039388405652129691", "price": "0.03", "size": "18.85", "side": "BUY", "hash": "553e63d8813bfc419f0f399b9105e65dc200c53e", "best_bid": "0.32", "best_ask": "0.62"}, {"asset_id": "75467129615908319583031474642658885479135630431889036121812713428992454630178", "price": "0.97", "size": "18.85", "side": "SELL", "hash": "a02f979f5681b5ba0defd9857bd47ac80bb05608", "best_bid": "0.38", "best_ask": "0.68"}], "timestamp": "1769384124665", "event_type": "price_change"}}
{"_local_timestamp": "2026-01-25T23:35:24.868080+00:00", "data": {"market": "0xb48621f7eba07b0a3eeabc6afb09ae42490239903997b9d412b0f69aeb040c8b", "price_changes": [{"asset_id": "3842963720267267286970642336860752782302644680156535061700039388405652129691", "price": "0.01", "size": "2011.98", "side": "BUY", "hash": "4e2bee0607a15a34771cef1e199fd2a805bcab1e", "best_bid": "0.32", "best_ask": "0.62"}, {"asset_id": "75467129615908319583031474642658885479135630431889036121812713428992454630178", "price": "0.99", "size": "2011.98", "side": "SELL", "hash": "fb94798effdfbfbfa64e2b8d4a60b4ca8b729164", "best_bid": "0.38", "best_ask": "0.68"}], "timestamp": "1769384124671", "event_type": "price_change"}}
{"_local_timestamp": "2026-01-25T23:35:32.252494+00:00", "data": {"market": "0xb48621f7eba07b0a3eeabc6afb09ae42490239903997b9d412b0f69aeb040c8b", "price_changes": [{"asset_id": "75467129615908319583031474642658885479135630431889036121812713428992454630178", "price": "0.02", "size": "400", "side": "BUY", "hash": "2c783eba65d2b45c1358e775a9b06fa39005a8c3", "best_bid": "0.38", "best_ask": "0.68"}, {"asset_id": "3842963720267267286970642336860752782302644680156535061700039388405652129691", "price": "0.98", "size": "400", "side": "SELL", "hash": "edf182bb831836b2137c3b27cd15a74f2f9c017c", "best_bid": "0.32", "best_ask": "0.62"}], "timestamp": "1769384132178", "event_type": "price_change"}}
{"_local_timestamp": "2026-01-25T23:35:32.550611+00:00", "data": {"market": "0xb48621f7eba07b0a3eeabc6afb09ae42490239903997b9d412b0f69aeb040c8b", "price_changes": [{"asset_id": "75467129615908319583031474642658885479135630431889036121812713428992454630178", "price": "0.03", "size": "6.07", "side": "BUY", "hash": "19231a77acaa24a9aab25db9da1f14a143b50dde", "best_bid": "0.38", "best_ask": "0.68"}, {"asset_id": "3842963720267267286970642336860752782302644680156535061700039388405652129691", "price": "0.97", "size": "6.07", "side": "SELL", "hash": "c144a7855ceb0f065412d93db49e41b6f661d2f0", "best_bid": "0.32", "best_ask": "0.62"}], "timestamp": "1769384132484", "event_type": "price_change"}}
{"_local_timestamp": "2026-01-25T23:35:32.551048+00:00", "data": {"market": "0xb48621f7eba07b0a3eeabc6afb09ae42490239903997b9d412b0f69aeb040c8b", "price_changes": [{"asset_id": "75467129615908319583031474642658885479135630431889036121812713428992454630178", "price": "0.01", "size": "3020.94", "side": "BUY", "hash": "b275647504bfb01e12ea024dbb959ab88598af39", "best_bid": "0.38", "best_ask": "0.68"}, {"asset_id": "3842963720267267286970642336860752782302644680156535061700039388405652129691", "price": "0.99", "size": "3020.94", "side": "SELL", "hash": "8b1405b676a88c94320568481a1d1a58a521fed4", "best_bid": "0.32", "best_ask": "0.62"}], "timestamp": "1769384132485", "event_type": "price_change"}}
{"_local_timestamp": "2026-01-25T23:36:57.800523+00:00", "data": {"market": "0xb48621f7eba07b0a3eeabc6afb09ae42490239903997b9d412b0f69aeb040c8b", "price_changes": [{"asset_id": "75467129615908319583031474642658885479135630431889036121812713428992454630178", "price": "0.06", "size": "353.45", "side": "BUY", "hash": "f7b3eacda7d238bd81dcaa4a9bc0329f764441bd", "best_bid": "0.38", "best_ask": "0.68"}, {"asset_id": "3842963720267267286970642336860752782302644680156535061700039388405652129691", "price": "0.94", "size": "353.45", "side": "SELL", "hash": "af534acfd4530851f303cfdd6d1df872158dd036", "best_bid": "0.32", "best_ask": "0.62"}], "timestamp": "1769384217238", "event_type": "price_change"}}
{"_local_timestamp": "2026-01-25T23:36:57.801377+00:00", "data": {"market": "0xb48621f7eba07b0a3eeabc6afb09ae42490239903997b9d412b0f69aeb040c8b", "price_changes": [{"asset_id": "3842963720267267286970642336860752782302644680156535061700039388405652129691", "price": "0.06", "size": "66.66", "side": "BUY", "hash": "c59f8b4a4c708a7b9e5ba8920723351f7e5b7a71", "best_bid": "0.32", "best_ask": "0.62"}, {"asset_id": "75467129615908319583031474642658885479135630431889036121812713428992454630178", "price": "0.94", "size": "66.66", "side": "SELL", "hash": "65ca15b6e5ef207a041e6e24dab6605cf80d4dc7", "best_bid": "0.38", "best_ask": "0.68"}], "timestamp": "1769384217275", "event_type": "price_change"}}
{"_local_timestamp": "2026-01-25T23:36:59.942174+00:00", "data": {"market": "0xb48621f7eba07b0a3eeabc6afb09ae42490239903997b9d412b0f69aeb040c8b", "price_changes": [{"asset_id": "3842963720267267286970642336860752782302644680156535061700039388405652129691", "price": "0.08", "size": "21.86", "side": "BUY", "hash": "415d929c0bf90bbef99e5ed683b7d26bff533747", "best_bid": "0.32", "best_ask": "0.62"}, {"asset_id": "75467129615908319583031474642658885479135630431889036121812713428992454630178", "price": "0.92", "size": "21.86", "side": "SELL", "hash": "9eedea99b5565458be6493fc8f7508a0ffadc207", "best_bid": "0.38", "best_ask": "0.68"}], "timestamp": "1769384219758", "event_type": "price_change"}}
{"_local_timestamp": "2026-01-25T23:36:59.942637+00:00", "data": {"market": "0xb48621f7eba07b0a3eeabc6afb09ae42490239903997b9d412b0f69aeb040c8b", "price_changes": [{"asset_id": "75467129615908319583031474642658885479135630431889036121812713428992454630178", "price": "0.07", "size": "310.12", "side": "BUY", "hash": "90724a659c202581a48dd43a9ec17168008b1986", "best_bid": "0.38", "best_ask": "0.68"}, {"asset_id": "3842963720267267286970642336860752782302644680156535061700039388405652129691", "price": "0.93", "size": "310.12", "side": "SELL", "hash": "73e37be59bfdd8474caf7221453678f06994a361", "best_bid": "0.32", "best_ask": "0.62"}], "timestamp": "1769384219760", "event_type": "price_change"}}
{"_local_timestamp": "2026-01-25T23:37:24.961042+00:00", "data": {"market": "0xb48621f7eba07b0a3eeabc6afb09ae42490239903997b9d412b0f69aeb040c8b", "price_changes": [{"asset_id": "75467129615908319583031474642658885479135630431889036121812713428992454630178", "price": "0.06", "size": "53.45", "side": "BUY", "hash": "e0e17be4a115e43726434908f734b4bd9239e2e9", "best_bid": "0.38", "best_ask": "0.68"}, {"asset_id": "3842963720267267286970642336860752782302644680156535061700039388405652129691", "price": "0.94", "size": "53.45", "side": "SELL", "hash": "dfd6b68656a43a3280cb4233f420c927509638d9", "best_bid": "0.32", "best_ask": "0.62"}], "timestamp": "1769384244888", "event_type": "price_change"}}
{"_local_timestamp": "2026-01-25T23:37:25.222392+00:00", "data": {"market": "0xb48621f7eba07b0a3eeabc6afb09ae42490239903997b9d412b0f69aeb040c8b", "price_changes": [{"asset_id": "75467129615908319583031474642658885479135630431889036121812713428992454630178", "price": "0.07", "size": "610.12", "side": "BUY", "hash": "3cc82c45edee2e305bc49b96bfc3aca888ad5757", "best_bid": "0.38", "best_ask": "0.68"}, {"asset_id": "3842963720267267286970642336860752782302644680156535061700039388405652129691", "price": "0.93", "size": "610.12", "side": "SELL", "hash": "248019d9423fde0a3205e1ad2cb6c886236ca968", "best_bid": "0.32", "best_ask": "0.62"}], "timestamp": "1769384245155", "event_type": "price_change"}}
{"_local_timestamp": "2026-01-25T23:38:16.812253+00:00", "data": {"market": "0xb48621f7eba07b0a3eeabc6afb09ae42490239903997b9d412b0f69aeb040c8b", "price_changes": [{"asset_id": "3842963720267267286970642336860752782302644680156535061700039388405652129691", "price": "0.01", "size": "1011.98", "side": "BUY", "hash": "72f211a75258133bcb4a28118e741fd973198eaa", "best_bid": "0.32", "best_ask": "0.62"}, {"asset_id": "75467129615908319583031474642658885479135630431889036121812713428992454630178", "price": "0.99", "size": "1011.98", "side": "SELL", "hash": "762d62ad16a0c86487257a81a42bd0b94f96885c", "best_bid": "0.38", "best_ask": "0.68"}], "timestamp": "1769384296742", "event_type": "price_change"}}
