{"_local_timestamp": "2026-01-25T23:33:17.074019+00:00", "data": [{"market": "0xb48621f7eba07b0a3eeabc6afb09ae42490239903997b9d412b0f69aeb040c8b", "asset_id": "75467129615908319583031474642658885479135630431889036121812713428992454630178", "timestamp": "1769383954728", "hash": "848ddd2dbe32a375ffa960f1ba9ae4e63f25d574", "bids": [{"price": "0.01", "size": "3015.24"}, {"price": "0.02", "size": "11.94"}, {"price": "0.05", "size": "400"}, {"price": "0.06", "size": "653.45"}, {"price": "0.07", "size": "10.12"}, {"price": "0.21", "size": "150.29"}, {"price": "0.22", "size": "53.45"}, {"price": "0.23", "size": "56.52"}, {"price": "0.3", "size": "100"}, {"price": "0.37", "size": "29.72"}, {"price": "0.38", "size": "53.45"}], "asks": [{"price": "0.99", "size": "1005.29"}, {"price": "0.98", "size": "11.99"}, {"price": "0.97", "size": "10.5"}, {"price": "0.94", "size": "366.66"}, {"price": "0.93", "size": "38.1"}, {"price": "0.84", "size": "32.5"}, {"price": "0.81", "size": "91.86"}, {"price": "0.78", "size": "19.9"}, {"price": "0.75", "size": "20"}, {"price": "0.72", "size": "5"}, {"price": "0.7", "size": "51.99"}, {"price": "0.69", "size": "41.28"}, {"price": "0.68", "size": "66.66"}], "event_type": "book", "last_trade_price": "0.470"}, {"market": "0xb48621f7eba07b0a3eeabc6afb09ae42490239903997b9d412b0f69aeb040c8b", "asset_id": "3842963720267267286970642336860752782302644680156535061700039388405652129691", "timestamp": "1769383954728", "hash": "1ec5ef206b5d840abc79491027be48a05ed8c0ce", "bids": [{"price": "0.01", "size": "1005.29"}, {"price": "0.02", "size": "11.99"}, {"price": "0.03", "size": "10.5"}, {"price": "0.06", "size": "366.66"}, {"price": "0.07", "size": "38.1"}, {"price": "0.16", "size": "32.5"}, {"price": "0.19", "size": "91.86"}, {"price": "0.22", "size": "19.9"}, {"price": "0.25", "size": "20"}, {"price": "0.28", "size": "5"}, {"price": "0.3", "size": "51.99"}, {"price": "0.31", "size": "41.28"}, {"price": "0.32", "size": "66.66"}], "asks": [{"price": "0.99", "size": "3015.24"}, {"price": "0.98", "size": "11.94"}, {"price": "0.95", "size": "400"}, {"price": "0.94", "size": "653.45"}, {"price": "0.93", "size": "10.12"}, {"price": "0.79", "size": "150.29"}, {"price": "0.78", "size": "53.45"}, {"price": "0.77", "size": "56.52"}, {"price": "0.7", "size": "100"}, {"price": "0.63", "size": "29.72"}, {"price": "0.62", "size": "53.45"}], "event_type": "book", "last_trade_price": "0.470"}]}
{"_local_timestamp": "2026-01-25T23:34:01.344061+00:00", "data": {"market": "0xb48621f7eba07b0a3eeabc6afb09ae42490239903997b9d412b0f69aeb040c8b", "price_changes": [{"asset_id": "75467129615908319583031474642658885479135630431889036121812713428992454630178", "price": "0.05", "size": "0", "side": "BUY", "hash": "ba2c36389d3921567aabb597547da2c1c43a4b8e", "best_bid": "0.38", "best_ask": "0.68"}, {"asset_id": "3842963720267267286970642336860752782302644680156535061700039388405652129691", "price": "0.95", "size": "0", "side": "SELL", "hash": "c21ad4c5066a56722e7624e71aab23af5a2b857b", "best_bid": "0.32", "best_ask": "0.62"}], "timestamp": "1769384041242", "event_type": "price_change"}}
{"_local_timestamp": "2026-01-25T23:34:01.629481+00:00", "data": {"market": "0xb48621f7eba07b0a3eeabc6afb09ae42490239903997b9d412b0f69aeb040c8b", "price_changes": [{"asset_id": "3842963720267267286970642336860752782302644680156535061700039388405652129691", "price": "0.02", "size": "411.99", "side": "BUY", "hash": "cc7f5541aa264c1fcfdff2a116ca8cc9e1940429", "best_bid": "0.32", "best_ask": "0.62"}, {"asset_id": "75467129615908319583031474642658885479135630431889036121812713428992454630178", "price": "0.98", "size": "411.99", "side": "SELL", "hash": "d5a7a36d1b44fe884d1abbf1d16b04ae60cd8eb4", "best_bid": "0.38", "best_ask": "0.68"}], "timestamp": "1769384041555", "event_type": "price_change"}}
{"_local_timestamp": "2026-01-25T23:34:01.642901+00:00", "data": {"market": "0xb48621f7eba07b0a3eeabc6afb09ae42490239903997b9d412b0f69aeb040c8b", "price_changes": [{"asset_id": "3842963720267267286970642336860752782302644680156535061700039388405652129691", "price": "0.01", "size": "2005.29", "side": "BUY", "hash": "d3fd52133305cc6727dc3284fb157ac9f90b54fd", "best_bid": "0.32", "best_ask": "0.62"}, {"asset_id": "75467129615908319583031474642658885479135630431889036121812713428992454630178", "price": "0.99", "size": "2005.29", "side": "SELL", "hash": "c00c3d684917c39dcee69a7f3ba84b6acc3bb125", "best_bid": "0.38", "best_ask": "0.68"}], "timestamp": "1769384041558", "event_type": "price_change"}}
{"_local_timestamp": "2026-01-25T23:34:01.653736+00:00", "data": {"market": "0xb48621f7eba07b0a3eeabc6afb09ae42490239903997b9d412b0f69aeb040c8b", "price_changes": [{"asset_id": "75467129615908319583031474642658885479135630431889036121812713428992454630178", "price": "0.02", "size": "411.94", "side": "BUY", "hash": "29a9c76e950026cc05d43c2513ec31e0a8edcdc3", "best_bid": "0.38", "best_ask": "0.68"}, {"asset_id": "3842963720267267286970642336860752782302644680156535061700039388405652129691", "price": "0.98", "size": "411.94", "side": "SELL", "hash": "1126a1bb4bae141463163a74da3ef266e1f028ba", "best_bid": "0.32", "best_ask": "0.62"}], "timestamp": "1769384041564", "event_type": "price_change"}}
{"_local_timestamp": "2026-01-25T23:35:24.575145+00:00", "data": {"market": "0xb48621f7eba07b0a3eeabc6afb09ae42490239903997b9d412b0f69aeb040c8b", "price_changes": [{"asset_id": "3842963720267267286970642336860752782302644680156535061700039388405652129691", "price": "0.02", "size": "400", "side": "BUY", "hash": "598bf8f329e8b3952e55f82b7ff6560a6c41e5bc", "best_bid": "0.32", "best_ask": "0.62"}, {"asset_id": "75467129615908319583031474642658885479135630431889036121812713428992454630178", "price": "0.98", "size": "400", "side": "SELL", "hash": "2d57aa2138b549421616befa68833c8fa733c80a", "best_bid": "0.38", "best_ask": "0.68"}], "timestamp": "1769384124347", "event_type": "price_change"}}
{"_local_timestamp": "2026-01-25T23:35:24.576139+00:00", "data": {"market": "0xb48621f7eba07b0a3eeabc6afb09ae42490239903997b9d412b0f69aeb040c8b", "price_changes": [{"asset_id": "3842963720267267286970642336860752782302644680156535061700039388405652129691", "price": "0.07", "size": "28", "side": "BUY", "hash": "598bf8f329e8b3952e55f82b7ff6560a6c41e5bc", "best_bid": "0.32", "best_ask": "0.62"}, {"asset_id": "75467129615908319583031474642658885479135630431889036121812713428992454630178", "price": "0.93", "size": "28", "side": "SELL", "hash": "2d57aa2138b549421616befa68833c8fa733c80a", "best_bid": "0.38", "best_ask": "0.68"}], "timestamp": "1769384124347", "event_type": "price_change"}}
{"_local_timestamp": "2026-01-25T23:35:24.846379+00:00", "data": {"market": "0xb48621f7eba07b0a3eeabc6afb09ae42490239903997b9d412b0f69aeb040c8b", "price_changes": [{"asset_id": "3842963720267267286970642336860752782302644680156535061700039388405652129691", "price": "0.08", "size": "7.86", "side": "BUY", "hash": "305c17aa55cb6b213f415f597b92d797ab68d91a", "best_bid": "0.32", "best_ask": "0.62"}, {"asset_id": "75467129615908319583031474642658885479135630431889036121812713428992454630178", "price": "0.92", "size": "7.86", "side": "SELL", "hash": "3c727bf108e4c7aff5a9cbe28b39f6221c04961c", "best_bid": "0.38", "best_ask": "0.68"}], "timestamp": "1769384124658", "event_type": "price_change"}}
{"_local_timestamp": "2026-01-25T23:35:24.862479+00:00", "data": {"market": "0xb48621f7eba07b0a3eeabc6afb09ae42490239903997b9d412b0f69aeb040c8b", "price_changes": [{"asset_id": "3842963720267267286970642336860752782302644680156535061700039388405652129691", "price": "0.03", "size": "18.85", "side": "BUY", "hash": "553e63d8813bfc419f0f399b9105e65dc200c53e", "best_bid": "0.32", "best_ask": "0.62"}, {"asset_id": "75467129615908319583031474642658885479135630431889036121812713428992454630178", "price": "0.97", "size": "18.85", "side": "SELL", "hash": "a02f979f5681b5ba0defd9857bd47ac80bb05608", "best_bid": "0.38", "best_ask": "0.68"}], "timestamp": "1769384124665", "event_type": "price_change"}}
{"_local_timestamp": "2026-01-25T23:35:24.868080+00:00", "data": {"market": "0xb48621f7eba07b0a3eeabc6afb09ae42490239903997b9d412b0f69aeb040c8b", "price_changes": [{"asset_id": "3842963720267267286970642336860752782302644680156535061700039388405652129691", "price": "0.01", "size": "2011.98", "side": "BUY", "hash": "4e2bee0607a15a34771cef1e199fd2a805bcab1e", "best_bid": "0.32", "best_ask": "0.62"}, {"asset_id": "75467129615908319583031474642658885479135630431889036121812713428992454630178", "price": "0.99", "size": "2011.98", "side": "SELL", "hash": "fb94798effdfbfbfa64e2b8d4a60b4ca8b729164", "best_bid": "0.38", "best_ask": "0.68"}], "timestamp": "1769384124671", "event_type": "price_change"}}
