{"_local_timestamp": "2026-01-25T23:34:26.173484+00:00", "data": [{"market": "0x186b16dc206aca99378aef7f20e34309ebeb9233b3884d2e874d2fffae017a50", "asset_id": "27997759442901208242601944070545150916966418293313443344605291584049898153618", "timestamp": "1769383978002", "hash": "29052a9ae959c09b89542ee8da0d8eb7452acb9f", "bids": [{"price": "0.01", "size": "481.9"}, {"price": "0.02", "size": "20.76"}, {"price": "0.04", "size": "7.89"}, {"price": "0.05", "size": "5.47"}], "asks": [{"price": "0.99", "size": "490.01"}, {"price": "0.98", "size": "32.49"}], "event_type": "book", "last_trade_price": ""}, {"market": "0x186b16dc206aca99378aef7f20e34309ebeb9233b3884d2e874d2fffae017a50", "asset_id": "56013812712849247480365922543043224337655637838916261906743366652424487816322", "timestamp": "1769383978002", "hash": "4b0f2abda6b0591c30b0dddcc912403af11ba3db", "bids": [{"price": "0.01", "size": "490.01"}, {"price": "0.02", "size": "32.49"}], "asks": [{"price": "0.99", "size": "481.9"}, {"price": "0.98", "size": "20.76"}, {"price": "0.96", "size": "7.89"}, {"price": "0.95", "size": "5.47"}], "event_type": "book", "last_trade_price": ""}]}
{"_local_timestamp": "2026-01-25T23:35:29.080517+00:00", "data": {"market": "0x186b16dc206aca99378aef7f20e34309ebeb9233b3884d2e874d2fffae017a50", "price_changes": [{"asset_id": "27997759442901208242601944070545150916966418293313443344605291584049898153618", "price": "0.01", "size": "467.11", "side": "BUY", "hash": "609f002a43b2d3e758afb61d5cf3bfdb86a6a53b", "best_bid": "0.05", "best_ask": "0.98"}, {"asset_id": "56013812712849247480365922543043224337655637838916261906743366652424487816322", "price": "0.99", "size": "467.11", "side": "SELL", "hash": "b19963c9e387ab9656beef3a557381671a5bfab3", "best_bid": "0.02", "best_ask": "0.95"}], "timestamp": "1769384128857", "event_type": "price_change"}}
{"_local_timestamp": "2026-01-25T23:35:29.081335+00:00", "data": {"market": "0x186b16dc206aca99378aef7f20e34309ebeb9233b3884d2e874d2fffae017a50", "price_changes": [{"asset_id": "27997759442901208242601944070545150916966418293313443344605291584049898153618", "price": "0.04", "size": "0", "side": "BUY", "hash": "609f002a43b2d3e758afb61d5cf3bfdb86a6a53b", "best_bid": "0.05", "best_ask": "0.98"}, {"asset_id": "56013812712849247480365922543043224337655637838916261906743366652424487816322", "price": "0.96", "size": "0", "side": "SELL", "hash": "b19963c9e387ab9656beef3a557381671a5bfab3", "best_bid": "0.02", "best_ask": "0.95"}], "timestamp": "1769384128857", "event_type": "price_change"}}
{"_local_timestamp": "2026-01-25T23:35:32.261708+00:00", "data": {"market": "0x186b16dc206aca99378aef7f20e34309ebeb9233b3884d2e874d2fffae017a50", "price_changes": [{"asset_id": "27997759442901208242601944070545150916966418293313443344605291584049898153618", "price": "0.01", "size": "473.81", "side": "BUY", "hash": "3953f03513fa905f5595e4aafd3b7c7aa5fe8c4b", "best_bid": "0.05", "best_ask": "0.98"}, {"asset_id": "56013812712849247480365922543043224337655637838916261906743366652424487816322", "price": "0.99", "size": "473.81", "side": "SELL", "hash": "f9d27304d014facc8aaa8b156c9d4fb8c802a82c", "best_bid": "0.02", "best_ask": "0.95"}], "timestamp": "1769384132005", "event_type": "price_change"}}
{"_local_timestamp": "2026-01-25T23:35:32.262209+00:00", "data": {"market": "0x186b16dc206aca99378aef7f20e34309ebeb9233b3884d2e874d2fffae017a50", "price_changes": [{"asset_id": "27997759442901208242601944070545150916966418293313443344605291584049898153618", "price": "0.02", "size": "40.59", "side": "BUY", "hash": "b555e8c2954367df78c7248c387978ff6824c1cf", "best_bid": "0.05", "best_ask": "0.98"}, {"asset_id": "56013812712849247480365922543043224337655637838916261906743366652424487816322", "price": "0.98", "size": "40.59", "side": "SELL", "hash": "e6e40bc575837b256a394fbf99a1d893e100f56a", "best_bid": "0.02", "best_ask": "0.95"}], "timestamp": "1769384132006", "event_type": "price_change"}}
{"_local_timestamp": "2026-01-25T23:35:32.399919+00:00", "data": {"market": "0x186b16dc206aca99378aef7f20e34309ebeb9233b3884d2e874d2fffae017a50", "price_changes": [{"asset_id": "27997759442901208242601944070545150916966418293313443344605291584049898153618", "price": "0.05", "size": "0", "side": "BUY", "hash": "3ffc22bed0dc188317095261c44b76b4e6c0a1f3", "best_bid": "0.02", "best_ask": "0.98"}, {"asset_id": "56013812712849247480365922543043224337655637838916261906743366652424487816322", "price": "0.95", "size": "0", "side": "SELL", "hash": "8e67e0cddf1faf0e3e51dba2eb1fc16fb59da5e3", "best_bid": "0.02", "best_ask": "0.98"}], "timestamp": "1769384132175", "event_type": "price_change"}}
{"_local_timestamp": "2026-01-25T23:35:32.428106+00:00", "data": {"market": "0x186b16dc206aca99378aef7f20e34309ebeb9233b3884d2e874d2fffae017a50", "price_changes": [{"asset_id": "27997759442901208242601944070545150916966418293313443344605291584049898153618", "price": "0.03", "size": "5.47", "side": "BUY", "hash": "eabec88b7e5228563d463a87a8c8e8c989343926", "best_bid": "0.03", "best_ask": "0.98"}, {"asset_id": "56013812712849247480365922543043224337655637838916261906743366652424487816322", "price": "0.97", "size": "5.47", "side": "SELL", "hash": "4eb3d9e2323349baafad3ee04cfdbac74134bb35", "best_bid": "0.02", "best_ask": "0.97"}], "timestamp": "1769384132201", "event_type": "price_change"}}
{"_local_timestamp": "2026-01-25T23:35:38.331014+00:00", "data": {"market": "0x186b16dc206aca99378aef7f20e34309ebeb9233b3884d2e874d2fffae017a50", "price_changes": [{"asset_id": "27997759442901208242601944070545150916966418293313443344605291584049898153618", "price": "0.02", "size": "90.59", "side": "BUY", "hash": "cd643d85f1db63c4b041a6caeb18110b24de6ba6", "best_bid": "0.03", "best_ask": "0.98"}, {"asset_id": "56013812712849247480365922543043224337655637838916261906743366652424487816322", "price": "0.98", "size": "90.59", "side": "SELL", "hash": "031cfdec349c0656c412a5e131bc45f7d3a0d68b", "best_bid": "0.02", "best_ask": "0.97"}], "timestamp": "1769384138242", "event_type": "price_change"}}
