{"_local_timestamp": "2026-01-25T23:34:26.173221+00:00", "data": [{"market": "0x552920b0b9b0c992b43ed71bc0945ef2219dde27004b0e33ef12977193e77b7f", "asset_id": "59781389424244082892208944287280957440330397227802572966754981817704527120372", "timestamp": "1769383731400", "hash": "cc5cb97e03a50569536a96c56c9fc507ece1a965", "bids": [{"price": "0.01", "size": "478.18"}, {"price": "0.02", "size": "147.03"}, {"price": "0.03", "size": "20.91"}, {"price": "0.04", "size": "5.47"}], "asks": [{"price": "0.99", "size": "83.05"}, {"price": "0.98", "size": "98.94"}, {"price": "0.97", "size": "8.11"}, {"price": "0.96", "size": "7.43"}], "event_type": "book", "last_trade_price": ""}, {"market": "0x552920b0b9b0c992b43ed71bc0945ef2219dde27004b0e33ef12977193e77b7f", "asset_id": "92515547642358443210683466736996562211143244763222996142548242993768956402750", "timestamp": "1769383731400", "hash": "671c1990e685ffc73d6594e71d6036fb2bd954cc", "bids": [{"price": "0.01", "size": "83.05"}, {"price": "0.02", "size": "98.94"}, {"price": "0.03", "size": "8.11"}, {"price": "0.04", "size": "7.43"}], "asks": [{"price": "0.99", "size": "478.18"}, {"price": "0.98", "size": "147.03"}, {"price": "0.97", "size": "20.91"}, {"price": "0.96", "size": "5.47"}], "event_type": "book", "last_trade_price": ""}]}
{"_local_timestamp": "2026-01-25T23:35:28.926480+00:00", "data": {"market": "0x552920b0b9b0c992b43ed71bc0945ef2219dde27004b0e33ef12977193e77b7f", "price_changes": [{"asset_id": "92515547642358443210683466736996562211143244763222996142548242993768956402750", "price": "0.01", "size": "70.27", "side": "BUY", "hash": "b94603a7db27ebee41b7f33e5e3c93d33e6faa9d", "best_bid": "0.03", "best_ask": "0.96"}, {"asset_id": "59781389424244082892208944287280957440330397227802572966754981817704527120372", "price": "0.99", "size": "70.27", "side": "SELL", "hash": "bcded33c3e6e2d53cccee0891a5d6e15dbb1f893", "best_bid": "0.04", "best_ask": "0.97"}], "timestamp": "1769384128857", "event_type": "price_change"}}
{"_local_timestamp": "2026-01-25T23:35:28.927438+00:00", "data": {"market": "0x552920b0b9b0c992b43ed71bc0945ef2219dde27004b0e33ef12977193e77b7f", "price_changes": [{"asset_id": "92515547642358443210683466736996562211143244763222996142548242993768956402750", "price": "0.04", "size": "0", "side": "BUY", "hash": "b94603a7db27ebee41b7f33e5e3c93d33e6faa9d", "best_bid": "0.03", "best_ask": "0.96"}, {"asset_id": "59781389424244082892208944287280957440330397227802572966754981817704527120372", "price": "0.96", "size": "0", "side": "SELL", "hash": "bcded33c3e6e2d53cccee0891a5d6e15dbb1f893", "best_bid": "0.04", "best_ask": "0.97"}], "timestamp": "1769384128857", "event_type": "price_change"}}
{"_local_timestamp": "2026-01-25T23:35:32.099564+00:00", "data": {"market": "0x552920b0b9b0c992b43ed71bc0945ef2219dde27004b0e33ef12977193e77b7f", "price_changes": [{"asset_id": "92515547642358443210683466736996562211143244763222996142548242993768956402750", "price": "0.01", "size": "77.57", "side": "BUY", "hash": "6a574106069c1be3c88399a7c2dcb633927db561", "best_bid": "0.03", "best_ask": "0.96"}, {"asset_id": "59781389424244082892208944287280957440330397227802572966754981817704527120372", "price": "0.99", "size": "77.57", "side": "SELL", "hash": "434ac9971a2c3aa6e391c2db5156e6d0ea89bca5", "best_bid": "0.04", "best_ask": "0.97"}], "timestamp": "1769384132006", "event_type": "price_change"}}
{"_local_timestamp": "2026-01-25T23:35:32.100078+00:00", "data": {"market": "0x552920b0b9b0c992b43ed71bc0945ef2219dde27004b0e33ef12977193e77b7f", "price_changes": [{"asset_id": "92515547642358443210683466736996562211143244763222996142548242993768956402750", "price": "0.03", "size": "19.84", "side": "BUY", "hash": "5ba0fc1eed7ce13a50ddbf0469c95f178e1509b9", "best_bid": "0.03", "best_ask": "0.96"}, {"asset_id": "59781389424244082892208944287280957440330397227802572966754981817704527120372", "price": "0.97", "size": "19.84", "side": "SELL", "hash": "344e23820076e43ef461ec0b1519bea148131988", "best_bid": "0.04", "best_ask": "0.97"}], "timestamp": "1769384132007", "event_type": "price_change"}}
