{"_local_timestamp": "2026-01-25T23:41:06.744487+00:00", "data": [{"market": "0x6d2986194fa7eff932ab44822e2123a2ce77ce5b24408cec6cf7b42e555d2032", "asset_id": "36592232725508528167032095770449454477959358543457958471237251634104622699420", "timestamp": "1769384457003", "hash": "2bd7e81a4a3f21fde00a3e63e64f8463d9876830", "bids": [{"price": "0.01", "size": "550"}, {"price": "0.02", "size": "15.05"}, {"price": "0.07", "size": "900"}, {"price": "0.08", "size": "500"}, {"price": "0.09", "size": "7.76"}, {"price": "0.14", "size": "200"}, {"price": "0.5", "size": "40"}, {"price": "0.52", "size": "25"}, {"price": "0.53", "size": "20.75"}, {"price": "0.75", "size": "1000"}, {"price": "0.77", "size": "100"}, {"price": "0.81", "size": "23.25"}], "asks": [{"price": "0.99", "size": "150"}, {"price": "0.98", "size": "24.56"}, {"price": "0.94", "size": "216.66"}, {"price": "0.93", "size": "78.57"}, {"price": "0.92", "size": "6.35"}, {"price": "0.87", "size": "10"}, {"price": "0.86", "size": "82.72"}, {"price": "0.84", "size": "1000"}], "event_type": "book", "last_trade_price": "0.140"}, {"market": "0x6d2986194fa7eff932ab44822e2123a2ce77ce5b24408cec6cf7b42e555d2032", "asset_id": "61127016857118950295227788208384696732793373877930647052586459063220802101121", "timestamp": "1769384457003", "hash": "351a9ab4719ea632e9aa2002e0c382f92f271f49", "bids": [{"price": "0.01", "size": "150"}, {"price": "0.02", "size": "24.56"}, {"price": "0.06", "size": "216.66"}, {"price": "0.07", "size": "78.57"}, {"price": "0.08", "size": "6.35"}, {"price": "0.13", "size": "10"}, {"price": "0.14", "size": "82.72"}, {"price": "0.16", "size": "1000"}], "asks": [{"price": "0.99", "size": "550"}, {"price": "0.98", "size": "15.05"}, {"price": "0.93", "size": "900"}, {"price": "0.92", "size": "500"}, {"price": "0.91", "size": "7.76"}, {"price": "0.86", "size": "200"}, {"price": "0.5", "size": "40"}, {"price": "0.48", "size": "25"}, {"price": "0.47", "size": "20.75"}, {"price": "0.25", "size": "1000"}, {"price": "0.23", "size": "100"}, {"price": "0.19", "size": "23.25"}], "event_type": "book", "last_trade_price": "0.140"}]}
{"_local_timestamp": "2026-01-25T23:42:56.906364+00:00", "data": {"market": "0x6d2986194fa7eff932ab44822e2123a2ce77ce5b24408cec6cf7b42e555d2032", "price_changes": [{"asset_id": "36592232725508528167032095770449454477959358543457958471237251634104622699420", "price": "0.75", "size": "2000", "side": "BUY", "hash": "9c4506548dd84a7cbf484acc096dfe82ed0697cd", "best_bid": "0.81", "best_ask": "0.84"}, {"asset_id": "61127016857118950295227788208384696732793373877930647052586459063220802101121", "price": "0.25", "size": "2000", "side": "SELL", "hash": "d3eeffdf2efc7a2c0aef06c94208180854d0d1d6", "best_bid": "0.16", "best_ask": "0.19"}], "timestamp": "1769384576817", "event_type": "price_change"}}
{"_local_timestamp": "2026-01-25T23:42:56.911942+00:00", "data": {"market": "0x6d2986194fa7eff932ab44822e2123a2ce77ce5b24408cec6cf7b42e555d2032", "price_changes": [{"asset_id": "61127016857118950295227788208384696732793373877930647052586459063220802101121", "price": "0.16", "size": "2000", "side": "BUY", "hash": "beaa68ccb06fdf7835c67da4b6f4e57ca0149045", "best_bid": "0.16", "best_ask": "0.19"}, {"asset_id": "36592232725508528167032095770449454477959358543457958471237251634104622699420", "price": "0.84", "size": "2000", "side": "SELL", "hash": "73488cc9996cc63b196d3f4517a9ddbc619196dd", "best_bid": "0.81", "best_ask": "0.84"}], "timestamp": "1769384576820", "event_type": "price_change"}}
{"_local_timestamp": "2026-01-25T23:42:57.093725+00:00", "data": {"market": "0x6d2986194fa7eff932ab44822e2123a2ce77ce5b24408cec6cf7b42e555d2032", "price_changes": [{"asset_id": "61127016857118950295227788208384696732793373877930647052586459063220802101121", "price": "0.16", "size": "1000", "side": "BUY", "hash": "0178efe39394188be02bd3bb0ea02ae5521e91f6", "best_bid": "0.16", "best_ask": "0.19"}, {"asset_id": "36592232725508528167032095770449454477959358543457958471237251634104622699420", "price": "0.84", "size": "1000", "side": "SELL", "hash": "8d83458a5d629456b833bcc8da3c06150be10c19", "best_bid": "0.81", "best_ask": "0.84"}], "timestamp": "1769384577000", "event_type": "price_change"}}
{"_local_timestamp": "2026-01-25T23:42:57.096649+00:00", "data": {"market": "0x6d2986194fa7eff932ab44822e2123a2ce77ce5b24408cec6cf7b42e555d2032", "price_changes": [{"asset_id": "36592232725508528167032095770449454477959358543457958471237251634104622699420", "price": "0.75", "size": "1000", "side": "BUY", "hash": "ba4c55f6390a4a47edc0d9074848558685ca4559", "best_bid": "0.81", "best_ask": "0.84"}, {"asset_id": "61127016857118950295227788208384696732793373877930647052586459063220802101121", "price": "0.25", "size": "1000", "side": "SELL", "hash": "9016eadc6872259f901725e8b00b118664ec41bb", "best_bid": "0.16", "best_ask": "0.19"}], "timestamp": "1769384577000", "event_type": "price_change"}}
{"_local_timestamp": "2026-01-25T23:44:57.113437+00:00", "data": {"market": "0x6d2986194fa7eff932ab44822e2123a2ce77ce5b24408cec6cf7b42e555d2032", "price_changes": [{"asset_id": "36592232725508528167032095770449454477959358543457958471237251634104622699420", "price": "0.75", "size": "0", "side": "BUY", "hash": "0060d4e9bfbc7ec7a0b76cc1540a3bd8c97e9a56", "best_bid": "0.81", "best_ask": "0.84"}, {"asset_id": "61127016857118950295227788208384696732793373877930647052586459063220802101121", "price": "0.25", "size": "0", "side": "SELL", "hash": "a3f9caa16f2eba0a1b47948d14a05c00bcaf5940", "best_bid": "0.16", "best_ask": "0.19"}], "timestamp": "1769384697000", "event_type": "price_change"}}
{"_local_timestamp": "2026-01-25T23:44:57.120860+00:00", "data": {"market": "0x6d2986194fa7eff932ab44822e2123a2ce77ce5b24408cec6cf7b42e555d2032", "price_changes": [{"asset_id": "61127016857118950295227788208384696732793373877930647052586459063220802101121", "price": "0.16", "size": "0", "side": "BUY", "hash": "70afc45c086f9a1df9adcda28e6375aa64cc98b5", "best_bid": "0.14", "best_ask": "0.19"}, {"asset_id": "36592232725508528167032095770449454477959358543457958471237251634104622699420", "price": "0.84", "size": "0", "side": "SELL", "hash": "95d556fe263c5ab01dac77c4e3e4c077bb604883", "best_bid": "0.81", "best_ask": "0.86"}], "timestamp": "1769384697004", "event_type": "price_change"}}
{"_local_timestamp": "2026-01-25T23:44:57.350688+00:00", "data": {"market": "0x6d2986194fa7eff932ab44822e2123a2ce77ce5b24408cec6cf7b42e555d2032", "price_changes": [{"asset_id": "61127016857118950295227788208384696732793373877930647052586459063220802101121", "price": "0.16", "size": "1000", "side": "BUY", "hash": "5da7caf4b2be211605ecb6f53eaf17627a920dd2", "best_bid": "0.16", "best_ask": "0.19"}, {"asset_id": "36592232725508528167032095770449454477959358543457958471237251634104622699420", "price": "0.84", "size": "1000", "side": "SELL", "hash": "6766def43b3b66ee157429f4b8e4a6392dfdf80b", "best_bid": "0.81", "best_ask": "0.84"}], "timestamp": "1769384697279", "event_type": "price_change"}}
{"_local_timestamp": "2026-01-25T23:44:57.353583+00:00", "data": {"market": "0x6d2986194fa7eff932ab44822e2123a2ce77ce5b24408cec6cf7b42e555d2032", "price_changes": [{"asset_id": "36592232725508528167032095770449454477959358543457958471237251634104622699420", "price": "0.75", "size": "1000", "side": "BUY", "hash": "c73c6069621584059b4aa51f088331c368d11420", "best_bid": "0.81", "best_ask": "0.84"}, {"asset_id": "61127016857118950295227788208384696732793373877930647052586459063220802101121", "price": "0.25", "size": "1000", "side": "SELL", "hash": "dce17645d82cee24ae293c6c4f9ef3d7bf71c733", "best_bid": "0.16", "best_ask": "0.19"}], "timestamp": "1769384697283", "event_type": "price_change"}}
{"_local_timestamp": "2026-01-25T23:45:46.114184+00:00", "data": {"market": "0x6d2986194fa7eff932ab44822e2123a2ce77ce5b24408cec6cf7b42e555d2032", "price_changes": [{"asset_id": "61127016857118950295227788208384696732793373877930647052586459063220802101121", "price": "0.16", "size": "0", "side": "BUY", "hash": "665fb9195ef6103505c4c428b14322822427f289", "best_bid": "0.14", "best_ask": "0.19"}, {"asset_id": "36592232725508528167032095770449454477959358543457958471237251634104622699420", "price": "0.84", "size": "0", "side": "SELL", "hash": "f6dd49fc7c0a582561f228d58b0db5722163eaaa", "best_bid": "0.81", "best_ask": "0.86"}], "timestamp": "1769384746047", "event_type": "price_change"}}
{"_local_timestamp": "2026-01-25T23:46:57.081698+00:00", "data": {"market": "0x6d2986194fa7eff932ab44822e2123a2ce77ce5b24408cec6cf7b42e555d2032", "price_changes": [{"asset_id": "36592232725508528167032095770449454477959358543457958471237251634104622699420", "price": "0.75", "size": "0", "side": "BUY", "hash": "3415f9f34832fe07d08e5eebdc7a667f43acdd6e", "best_bid": "0.81", "best_ask": "0.86"}, {"asset_id": "61127016857118950295227788208384696732793373877930647052586459063220802101121", "price": "0.25", "size": "0", "side": "SELL", "hash": "ae7b7bfe7e601455d679432c6f36106429cd5bab", "best_bid": "0.14", "best_ask": "0.19"}], "timestamp": "1769384817001", "event_type": "price_change"}}
{"_local_timestamp": "2026-01-25T23:46:57.710563+00:00", "data": {"market": "0x6d2986194fa7eff932ab44822e2123a2ce77ce5b24408cec6cf7b42e555d2032", "price_changes": [{"asset_id": "36592232725508528167032095770449454477959358543457958471237251634104622699420", "price": "0.76", "size": "1000", "side": "BUY", "hash": "9124a9c08c9c2a3697fe7b69499933122b164932", "best_bid": "0.81", "best_ask": "0.86"}, {"asset_id": "61127016857118950295227788208384696732793373877930647052586459063220802101121", "price": "0.24", "size": "1000", "side": "SELL", "hash": "d6095ac1209fed3ffb1111816771682103cc2a60", "best_bid": "0.14", "best_ask": "0.19"}], "timestamp": "1769384817643", "event_type": "price_change"}}
{"_local_timestamp": "2026-01-25T23:46:57.727187+00:00", "data": {"market": "0x6d2986194fa7eff932ab44822e2123a2ce77ce5b24408cec6cf7b42e555d2032", "price_changes": [{"asset_id": "61127016857118950295227788208384696732793373877930647052586459063220802101121", "price": "0.15", "size": "1000", "side": "BUY", "hash": "7af1dd7d59ffbd85ea91fff537125bf4ef28ea12", "best_bid": "0.15", "best_ask": "0.19"}, {"asset_id": "36592232725508528167032095770449454477959358543457958471237251634104622699420", "price": "0.85", "size": "1000", "side": "SELL", "hash": "a5789be5764156642e12c80793c2fab0bc370f54", "best_bid": "0.81", "best_ask": "0.85"}], "timestamp": "1769384817648", "event_type": "price_change"}}
{"_local_timestamp": "2026-01-25T23:48:58.027606+00:00", "data": {"market": "0x6d2986194fa7eff932ab44822e2123a2ce77ce5b24408cec6cf7b42e555d2032", "price_changes": [{"asset_id": "61127016857118950295227788208384696732793373877930647052586459063220802101121", "price": "0.15", "size": "2000", "side": "BUY", "hash": "3b20acfb2031b5d5840bcce0fb03b5570441be50", "best_bid": "0.15", "best_ask": "0.19"}, {"asset_id": "36592232725508528167032095770449454477959358543457958471237251634104622699420", "price": "0.85", "size": "2000", "side": "SELL", "hash": "dfa3a507784d7c86c4507fcba9e37582977d1944", "best_bid": "0.81", "best_ask": "0.85"}], "timestamp": "1769384937951", "event_type": "price_change"}}
{"_local_timestamp": "2026-01-25T23:48:58.028580+00:00", "data": {"market": "0x6d2986194fa7eff932ab44822e2123a2ce77ce5b24408cec6cf7b42e555d2032", "price_changes": [{"asset_id": "36592232725508528167032095770449454477959358543457958471237251634104622699420", "price": "0.76", "size": "2000", "side": "BUY", "hash": "297f57181e88b4c08a86216fbb854e4fc6b8c78d", "best_bid": "0.81", "best_ask": "0.85"}, {"asset_id": "61127016857118950295227788208384696732793373877930647052586459063220802101121", "price": "0.24", "size": "2000", "side": "SELL", "hash": "8ad52f54490336572540b9715201e596384b4ceb", "best_bid": "0.15", "best_ask": "0.19"}], "timestamp": "1769384937953", "event_type": "price_change"}}
{"_local_timestamp": "2026-01-25T23:48:58.085216+00:00", "data": {"market": "0x6d2986194fa7eff932ab44822e2123a2ce77ce5b24408cec6cf7b42e555d2032", "price_changes": [{"asset_id": "61127016857118950295227788208384696732793373877930647052586459063220802101121", "price": "0.15", "size": "1000", "side": "BUY", "hash": "270eebb2e26287f84cb6edce595746fe02d60938", "best_bid": "0.15", "best_ask": "0.19"}, {"asset_id": "36592232725508528167032095770449454477959358543457958471237251634104622699420", "price": "0.85", "size": "1000", "side": "SELL", "hash": "f180ddda2cd9d7ae0e068d0c4b37fc83d0da56f9", "best_bid": "0.81", "best_ask": "0.85"}], "timestamp": "1769384938004", "event_type": "price_change"}}
{"_local_timestamp": "2026-01-25T23:48:58.090618+00:00", "data": {"market": "0x6d2986194fa7eff932ab44822e2123a2ce77ce5b24408cec6cf7b42e555d2032", "price_changes": [{"asset_id": "36592232725508528167032095770449454477959358543457958471237251634104622699420", "price": "0.76", "size": "1000", "side": "BUY", "hash": "103b2f2233dd98842a340dd7deb53c4f6432325e", "best_bid": "0.81", "best_ask": "0.85"}, {"asset_id": "61127016857118950295227788208384696732793373877930647052586459063220802101121", "price": "0.24", "size": "1000", "side": "SELL", "hash": "627a12ffa2e9b36454c93650a5931230cf39103c", "best_bid": "0.15", "best_ask": "0.19"}], "timestamp": "1769384938004", "event_type": "price_change"}}
{"_local_timestamp": "2026-01-25T23:50:58.095854+00:00", "data": {"market": "0x6d2986194fa7eff932ab44822e2123a2ce77ce5b24408cec6cf7b42e555d2032", "price_changes": [{"asset_id": "36592232725508528167032095770449454477959358543457958471237251634104622699420", "price": "0.76", "size": "0", "side": "BUY", "hash": "7d04d4a1996624c411e5cec29ae044317ab182c9", "best_bid": "0.81", "best_ask": "0.85"}, {"asset_id": "61127016857118950295227788208384696732793373877930647052586459063220802101121", "price": "0.24", "size": "0", "side": "SELL", "hash": "e9d409d0f360468d5a4d8a00522d3d6f607f1a45", "best_bid": "0.15", "best_ask": "0.19"}], "timestamp": "1769385058003", "event_type": "price_change"}}
{"_local_timestamp": "2026-01-25T23:50:58.102759+00:00", "data": {"market": "0x6d2986194fa7eff932ab44822e2123a2ce77ce5b24408cec6cf7b42e555d2032", "price_changes": [{"asset_id": "61127016857118950295227788208384696732793373877930647052586459063220802101121", "price": "0.15", "size": "0", "side": "BUY", "hash": "53f8b0e7172bd171846131d816c66842ddae1a01", "best_bid": "0.14", "best_ask": "0.19"}, {"asset_id": "36592232725508528167032095770449454477959358543457958471237251634104622699420", "price": "0.85", "size": "0", "side": "SELL", "hash": "d6c6994a30f391b86068f55582b87004328947e6", "best_bid": "0.81", "best_ask": "0.86"}], "timestamp": "1769385058003", "event_type": "price_change"}}
{"_local_timestamp": "2026-01-25T23:50:58.374957+00:00", "data": {"market": "0x6d2986194fa7eff932ab44822e2123a2ce77ce5b24408cec6cf7b42e555d2032", "price_changes": [{"asset_id": "36592232725508528167032095770449454477959358543457958471237251634104622699420", "price": "0.76", "size": "1000", "side": "BUY", "hash": "429bc22f709c7b10616cb0a75c9d96d2ff347289", "best_bid": "0.81", "best_ask": "0.86"}, {"asset_id": "61127016857118950295227788208384696732793373877930647052586459063220802101121", "price": "0.24", "size": "1000", "side": "SELL", "hash": "b2c84eedd4e8d833be5a8d7402acb6e7a6afd856", "best_bid": "0.14", "best_ask": "0.19"}], "timestamp": "1769385058295", "event_type": "price_change"}}
{"_local_timestamp": "2026-01-25T23:50:58.375355+00:00", "data": {"market": "0x6d2986194fa7eff932ab44822e2123a2ce77ce5b24408cec6cf7b42e555d2032", "price_changes": [{"asset_id": "61127016857118950295227788208384696732793373877930647052586459063220802101121", "price": "0.15", "size": "1000", "side": "BUY", "hash": "eada5872405740a3d8f591edf622a03e140def46", "best_bid": "0.15", "best_ask": "0.19"}, {"asset_id": "36592232725508528167032095770449454477959358543457958471237251634104622699420", "price": "0.85", "size": "1000", "side": "SELL", "hash": "3506714eaef78ab5a0d849f9df05680a7a22fc83", "best_bid": "0.81", "best_ask": "0.85"}], "timestamp": "1769385058296", "event_type": "price_change"}}
