{"_local_timestamp": "2026-01-25T23:33:59.783724+00:00", "data": [{"market": "0xd034c9d0b1dc722e3357d174bae01fe72a213d52a9e217066424aa025710e567", "asset_id": "4945846481492876306755061568696916354696926746777519659439594920189348729746", "timestamp": "1769383975346", "hash": "5ce6546320c4f8cb849fa181153ef9774d1ff306", "bids": [{"price": "0.01", "size": "550"}, {"price": "0.02", "size": "50"}, {"price": "0.09", "size": "144.44"}, {"price": "0.1", "size": "110"}, {"price": "0.22", "size": "100"}, {"price": "0.23", "size": "919"}], "asks": [{"price": "0.99", "size": "555.03"}, {"price": "0.98", "size": "14.5"}, {"price": "0.97", "size": "1000"}, {"price": "0.92", "size": "500"}, {"price": "0.91", "size": "7.32"}, {"price": "0.86", "size": "200"}, {"price": "0.5", "size": "10"}, {"price": "0.48", "size": "25"}, {"price": "0.47", "size": "20.75"}, {"price": "0.33", "size": "1000"}, {"price": "0.32", "size": "100"}], "event_type": "book", "last_trade_price": "0.230"}, {"market": "0xd034c9d0b1dc722e3357d174bae01fe72a213d52a9e217066424aa025710e567", "asset_id": "61425930074236877875530337986416073768102282923853052180987262433213469984987", "timestamp": "1769383975346", "hash": "9b9f48866032a6c83d048290caa2acb5aab5059c", "bids": [{"price": "0.01", "size": "555.03"}, {"price": "0.02", "size": "14.5"}, {"price": "0.03", "size": "1000"}, {"price": "0.08", "size": "500"}, {"price": "0.09", "size": "7.32"}, {"price": "0.14", "size": "200"}, {"price": "0.5", "size": "10"}, {"price": "0.52", "size": "25"}, {"price": "0.53", "size": "20.75"}, {"price": "0.67", "size": "1000"}, {"price": "0.68", "size": "100"}], "asks": [{"price": "0.99", "size": "550"}, {"price": "0.98", "size": "50"}, {"price": "0.91", "size": "144.44"}, {"price": "0.9", "size": "110"}, {"price": "0.78", "size": "100"}, {"price": "0.77", "size": "919"}], "event_type": "book", "last_trade_price": "0.230"}]}
{"_local_timestamp": "2026-01-25T23:34:01.559547+00:00", "data": {"market": "0xd034c9d0b1dc722e3357d174bae01fe72a213d52a9e217066424aa025710e567", "price_changes": [{"asset_id": "4945846481492876306755061568696916354696926746777519659439594920189348729746", "price": "0.02", "size": "6.8", "side": "BUY", "hash": "c24236bda84ffd1bc524c6f9d86575f7115498b1", "best_bid": "0.23", "best_ask": "0.32"}, {"asset_id": "61425930074236877875530337986416073768102282923853052180987262433213469984987", "price": "0.98", "size": "6.8", "side": "SELL", "hash": "7d7224fedbba085504f9b33d74c8a1809991082a", "best_bid": "0.68", "best_ask": "0.77"}], "timestamp": "1769384041492", "event_type": "price_change"}}
{"_local_timestamp": "2026-01-25T23:34:03.032355+00:00", "data": {"market": "0xd034c9d0b1dc722e3357d174bae01fe72a213d52a9e217066424aa025710e567", "price_changes": [{"asset_id": "4945846481492876306755061568696916354696926746777519659439594920189348729746", "price": "0.02", "size": "43.2", "side": "BUY", "hash": "5dc8f6cbfb2aa345a1a19c771d76af6ec8a87e8e", "best_bid": "0.23", "best_ask": "0.32"}, {"asset_id": "61425930074236877875530337986416073768102282923853052180987262433213469984987", "price": "0.98", "size": "43.2", "side": "SELL", "hash": "62defa2642905446705b6697866b15e47615b4f0", "best_bid": "0.68", "best_ask": "0.77"}], "timestamp": "1769384042932", "event_type": "price_change"}}
{"_local_timestamp": "2026-01-25T23:34:55.713268+00:00", "data": {"market": "0xd034c9d0b1dc722e3357d174bae01fe72a213d52a9e217066424aa025710e567", "price_changes": [{"asset_id": "4945846481492876306755061568696916354696926746777519659439594920189348729746", "price": "0.24", "size": "919", "side": "BUY", "hash": "1853ea28193cc5e8481106882b4a3c71436efbef", "best_bid": "0.24", "best_ask": "0.32"}, {"asset_id": "61425930074236877875530337986416073768102282923853052180987262433213469984987", "price": "0.76", "size": "919", "side": "SELL", "hash": "06d9e6f01daa12110417e997fca50b3eec3b58a6", "best_bid": "0.68", "best_ask": "0.76"}], "timestamp": "1769384095634", "event_type": "price_change"}}
{"_local_timestamp": "2026-01-25T23:34:55.714268+00:00", "data": {"market": "0xd034c9d0b1dc722e3357d174bae01fe72a213d52a9e217066424aa025710e567", "price_changes": [{"asset_id": "61425930074236877875530337986416073768102282923853052180987262433213469984987", "price": "0.67", "size": "2000", "side": "BUY", "hash": "f0c44e5c7b9f29d7eb7aa5c9e118f360f38c4103", "best_bid": "0.68", "best_ask": "0.76"}, {"asset_id": "4945846481492876306755061568696916354696926746777519659439594920189348729746", "price": "0.33", "size": "2000", "side": "SELL", "hash": "456523a49534abc6bc3ca27a94dd36ab082087e1", "best_bid": "0.24", "best_ask": "0.32"}], "timestamp": "1769384095646", "event_type": "price_change"}}
{"_local_timestamp": "2026-01-25T23:34:56.133438+00:00", "data": {"market": "0xd034c9d0b1dc722e3357d174bae01fe72a213d52a9e217066424aa025710e567", "price_changes": [{"asset_id": "4945846481492876306755061568696916354696926746777519659439594920189348729746", "price": "0.23", "size": "0", "side": "BUY", "hash": "3c2206758eb78116636b7edcc1e651a35331628e", "best_bid": "0.24", "best_ask": "0.32"}, {"asset_id": "61425930074236877875530337986416073768102282923853052180987262433213469984987", "price": "0.77", "size": "0", "side": "SELL", "hash": "0cd6e5e10d78623037507cb8b55a027fb5436aae", "best_bid": "0.68", "best_ask": "0.76"}], "timestamp": "1769384096010", "event_type": "price_change"}}
{"_local_timestamp": "2026-01-25T23:34:56.142912+00:00", "data": {"market": "0xd034c9d0b1dc722e3357d174bae01fe72a213d52a9e217066424aa025710e567", "price_changes": [{"asset_id": "61425930074236877875530337986416073768102282923853052180987262433213469984987", "price": "0.67", "size": "1000", "side": "BUY", "hash": "466fb121eafb3d8324550793ebcdd8924b330cf6", "best_bid": "0.68", "best_ask": "0.76"}, {"asset_id": "4945846481492876306755061568696916354696926746777519659439594920189348729746", "price": "0.33", "size": "1000", "side": "SELL", "hash": "c2c880960933cd4bde34deed54c63c81fff645a5", "best_bid": "0.24", "best_ask": "0.32"}], "timestamp": "1769384096010", "event_type": "price_change"}}
{"_local_timestamp": "2026-01-25T23:35:31.376240+00:00", "data": {"market": "0xd034c9d0b1dc722e3357d174bae01fe72a213d52a9e217066424aa025710e567", "price_changes": [{"asset_id": "4945846481492876306755061568696916354696926746777519659439594920189348729746", "price": "0.24", "size": "0", "side": "BUY", "hash": "be4fc6b112c14d6e3e1a67391f719db55e2d4747", "best_bid": "0.22", "best_ask": "0.32"}, {"asset_id": "61425930074236877875530337986416073768102282923853052180987262433213469984987", "price": "0.76", "size": "0", "side": "SELL", "hash": "8d88c3b605a057b5cb5b7919d2b924adfca90728", "best_bid": "0.68", "best_ask": "0.78"}], "timestamp": "1769384131139", "event_type": "price_change"}}
{"_local_timestamp": "2026-01-25T23:36:22.259712+00:00", "data": {"market": "0xd034c9d0b1dc722e3357d174bae01fe72a213d52a9e217066424aa025710e567", "price_changes": [{"asset_id": "4945846481492876306755061568696916354696926746777519659439594920189348729746", "price": "0.02", "size": "50", "side": "BUY", "hash": "6ae7ac7548fa8b3228ab641e6122ca384415a122", "best_bid": "0.22", "best_ask": "0.32"}, {"asset_id": "61425930074236877875530337986416073768102282923853052180987262433213469984987", "price": "0.98", "size": "50", "side": "SELL", "hash": "2db253ff2dac6311e85930e7bbb2686f7e07f1fb", "best_bid": "0.68", "best_ask": "0.78"}], "timestamp": "1769384182196", "event_type": "price_change"}}
{"_local_timestamp": "2026-01-25T23:36:56.330146+00:00", "data": {"market": "0xd034c9d0b1dc722e3357d174bae01fe72a213d52a9e217066424aa025710e567", "price_changes": [{"asset_id": "4945846481492876306755061568696916354696926746777519659439594920189348729746", "price": "0.23", "size": "919", "side": "BUY", "hash": "7eb7f7091ef56b7db5137e9345fb1b59694215c8", "best_bid": "0.23", "best_ask": "0.32"}, {"asset_id": "61425930074236877875530337986416073768102282923853052180987262433213469984987", "price": "0.77", "size": "919", "side": "SELL", "hash": "46902b65184557c6d39f12262234db08692c5659", "best_bid": "0.68", "best_ask": "0.77"}], "timestamp": "1769384215938", "event_type": "price_change"}}
{"_local_timestamp": "2026-01-25T23:36:56.339773+00:00", "data": {"market": "0xd034c9d0b1dc722e3357d174bae01fe72a213d52a9e217066424aa025710e567", "price_changes": [{"asset_id": "61425930074236877875530337986416073768102282923853052180987262433213469984987", "price": "0.68", "size": "1100", "side": "BUY", "hash": "088e1b2dc14b9d16297c5d4123bae81e278a7d61", "best_bid": "0.68", "best_ask": "0.77"}, {"asset_id": "4945846481492876306755061568696916354696926746777519659439594920189348729746", "price": "0.32", "size": "1100", "side": "SELL", "hash": "4ddc4a117a185a05d86622ad4912643564056b6f", "best_bid": "0.23", "best_ask": "0.32"}], "timestamp": "1769384215945", "event_type": "price_change"}}
{"_local_timestamp": "2026-01-25T23:36:56.374458+00:00", "data": {"market": "0xd034c9d0b1dc722e3357d174bae01fe72a213d52a9e217066424aa025710e567", "price_changes": [{"asset_id": "61425930074236877875530337986416073768102282923853052180987262433213469984987", "price": "0.67", "size": "0", "side": "BUY", "hash": "3f7cdb62eb3f10b533b3b55c39ffc13e1fccc897", "best_bid": "0.68", "best_ask": "0.77"}, {"asset_id": "4945846481492876306755061568696916354696926746777519659439594920189348729746", "price": "0.33", "size": "0", "side": "SELL", "hash": "3ec67c73273b616c5da5cf54351f1d5376047ebc", "best_bid": "0.23", "best_ask": "0.32"}], "timestamp": "1769384216003", "event_type": "price_change"}}
