{"_local_timestamp": "2026-01-25T23:41:06.744487+00:00", "data": [{"market": "0x6d2986194fa7eff932ab44822e2123a2ce77ce5b24408cec6cf7b42e555d2032", "asset_id": "36592232725508528167032095770449454477959358543457958471237251634104622699420", "timestamp": "1769384457003", "hash": "2bd7e81a4a3f21fde00a3e63e64f8463d9876830", "bids": [{"price": "0.01", "size": "550"}, {"price": "0.02", "size": "15.05"}, {"price": "0.07", "size": "900"}, {"price": "0.08", "size": "500"}, {"price": "0.09", "size": "7.76"}, {"price": "0.14", "size": "200"}, {"price": "0.5", "size": "40"}, {"price": "0.52", "size": "25"}, {"price": "0.53", "size": "20.75"}, {"price": "0.75", "size": "1000"}, {"price": "0.77", "size": "100"}, {"price": "0.81", "size": "23.25"}], "asks": [{"price": "0.99", "size": "150"}, {"price": "0.98", "size": "24.56"}, {"price": "0.94", "size": "216.66"}, {"price": "0.93", "size": "78.57"}, {"price": "0.92", "size": "6.35"}, {"price": "0.87", "size": "10"}, {"price": "0.86", "size": "82.72"}, {"price": "0.84", "size": "1000"}], "event_type": "book", "last_trade_price": "0.140"}, {"market": "0x6d2986194fa7eff932ab44822e2123a2ce77ce5b24408cec6cf7b42e555d2032", "asset_id": "61127016857118950295227788208384696732793373877930647052586459063220802101121", "timestamp": "1769384457003", "hash": "351a9ab4719ea632e9aa2002e0c382f92f271f49", "bids": [{"price": "0.01", "size": "150"}, {"price": "0.02", "size": "24.56"}, {"price": "0.06", "size": "216.66"}, {"price": "0.07", "size": "78.57"}, {"price": "0.08", "size": "6.35"}, {"price": "0.13", "size": "10"}, {"price": "0.14", "size": "82.72"}, {"price": "0.16", "size": "1000"}], "asks": [{"price": "0.99", "size": "550"}, {"price": "0.98", "size": "15.05"}, {"price": "0.93", "size": "900"}, {"price": "0.92", "size": "500"}, {"price": "0.91", "size": "7.76"}, {"price": "0.86", "size": "200"}, {"price": "0.5", "size": "40"}, {"price": "0.48", "size": "25"}, {"price": "0.47", "size": "20.75"}, {"price": "0.25", "size": "1000"}, {"price": "0.23", "size": "100"}, {"price": "0.19", "size": "23.25"}], "event_type": "book", "last_trade_price": "0.140"}]}
{"_local_timestamp": "2026-01-25T23:42:56.906364+00:00", "data": {"market": "0x6d2986194fa7eff932ab44822e2123a2ce77ce5b24408cec6cf7b42e555d2032", "price_changes": [{"asset_id": "36592232725508528167032095770449454477959358543457958471237251634104622699420", "price": "0.75", "size": "2000", "side": "BUY", "hash": "9c4506548dd84a7cbf484acc096dfe82ed0697cd", "best_bid": "0.81", "best_ask": "0.84"}, {"asset_id": "61127016857118950295227788208384696732793373877930647052586459063220802101121", "price": "0.25", "size": "2000", "side": "SELL", "hash": "d3eeffdf2efc7a2c0aef06c94208180854d0d1d6", "best_bid": "0.16", "best_ask": "0.19"}], "timestamp": "1769384576817", "event_type": "price_change"}}
{"_local_timestamp": "2026-01-25T23:42:56.911942+00:00", "data": {"market": "0x6d2986194fa7eff932ab44822e2123a2ce77ce5b24408cec6cf7b42e555d2032", "price_changes": [{"asset_id": "61127016857118950295227788208384696732793373877930647052586459063220802101121", "price": "0.16", "size": "2000", "side": "BUY", "hash": "beaa68ccb06fdf7835c67da4b6f4e57ca0149045", "best_bid": "0.16", "best_ask": "0.19"}, {"asset_id": "36592232725508528167032095770449454477959358543457958471237251634104622699420", "price": "0.84", "size": "2000", "side": "SELL", "hash": "73488cc9996cc63b196d3f4517a9ddbc619196dd", "best_bid": "0.81", "best_ask": "0.84"}], "timestamp": "1769384576820", "event_type": "price_change"}}
{"_local_timestamp": "2026-01-25T23:42:57.093725+00:00", "data": {"market": "0x6d2986194fa7eff932ab44822e2123a2ce77ce5b24408cec6cf7b42e555d2032", "price_changes": [{"asset_id": "61127016857118950295227788208384696732793373877930647052586459063220802101121", "price": "0.16", "size": "1000", "side": "BUY", "hash": "0178efe39394188be02bd3bb0ea02ae5521e91f6", "best_bid": "0.16", "best_ask": "0.19"}, {"asset_id": "36592232725508528167032095770449454477959358543457958471237251634104622699420", "price": "0.84", "size": "1000", "side": "SELL", "hash": "8d83458a5d629456b833bcc8da3c06150be10c19", "best_bid": "0.81", "best_ask": "0.84"}], "timestamp": "1769384577000", "event_type": "price_change"}}
{"_local_timestamp": "2026-01-25T23:42:57.096649+00:00", "data": {"market": "0x6d2986194fa7eff932ab44822e2123a2ce77ce5b24408cec6cf7b42e555d2032", "price_changes": [{"asset_id": "36592232725508528167032095770449454477959358543457958471237251634104622699420", "price": "0.75", "size": "1000", "side": "BUY", "hash": "ba4c55f6390a4a47edc0d9074848558685ca4559", "best_bid": "0.81", "best_ask": "0.84"}, {"asset_id": "61127016857118950295227788208384696732793373877930647052586459063220802101121", "price": "0.25", "size": "1000", "side": "SELL", "hash": "9016eadc6872259f901725e8b00b118664ec41bb", "best_bid": "0.16", "best_ask": "0.19"}], "timestamp": "1769384577000", "event_type": "price_change"}}
{"_local_timestamp": "2026-01-25T23:44:57.113437+00:00", "data": {"market": "0x6d2986194fa7eff932ab44822e2123a2ce77ce5b24408cec6cf7b42e555d2032", "price_changes": [{"asset_id": "36592232725508528167032095770449454477959358543457958471237251634104622699420", "price": "0.75", "size": "0", "side": "BUY", "hash": "0060d4e9bfbc7ec7a0b76cc1540a3bd8c97e9a56", "best_bid": "0.81", "best_ask": "0.84"}, {"asset_id": "61127016857118950295227788208384696732793373877930647052586459063220802101121", "price": "0.25", "size": "0", "side": "SELL", "hash": "a3f9caa16f2eba0a1b47948d14a05c00bcaf5940", "best_bid": "0.16", "best_ask": "0.19"}], "timestamp": "1769384697000", "event_type": "price_change"}}
{"_local_timestamp": "2026-01-25T23:44:57.120860+00:00", "data": {"market": "0x6d2986194fa7eff932ab44822e2123a2ce77ce5b24408cec6cf7b42e555d2032", "price_changes": [{"asset_id": "61127016857118950295227788208384696732793373877930647052586459063220802101121", "price": "0.16", "size": "0", "side": "BUY", "hash": "70afc45c086f9a1df9adcda28e6375aa64cc98b5", "best_bid": "0.14", "best_ask": "0.19"}, {"asset_id": "36592232725508528167032095770449454477959358543457958471237251634104622699420", "price": "0.84", "size": "0", "side": "SELL", "hash": "95d556fe263c5ab01dac77c4e3e4c077bb604883", "best_bid": "0.81", "best_ask": "0.86"}], "timestamp": "1769384697004", "event_type": "price_change"}}
{"_local_timestamp": "2026-01-25T23:44:57.350688+00:00", "data": {"market": "0x6d2986194fa7eff932ab44822e2123a2ce77ce5b24408cec6cf7b42e555d2032", "price_changes": [{"asset_id": "61127016857118950295227788208384696732793373877930647052586459063220802101121", "price": "0.16", "size": "1000", "side": "BUY", "hash": "5da7caf4b2be211605ecb6f53eaf17627a920dd2", "best_bid": "0.16", "best_ask": "0.19"}, {"asset_id": "36592232725508528167032095770449454477959358543457958471237251634104622699420", "price": "0.84", "size": "1000", "side": "SELL", "hash": "6766def43b3b66ee157429f4b8e4a6392dfdf80b", "best_bid": "0.81", "best_ask": "0.84"}], "timestamp": "1769384697279", "event_type": "price_change"}}
{"_local_timestamp": "2026-01-25T23:44:57.353583+00:00", "data": {"market": "0x6d2986194fa7eff932ab44822e2123a2ce77ce5b24408cec6cf7b42e555d2032", "price_changes": [{"asset_id": "36592232725508528167032095770449454477959358543457958471237251634104622699420", "price": "0.75", "size": "1000", "side": "BUY", "hash": "c73c6069621584059b4aa51f088331c368d11420", "best_bid": "0.81", "best_ask": "0.84"}, {"asset_id": "61127016857118950295227788208384696732793373877930647052586459063220802101121", "price": "0.25", "size": "1000", "side": "SELL", "hash": "dce17645d82cee24ae293c6c4f9ef3d7bf71c733", "best_bid": "0.16", "best_ask": "0.19"}], "timestamp": "1769384697283", "event_type": "price_change"}}
