{"_local_timestamp": "2026-01-25T23:41:29.200862+00:00", "data": [{"market": "0x7796df0466529e79fd04f70db6c0f115321b7019b31731fcebeac0805ddec97b", "asset_id": "78730166467989915490169615567672142498519612004899402009540319284487513094335", "timestamp": "1769384258457", "hash": "ad1d7dd0e3ccbde5195f3c4ebb2af082173b1311", "bids": [{"price": "0.01", "size": "216.04"}, {"price": "0.02", "size": "64.6"}, {"price": "0.03", "size": "265.33"}, {"price": "0.04", "size": "868.78"}, {"price": "0.05", "size": "200"}, {"price": "0.06", "size": "39.2"}, {"price": "0.08", "size": "83"}, {"price": "0.09", "size": "10.04"}, {"price": "0.16", "size": "10"}], "asks": [{"price": "0.99", "size": "614.69"}, {"price": "0.98", "size": "559.09"}, {"price": "0.97", "size": "266"}, {"price": "0.96", "size": "171.44"}, {"price": "0.95", "size": "40"}, {"price": "0.94", "size": "5.47"}], "event_type": "book", "last_trade_price": ""}, {"market": "0x7796df0466529e79fd04f70db6c0f115321b7019b31731fcebeac0805ddec97b", "asset_id": "86069083643936937993688297239578721592198496659303609619684527831775670749506", "timestamp": "1769384258457", "hash": "f8a712d40bfda920438884191cc181eecdb1dad6", "bids": [{"price": "0.01", "size": "614.69"}, {"price": "0.02", "size": "559.09"}, {"price": "0.03", "size": "266"}, {"price": "0.04", "size": "171.44"}, {"price": "0.05", "size": "40"}, {"price": "0.06", "size": "5.47"}], "asks": [{"price": "0.99", "size": "216.04"}, {"price": "0.98", "size": "64.6"}, {"price": "0.97", "size": "265.33"}, {"price": "0.96", "size": "868.78"}, {"price": "0.95", "size": "200"}, {"price": "0.94", "size": "39.2"}, {"price": "0.92", "size": "83"}, {"price": "0.91", "size": "10.04"}, {"price": "0.84", "size": "10"}], "event_type": "book", "last_trade_price": ""}, {"market": "0xf6bd3924ffcb8930bb31aef3398c2e89d9ee599c082ed5e592974c2bb07975e9", "asset_id": "29306208175753530699509475876296986899115908354409680490040174459640357105057", "timestamp": "1769382483672", "hash": "b6eb5f47f5e04d66a30e9d50a2720c7c4f21e23d", "bids": [{"price": "0.01", "size": "216.04"}, {"price": "0.02", "size": "64.6"}, {"price": "0.03", "size": "265.33"}, {"price": "0.04", "size": "868.78"}, {"price": "0.05", "size": "200"}, {"price": "0.06", "size": "39.2"}, {"price": "0.08", "size": "83"}, {"price": "0.09", "size": "10.04"}, {"price": "0.16", "size": "10"}], "asks": [{"price": "0.99", "size": "614.69"}, {"price": "0.98", "size": "563.64"}, {"price": "0.97", "size": "266"}, {"price": "0.96", "size": "169.17"}, {"price": "0.95", "size": "40"}, {"price": "0.94", "size": "5.47"}], "event_type": "book", "last_trade_price": ""}, {"market": "0xf6bd3924ffcb8930bb31aef3398c2e89d9ee599c082ed5e592974c2bb07975e9", "asset_id": "12649032636983505452008904489302750761651806934932716396022771957152609578030", "timestamp": "1769382483672", "hash": "d2f4965f202aa251162e445ce9b94b40b61fc126", "bids": [{"price": "0.01", "size": "614.69"}, {"price": "0.02", "size": "563.64"}, {"price": "0.03", "size": "266"}, {"price": "0.04", "size": "169.17"}, {"price": "0.05", "size": "40"}, {"price": "0.06", "size": "5.47"}], "asks": [{"price": "0.99", "size": "216.04"}, {"price": "0.98", "size": "64.6"}, {"price": "0.97", "size": "265.33"}, {"price": "0.96", "size": "868.78"}, {"price": "0.95", "size": "200"}, {"price": "0.94", "size": "39.2"}, {"price": "0.92", "size": "83"}, {"price": "0.91", "size": "10.04"}, {"price": "0.84", "size": "10"}], "event_type": "book", "last_trade_price": ""}, {"market": "0x2d546f0d1b2ddc34966cd8a17269c797f70e54851bd70fa3efeb0e8f16c0c539", "asset_id": "83212716108287409669461828025549271016027220534386008507098478368310471857187", "timestamp": "1769384258457", "hash": "2413f02bbb60358c1cd96235be876649b3f37c59", "bids": [{"price": "0.01", "size": "614.69"}, {"price": "0.02", "size": "559.09"}, {"price": "0.03", "size": "266"}, {"price": "0.04", "size": "171.44"}, {"price": "0.05", "size": "40"}, {"price": "0.06", "size": "5.47"}], "asks": [{"price": "0.99", "size": "214.64"}, {"price": "0.98", "size": "63.75"}, {"price": "0.97", "size": "571.74"}, {"price": "0.96", "size": "768.09"}, {"price": "0.94", "size": "38.57"}, {"price": "0.92", "size": "158"}, {"price": "0.91", "size": "8.98"}, {"price": "0.84", "size": "10"}], "event_type": "book", "last_trade_price": ""}, {"market": "0x2d546f0d1b2ddc34966cd8a17269c797f70e54851bd70fa3efeb0e8f16c0c539", "asset_id": "53755207529268802403843028413886208324624283856900222707905155339381116725332", "timestamp": "1769384258457", "hash": "e32b2af486cc91ce25a8a9130181cacf0d704f3c", "bids": [{"price": "0.01", "size": "214.64"}, {"price": "0.02", "size": "63.75"}, {"price": "0.03", "size": "571.74"}, {"price": "0.04", "size": "768.09"}, {"price": "0.06", "size": "38.57"}, {"price": "0.08", "size": "158"}, {"price": "0.09", "size": "8.98"}, {"price": "0.16", "size": "10"}], "asks": [{"price": "0.99", "size": "614.69"}, {"price": "0.98", "size": "559.09"}, {"price": "0.97", "size": "266"}, {"price": "0.96", "size": "171.44"}, {"price": "0.95", "size": "40"}, {"price": "0.94", "size": "5.47"}], "event_type": "book", "last_trade_price": ""}]}
