{"_local_timestamp": "2026-01-25T23:34:19.830556+00:00", "data": [{"market": "0x15a165b2ec655501989c5e815925640c3f6ffd03782195e70922224f4ceddbb9", "asset_id": "39025116232518294574389900550495040790324904017467781389288541643853346105129", "timestamp": "1769382483679", "hash": "b1b2fb8b00d0e2d06ab16f62eef8cfe7e28edba4", "bids": [{"price": "0.01", "size": "472.04"}, {"price": "0.02", "size": "160.48"}, {"price": "0.03", "size": "213.65"}, {"price": "0.04", "size": "21.75"}], "asks": [{"price": "0.99", "size": "464.79"}, {"price": "0.98", "size": "163.72"}, {"price": "0.97", "size": "141"}, {"price": "0.96", "size": "14.44"}, {"price": "0.94", "size": "15.47"}], "event_type": "book", "last_trade_price": ""}, {"market": "0x24b16359b814ac64b620b039c87800a32386fdaffca97eca3d13b809d1bde6da", "asset_id": "50935185051023698532161435331091149394845170749247559473151981507141949656101", "timestamp": "1769382484885", "hash": "3125f14d0bcc6d9acbd7b8f998fe2e5815472a0b", "bids": [{"price": "0.01", "size": "618.81"}, {"price": "0.02", "size": "258.94"}, {"price": "0.03", "size": "77.07"}, {"price": "0.04", "size": "169"}, {"price": "0.05", "size": "26.01"}], "asks": [{"price": "0.99", "size": "614.79"}, {"price": "0.98", "size": "263.72"}, {"price": "0.97", "size": "153"}, {"price": "0.96", "size": "6.21"}, {"price": "0.95", "size": "60"}, {"price": "0.94", "size": "10.95"}], "event_type": "book", "last_trade_price": ""}, {"market": "0x24b16359b814ac64b620b039c87800a32386fdaffca97eca3d13b809d1bde6da", "asset_id": "58271328591604341679313005669497017476430345607477711461361827011949494710046", "timestamp": "1769382484885", "hash": "a55c1619093551e511b865cf6970fc7a4bb57342", "bids": [{"price": "0.01", "size": "614.79"}, {"price": "0.02", "size": "263.72"}, {"price": "0.03", "size": "153"}, {"price": "0.04", "size": "6.21"}, {"price": "0.05", "size": "60"}, {"price": "0.06", "size": "10.95"}], "asks": [{"price": "0.99", "size": "618.81"}, {"price": "0.98", "size": "258.94"}, {"price": "0.97", "size": "77.07"}, {"price": "0.96", "size": "169"}, {"price": "0.95", "size": "26.01"}], "event_type": "book", "last_trade_price": ""}, {"market": "0xb3eaea8216c65eeb384d32edd60e9bb30ef2edd5d00da523d27de619b3167f00", "asset_id": "66200912658118206991290987745271341177604902047886350289716390192850599328129", "timestamp": "1769382649677", "hash": "1e9eafd91eb736deb135df0c2fabba08e4dc924f", "bids": [{"price": "0.01", "size": "472.09"}, {"price": "0.02", "size": "160.48"}, {"price": "0.03", "size": "199.65"}, {"price": "0.04", "size": "9.25"}, {"price": "0.05", "size": "5.47"}], "asks": [{"price": "0.99", "size": "450"}, {"price": "0.98", "size": "392"}], "event_type": "book", "last_trade_price": ""}, {"market": "0xb3eaea8216c65eeb384d32edd60e9bb30ef2edd5d00da523d27de619b3167f00", "asset_id": "45232310241046407294069923392225233185473652752580334039119496488179016489276", "timestamp": "1769382649677", "hash": "afba94803fcbe818d1a8582f230aeb2974920f96", "bids": [{"price": "0.01", "size": "450"}, {"price": "0.02", "size": "392"}], "asks": [{"price": "0.99", "size": "472.09"}, {"price": "0.98", "size": "160.48"}, {"price": "0.97", "size": "199.65"}, {"price": "0.96", "size": "9.25"}, {"price": "0.95", "size": "5.47"}], "event_type": "book", "last_trade_price": ""}, {"market": "0x31716a2a90325b40c9fdc231421bd42aff90a39c6eb1c7c6568ccd504d754ff3", "asset_id": "3710322750951348996768486027691422911123108482016068430544690135278474147034", "timestamp": "1769382648710", "hash": "b949658e7cbb0fe962b266e154200f1bb0371fcf", "bids": [{"price": "0.01", "size": "468.08"}, {"price": "0.02", "size": "160.56"}, {"price": "0.03", "size": "198.3"}, {"price": "0.04", "size": "11.21"}, {"price": "0.05", "size": "5.47"}], "asks": [{"price": "0.99", "size": "450"}, {"price": "0.98", "size": "392"}], "event_type": "book", "last_trade_price": ""}, {"market": "0x1e9e5ecb856a4c89da4cab84800883b681c038860aa030e7ca813828b7d2c010", "asset_id": "115736350142465628930237060068901904713524321411733315123839366818140331674081", "timestamp": "1769382483679", "hash": "12ab5bf51d972d4c8f1d4d24b37637058cda91bb", "bids": [{"price": "0.01", "size": "472.04"}, {"price": "0.02", "size": "160.48"}, {"price": "0.03", "size": "207.65"}, {"price": "0.04", "size": "21.75"}], "asks": [{"price": "0.99", "size": "464.79"}, {"price": "0.98", "size": "163.72"}, {"price": "0.97", "size": "141"}, {"price": "0.96", "size": "14.44"}, {"price": "0.94", "size": "15.47"}], "event_type": "book", "last_trade_price": ""}, {"market": "0x15a165b2ec655501989c5e815925640c3f6ffd03782195e70922224f4ceddbb9", "asset_id": "22432415113449316951945520684998744282162200038529427489153982286094931656823", "timestamp": "1769382483679", "hash": "78fa93ed125e118098f8f5a16bb4cdff3905a058", "bids": [{"price": "0.01", "size": "464.79"}, {"price": "0.02", "size": "163.72"}, {"price": "0.03", "size": "141"}, {"price": "0.04", "size": "14.44"}, {"price": "0.06", "size": "15.47"}], "asks": [{"price": "0.99", "size": "472.04"}, {"price": "0.98", "size": "160.48"}, {"price": "0.97", "size": "213.65"}, {"price": "0.96", "size": "21.75"}], "event_type": "book", "last_trade_price": ""}, {"market": "0x31716a2a90325b40c9fdc231421bd42aff90a39c6eb1c7c6568ccd504d754ff3", "asset_id": "100346388956815073455156403382604458989927605210688538912207777019459565198373", "timestamp": "1769382648710", "hash": "fb8835f87af824ef5b240d0d6b1840c71437cac1", "bids": [{"price": "0.01", "size": "450"}, {"price": "0.02", "size": "392"}], "asks": [{"price": "0.99", "size": "468.08"}, {"price": "0.98", "size": "160.56"}, {"price": "0.97", "size": "198.3"}, {"price": "0.96", "size": "11.21"}, {"price": "0.95", "size": "5.47"}], "event_type": "book", "last_trade_price": ""}, {"market": "0x1e9e5ecb856a4c89da4cab84800883b681c038860aa030e7ca813828b7d2c010", "asset_id": "35013973308855644955911680636086877469093501452504676240215325836445261798824", "timestamp": "1769382483679", "hash": "7679a6e8ac9be18a299fab35cd190db0ae4d9f3b", "bids": [{"price": "0.01", "size": "464.79"}, {"price": "0.02", "size": "163.72"}, {"price": "0.03", "size": "141"}, {"price": "0.04", "size": "14.44"}, {"price": "0.06", "size": "15.47"}], "asks": [{"price": "0.99", "size": "472.04"}, {"price": "0.98", "size": "160.48"}, {"price": "0.97", "size": "207.65"}, {"price": "0.96", "size": "21.75"}], "event_type": "book", "last_trade_price": ""}]}
