{"_local_timestamp": "2026-01-25T23:41:33.275960+00:00", "data": [{"market": "0x194ba31761037f15b28f609ab3527956169cf21b5fac2724f9ddda64522dcc05", "asset_id": "724092816596358978812654410691263332131462102067606511236206476854832511010", "timestamp": "1769383843793", "hash": "3ad28281d77601f73e8534e0927e8cfc3a7a6d5d", "bids": [{"price": "0.01", "size": "476.9"}, {"price": "0.02", "size": "154.79"}, {"price": "0.03", "size": "15.83"}], "asks": [{"price": "0.99", "size": "481.1"}, {"price": "0.98", "size": "152.48"}, {"price": "0.97", "size": "15.98"}, {"price": "0.96", "size": "5.47"}], "event_type": "book", "last_trade_price": ""}, {"market": "0x07750aa2d67c6b2c32ffc96002ad0571580a677d0683fce98552f71e64af3f4f", "asset_id": "51137479789495853931625389435238404283288419086088144954481094093084171917466", "timestamp": "1769383840505", "hash": "430856ffe4047c61fe439cca726c8fecb09b1409", "bids": [{"price": "0.01", "size": "481.1"}, {"price": "0.02", "size": "152.48"}, {"price": "0.03", "size": "15.98"}, {"price": "0.04", "size": "5.47"}], "asks": [{"price": "0.99", "size": "477.9"}, {"price": "0.98", "size": "152.48"}, {"price": "0.97", "size": "17.04"}], "event_type": "book", "last_trade_price": ""}, {"market": "0x07750aa2d67c6b2c32ffc96002ad0571580a677d0683fce98552f71e64af3f4f", "asset_id": "32322709695224775363252498845144302924656571302641074622311007355905020935448", "timestamp": "1769383840505", "hash": "06ca85289b51f6ec740070a022589fa083684ac4", "bids": [{"price": "0.01", "size": "477.9"}, {"price": "0.02", "size": "152.48"}, {"price": "0.03", "size": "17.04"}], "asks": [{"price": "0.99", "size": "481.1"}, {"price": "0.98", "size": "152.48"}, {"price": "0.97", "size": "15.98"}, {"price": "0.96", "size": "5.47"}], "event_type": "book", "last_trade_price": ""}, {"market": "0x3a745a5e2814b7cc59aa9c092a81f436fe211f89bb547327f7187924e436a782", "asset_id": "2730022104866706916962030656488781273466664314284141196126939238280788818979", "timestamp": "1769383841490", "hash": "5392862671aa3cd2a7a86b909d071fe2cc13741e", "bids": [{"price": "0.01", "size": "481.1"}, {"price": "0.02", "size": "152.48"}, {"price": "0.03", "size": "15.98"}, {"price": "0.04", "size": "5.47"}], "asks": [{"price": "0.99", "size": "477.89"}, {"price": "0.98", "size": "152.49"}, {"price": "0.97", "size": "17.04"}], "event_type": "book", "last_trade_price": ""}, {"market": "0x182429e8c99438ffc63c4e8e300f1c3fbe9b0a0b30d39339895cef3084582f18", "asset_id": "78448098157599399430054134323517254578158361890459117239239283901603463693140", "timestamp": "1769383838977", "hash": "9224bca581acbbe24ec2bb6e9c04ed7247524750", "bids": [{"price": "0.01", "size": "600"}, {"price": "0.02", "size": "10.52"}, {"price": "0.03", "size": "311"}, {"price": "0.04", "size": "5.78"}], "asks": [{"price": "0.99", "size": "614.79"}, {"price": "0.98", "size": "26.16"}, {"price": "0.96", "size": "133"}, {"price": "0.95", "size": "60"}, {"price": "0.94", "size": "10.95"}], "event_type": "book", "last_trade_price": ""}, {"market": "0x3be377553430ad813a0928564df622672066d1fea4104a82d1a45646ab55a91d", "asset_id": "71239949690787646629476470019871922047602091840543391950524647866606425837425", "timestamp": "1769383842474", "hash": "a003bf1dc0efd9161363f8a293518ff5cef989f4", "bids": [{"price": "0.01", "size": "477.9"}, {"price": "0.02", "size": "152.48"}, {"price": "0.03", "size": "17.04"}], "asks": [{"price": "0.99", "size": "481.1"}, {"price": "0.98", "size": "152.48"}, {"price": "0.97", "size": "15.98"}, {"price": "0.96", "size": "5.47"}], "event_type": "book", "last_trade_price": ""}, {"market": "0x3a745a5e2814b7cc59aa9c092a81f436fe211f89bb547327f7187924e436a782", "asset_id": "4581903812139127897661046837261109497648086394435656557216869742963313209113", "timestamp": "1769383841490", "hash": "1286fac1b142727400a884b4393763772af74c0a", "bids": [{"price": "0.01", "size": "477.89"}, {"price": "0.02", "size": "152.49"}, {"price": "0.03", "size": "17.04"}], "asks": [{"price": "0.99", "size": "481.1"}, {"price": "0.98", "size": "152.48"}, {"price": "0.97", "size": "15.98"}, {"price": "0.96", "size": "5.47"}], "event_type": "book", "last_trade_price": ""}, {"market": "0x182429e8c99438ffc63c4e8e300f1c3fbe9b0a0b30d39339895cef3084582f18", "asset_id": "30213481052563271543687546073467841071702241827299939394366809934726542456335", "timestamp": "1769383838977", "hash": "cc7ff656bac06af947549957de85304ef89d88c6", "bids": [{"price": "0.01", "size": "614.79"}, {"price": "0.02", "size": "26.16"}, {"price": "0.04", "size": "133"}, {"price": "0.05", "size": "60"}, {"price": "0.06", "size": "10.95"}], "asks": [{"price": "0.99", "size": "600"}, {"price": "0.98", "size": "10.52"}, {"price": "0.97", "size": "311"}, {"price": "0.96", "size": "5.78"}], "event_type": "book", "last_trade_price": ""}, {"market": "0x194ba31761037f15b28f609ab3527956169cf21b5fac2724f9ddda64522dcc05", "asset_id": "17100270244180382026887293738427795965824012067499547202457638283620584318691", "timestamp": "1769383843793", "hash": "98f19138a6e70050cc551df7d7a4c710e352cdcd", "bids": [{"price": "0.01", "size": "481.1"}, {"price": "0.02", "size": "152.48"}, {"price": "0.03", "size": "15.98"}, {"price": "0.04", "size": "5.47"}], "asks": [{"price": "0.99", "size": "476.9"}, {"price": "0.98", "size": "154.79"}, {"price": "0.97", "size": "15.83"}], "event_type": "book", "last_trade_price": ""}, {"market": "0x3be377553430ad813a0928564df622672066d1fea4104a82d1a45646ab55a91d", "asset_id": "83592480932493417868722754713780339557373210200023592444199681171037073335793", "timestamp": "1769383842474", "hash": "d9d4f18890e893d5cbb9dbcc5ce332b85a29ee49", "bids": [{"price": "0.01", "size": "481.1"}, {"price": "0.02", "size": "152.48"}, {"price": "0.03", "size": "15.98"}, {"price": "0.04", "size": "5.47"}], "asks": [{"price": "0.99", "size": "477.9"}, {"price": "0.98", "size": "152.48"}, {"price": "0.97", "size": "17.04"}], "event_type": "book", "last_trade_price": ""}]}
