{"_local_timestamp": "2026-01-25T23:41:33.277409+00:00", "data": [{"market": "0xc45f182beed12d993476fb76c36cc3a4dc2fdf05bdbaceae9302438c00584810", "asset_id": "74745564155342251255543940612139325181682087756394186742575419176590427888270", "timestamp": "1769383824732", "hash": "f088b7b9de660a62dbd08d3ff8705c1a59131d78", "bids": [{"price": "0.01", "size": "476.9"}, {"price": "0.02", "size": "12.79"}, {"price": "0.03", "size": "21.3"}], "asks": [{"price": "0.99", "size": "485.01"}, {"price": "0.98", "size": "32.49"}], "event_type": "book", "last_trade_price": ""}, {"market": "0x58167ecfc056e73941d3a55f6922c34663474810643e73be7a4962afa7415686", "asset_id": "99308025850882924775826438562181992333343702900076940208030038350130480732064", "timestamp": "1769383825559", "hash": "a3625f5745217b28ebc3dea0af67c67ffa6b5c95", "bids": [{"price": "0.01", "size": "485.01"}, {"price": "0.02", "size": "32.49"}], "asks": [{"price": "0.99", "size": "472.04"}, {"price": "0.98", "size": "38.97"}, {"price": "0.97", "size": "5.47"}], "event_type": "book", "last_trade_price": ""}, {"market": "0xd062a66b5d4a0a853f1f09f547c29d349f44f1f8de2bdc363426515b20d820cb", "asset_id": "43983031559222237383882114550615671163803767398564029295911806066275341081757", "timestamp": "1769383822548", "hash": "296b265d3bfc2e057deef3c5c93e2912d264f36c", "bids": [{"price": "0.01", "size": "485.01"}, {"price": "0.02", "size": "32.49"}], "asks": [{"price": "0.99", "size": "476.9"}, {"price": "0.98", "size": "36.54"}, {"price": "0.97", "size": "5.47"}], "event_type": "book", "last_trade_price": ""}, {"market": "0x576afac7b1d0a253083cb1bac9028e9cb74dfa6225f5320b913103f61c804d7a", "asset_id": "14248935464612297507109835292047513627773330156038706524233234466439797941474", "timestamp": "1769383820585", "hash": "a4722d420555cc5e768c4d753cfb8dd6c25ce455", "bids": [{"price": "0.01", "size": "624.42"}, {"price": "0.02", "size": "12.4"}, {"price": "0.03", "size": "239.21"}, {"price": "0.04", "size": "5.78"}], "asks": [{"price": "0.99", "size": "614.79"}, {"price": "0.98", "size": "26.16"}, {"price": "0.96", "size": "100"}, {"price": "0.95", "size": "60"}, {"price": "0.94", "size": "10.95"}], "event_type": "book", "last_trade_price": ""}, {"market": "0xf749c7eec927a29397eb64d4767debc55fec772d2a72420c9d578077bc9f4e3b", "asset_id": "4062834486118006481831920087652143187339967134517680266596627962998017884009", "timestamp": "1769383827443", "hash": "3506f5432fb7fc4506de47e337b7148cea136725", "bids": [{"price": "0.01", "size": "472.04"}, {"price": "0.02", "size": "38.98"}, {"price": "0.03", "size": "5.47"}], "asks": [{"price": "0.99", "size": "485.01"}, {"price": "0.98", "size": "32.49"}], "event_type": "book", "last_trade_price": ""}, {"market": "0xf749c7eec927a29397eb64d4767debc55fec772d2a72420c9d578077bc9f4e3b", "asset_id": "65018368546375198656599207026662204616450936559497732270147553127582498697255", "timestamp": "1769383827443", "hash": "7b3e57e832056add3abe54547a0d6a54f5bcec09", "bids": [{"price": "0.01", "size": "485.01"}, {"price": "0.02", "size": "32.49"}], "asks": [{"price": "0.99", "size": "472.04"}, {"price": "0.98", "size": "38.98"}, {"price": "0.97", "size": "5.47"}], "event_type": "book", "last_trade_price": ""}, {"market": "0x576afac7b1d0a253083cb1bac9028e9cb74dfa6225f5320b913103f61c804d7a", "asset_id": "106926076333151287833281888780888014432608026492160326742827765343560891121863", "timestamp": "1769383820585", "hash": "a685e256303dbf7d6d5f3a5095933068472a324e", "bids": [{"price": "0.01", "size": "614.79"}, {"price": "0.02", "size": "26.16"}, {"price": "0.04", "size": "100"}, {"price": "0.05", "size": "60"}, {"price": "0.06", "size": "10.95"}], "asks": [{"price": "0.99", "size": "624.42"}, {"price": "0.98", "size": "12.4"}, {"price": "0.97", "size": "239.21"}, {"price": "0.96", "size": "5.78"}], "event_type": "book", "last_trade_price": ""}, {"market": "0xd062a66b5d4a0a853f1f09f547c29d349f44f1f8de2bdc363426515b20d820cb", "asset_id": "39328957464009628516714505419624369158250236395859398527235438813809921648488", "timestamp": "1769383822548", "hash": "3d79b8bad1f585ac266f2f6216ae20d34ed249ae", "bids": [{"price": "0.01", "size": "476.9"}, {"price": "0.02", "size": "36.54"}, {"price": "0.03", "size": "5.47"}], "asks": [{"price": "0.99", "size": "485.01"}, {"price": "0.98", "size": "32.49"}], "event_type": "book", "last_trade_price": ""}, {"market": "0xc45f182beed12d993476fb76c36cc3a4dc2fdf05bdbaceae9302438c00584810", "asset_id": "83744629826697686203449399056668772039065679065316424861875653784626714872110", "timestamp": "1769383824732", "hash": "df700525458171f379d8ee421cf4bd9047dfb2e5", "bids": [{"price": "0.01", "size": "485.01"}, {"price": "0.02", "size": "32.49"}], "asks": [{"price": "0.99", "size": "476.9"}, {"price": "0.98", "size": "12.79"}, {"price": "0.97", "size": "21.3"}], "event_type": "book", "last_trade_price": ""}, {"market": "0x58167ecfc056e73941d3a55f6922c34663474810643e73be7a4962afa7415686", "asset_id": "75358559783357078950573666996409974105968082518592675449532415967756751511482", "timestamp": "1769383825559", "hash": "2a0756a0edd3ed54da50961769706696cd72da65", "bids": [{"price": "0.01", "size": "472.04"}, {"price": "0.02", "size": "38.97"}, {"price": "0.03", "size": "5.47"}], "asks": [{"price": "0.99", "size": "485.01"}, {"price": "0.98", "size": "32.49"}], "event_type": "book", "last_trade_price": ""}]}
