{"_local_timestamp": "2026-01-25T23:34:19.831995+00:00", "data": [{"market": "0x9a3d7281fb383a81304075e5a7a2befc6e52ccbfcd98b58181e1f6ff1e7b1bb3", "asset_id": "4889183308082445832132847705430623366937866664317487971748003649444244262307", "timestamp": "1769382587028", "hash": "ca3e4ec664489c903796a219a399aaef64ca103b", "bids": [{"price": "0.01", "size": "464.79"}, {"price": "0.02", "size": "163.72"}, {"price": "0.03", "size": "141"}, {"price": "0.04", "size": "14.44"}, {"price": "0.06", "size": "15.47"}], "asks": [{"price": "0.99", "size": "472.04"}, {"price": "0.98", "size": "159.99"}, {"price": "0.97", "size": "207.99"}, {"price": "0.96", "size": "21.75"}], "event_type": "book", "last_trade_price": ""}, {"market": "0xc19b92200bb192b34086e814c05dc7c8dce7c24aeed04c68df7a6c137634ffc2", "asset_id": "6875366628125134492851434121561829475894562134320333995012011398106388242705", "timestamp": "1769382483700", "hash": "a60a40db1008ffacd36e030d9b3c850900fc9cb6", "bids": [{"price": "0.01", "size": "464.79"}, {"price": "0.02", "size": "163.72"}, {"price": "0.03", "size": "141"}, {"price": "0.04", "size": "14.44"}, {"price": "0.05", "size": "15.47"}], "asks": [{"price": "0.99", "size": "450"}, {"price": "0.98", "size": "417"}], "event_type": "book", "last_trade_price": ""}, {"market": "0x7afc7a9e25999a610e76285d8093f91573e0fac8d4ec8797d381876f7e9aa0f3", "asset_id": "115445563816878216065113819795672758223381907150253393441872325955247470070124", "timestamp": "1769383086136", "hash": "61ba35d46e13ffd8bc66eaf6beec5af6fc1772dc", "bids": [{"price": "0.01", "size": "450"}, {"price": "0.02", "size": "417"}], "asks": [{"price": "0.99", "size": "464.79"}, {"price": "0.98", "size": "163.72"}, {"price": "0.97", "size": "141"}, {"price": "0.96", "size": "14.44"}, {"price": "0.94", "size": "15.47"}], "event_type": "book", "last_trade_price": ""}, {"market": "0x277bbdc353bb7c1ad5b9f33c1206a6af5600e80e355ff57aa60405a2031009bc", "asset_id": "52570627389232540331086540644304717563519570188398013599010585328749231678731", "timestamp": "1769382483671", "hash": "f4182fe03813ef648e3e2b1030f8c423dda24631", "bids": [{"price": "0.01", "size": "464.79"}, {"price": "0.02", "size": "163.72"}, {"price": "0.03", "size": "141"}, {"price": "0.04", "size": "14.44"}, {"price": "0.06", "size": "15.47"}], "asks": [{"price": "0.99", "size": "472.04"}, {"price": "0.98", "size": "160.48"}, {"price": "0.97", "size": "207.65"}, {"price": "0.96", "size": "21.75"}], "event_type": "book", "last_trade_price": ""}, {"market": "0x7afc7a9e25999a610e76285d8093f91573e0fac8d4ec8797d381876f7e9aa0f3", "asset_id": "77514049171308673703147453808518600026251118136366840158469889948160377357963", "timestamp": "1769383086136", "hash": "b5c1fafc62ca126302bba93783de62f63a71c7bb", "bids": [{"price": "0.01", "size": "464.79"}, {"price": "0.02", "size": "163.72"}, {"price": "0.03", "size": "141"}, {"price": "0.04", "size": "14.44"}, {"price": "0.06", "size": "15.47"}], "asks": [{"price": "0.99", "size": "450"}, {"price": "0.98", "size": "417"}], "event_type": "book", "last_trade_price": ""}, {"market": "0x9a3d7281fb383a81304075e5a7a2befc6e52ccbfcd98b58181e1f6ff1e7b1bb3", "asset_id": "17425786416378365471323981756645552703959265718974485910860596074621404319561", "timestamp": "1769382587028", "hash": "b7672a654572fed85abcc1b6b274d6d7fdb74a1f", "bids": [{"price": "0.01", "size": "472.04"}, {"price": "0.02", "size": "159.99"}, {"price": "0.03", "size": "207.99"}, {"price": "0.04", "size": "21.75"}], "asks": [{"price": "0.99", "size": "464.79"}, {"price": "0.98", "size": "163.72"}, {"price": "0.97", "size": "141"}, {"price": "0.96", "size": "14.44"}, {"price": "0.94", "size": "15.47"}], "event_type": "book", "last_trade_price": ""}, {"market": "0xc19b92200bb192b34086e814c05dc7c8dce7c24aeed04c68df7a6c137634ffc2", "asset_id": "15666882132438506948746478983667000023989207796465092976001729853466201051925", "timestamp": "1769382483700", "hash": "04f26c91f2fbd2f0acba331da1a574634e338f88", "bids": [{"price": "0.01", "size": "450"}, {"price": "0.02", "size": "417"}], "asks": [{"price": "0.99", "size": "464.79"}, {"price": "0.98", "size": "163.72"}, {"price": "0.97", "size": "141"}, {"price": "0.96", "size": "14.44"}, {"price": "0.95", "size": "15.47"}], "event_type": "book", "last_trade_price": ""}, {"market": "0x277bbdc353bb7c1ad5b9f33c1206a6af5600e80e355ff57aa60405a2031009bc", "asset_id": "83317612496218198075168283177644226627471925668021054205058974069506836472025", "timestamp": "1769382483671", "hash": "8eb98fb16c22148250fb702b1c6783585ae26ecd", "bids": [{"price": "0.01", "size": "472.04"}, {"price": "0.02", "size": "160.48"}, {"price": "0.03", "size": "207.65"}, {"price": "0.04", "size": "21.75"}], "asks": [{"price": "0.99", "size": "464.79"}, {"price": "0.98", "size": "163.72"}, {"price": "0.97", "size": "141"}, {"price": "0.96", "size": "14.44"}, {"price": "0.94", "size": "15.47"}], "event_type": "book", "last_trade_price": ""}, {"market": "0x5cc5be0b329d3121d0e540762d10505d19eea2b96f282cececbfe53b269415e3", "asset_id": "14761866997571748487039975214386930831361486991537045407110418096552187587258", "timestamp": "1769382484885", "hash": "306b4074fdbfc65f5b2228f32be12566d37050ce", "bids": [{"price": "0.01", "size": "614.79"}, {"price": "0.02", "size": "263.72"}, {"price": "0.03", "size": "153"}, {"price": "0.04", "size": "6.21"}, {"price": "0.05", "size": "60"}, {"price": "0.06", "size": "10.95"}], "asks": [{"price": "0.99", "size": "618.81"}, {"price": "0.98", "size": "258.94"}, {"price": "0.97", "size": "77.07"}, {"price": "0.96", "size": "169"}, {"price": "0.95", "size": "26.01"}], "event_type": "book", "last_trade_price": ""}, {"market": "0x5cc5be0b329d3121d0e540762d10505d19eea2b96f282cececbfe53b269415e3", "asset_id": "45095720119484433753971717580230412674258937067164040252532003771714758331312", "timestamp": "1769382484885", "hash": "6c212ee1df932ae05a54a5be8b9b69f57ead5e37", "bids": [{"price": "0.01", "size": "618.81"}, {"price": "0.02", "size": "258.94"}, {"price": "0.03", "size": "77.07"}, {"price": "0.04", "size": "169"}, {"price": "0.05", "size": "26.01"}], "asks": [{"price": "0.99", "size": "614.79"}, {"price": "0.98", "size": "263.72"}, {"price": "0.97", "size": "153"}, {"price": "0.96", "size": "6.21"}, {"price": "0.95", "size": "60"}, {"price": "0.94", "size": "10.95"}], "event_type": "book", "last_trade_price": ""}]}
