{"_local_timestamp": "2026-01-25T23:41:01.500702+00:00", "data": [{"market": "0xfb2e9cb271db8922f7d2d09feda78cce0e73d81d1b83da9d7990fb28bcb02f0b", "asset_id": "99408085185688518479078891820341759880347518550502089094143636303363418159549", "timestamp": "1769382195935", "hash": "7d5adff7a52a41ac3901cc3456be559fb783d56d", "bids": [{"price": "0.01", "size": "125.74"}, {"price": "0.02", "size": "850"}, {"price": "0.03", "size": "7.15"}, {"price": "0.05", "size": "530"}, {"price": "0.06", "size": "39.03"}, {"price": "0.11", "size": "350"}, {"price": "0.12", "size": "10.54"}, {"price": "0.39", "size": "300"}, {"price": "0.44", "size": "200"}, {"price": "0.48", "size": "125"}, {"price": "0.51", "size": "75"}, {"price": "0.62", "size": "20.96"}, {"price": "0.63", "size": "17.46"}, {"price": "0.7", "size": "350"}, {"price": "0.71", "size": "100"}], "asks": [{"price": "0.99", "size": "115"}, {"price": "0.98", "size": "160.68"}, {"price": "0.97", "size": "80"}, {"price": "0.95", "size": "30"}, {"price": "0.94", "size": "7.54"}, {"price": "0.9", "size": "300"}, {"price": "0.89", "size": "318.18"}, {"price": "0.88", "size": "216.66"}, {"price": "0.87", "size": "75"}, {"price": "0.82", "size": "400"}, {"price": "0.81", "size": "100"}], "event_type": "book", "last_trade_price": ""}, {"market": "0xd4cd2121284fcdb48c02874ea8254e9da070acd83e263e52992e695556707115", "asset_id": "107243622621672755934717289115977083945277014215445782191135802651370442665688", "timestamp": "1769384232678", "hash": "2a9a373d692736c1061ec0fd371ed13c95628e76", "bids": [{"price": "0.01", "size": "121.95"}, {"price": "0.02", "size": "150"}, {"price": "0.03", "size": "80.86"}, {"price": "0.05", "size": "30"}, {"price": "0.06", "size": "7.01"}, {"price": "0.07", "size": "185.71"}, {"price": "0.08", "size": "300"}, {"price": "0.09", "size": "261.11"}, {"price": "0.1", "size": "125"}, {"price": "0.11", "size": "75"}, {"price": "0.14", "size": "350"}, {"price": "0.15", "size": "100"}, {"price": "0.16", "size": "6.25"}], "asks": [{"price": "0.99", "size": "125.71"}, {"price": "0.98", "size": "850"}, {"price": "0.97", "size": "7.13"}, {"price": "0.95", "size": "530"}, {"price": "0.94", "size": "39.01"}, {"price": "0.89", "size": "350"}, {"price": "0.88", "size": "10.56"}, {"price": "0.59", "size": "300"}, {"price": "0.54", "size": "200"}, {"price": "0.5", "size": "125"}, {"price": "0.46", "size": "75"}, {"price": "0.44", "size": "23.21"}, {"price": "0.43", "size": "19.29"}, {"price": "0.26", "size": "450"}], "event_type": "book", "last_trade_price": ""}, {"market": "0x834d3af31b7f9d426a355d13a273da649be2fb661973cd605785c3d3d213eca4", "asset_id": "38735907142408897643401628353316781282578678325789931927531175170364759918385", "timestamp": "1769384331000", "hash": "61b05bf6fb8c3ac1918b2f23376e1c38d78c6039", "bids": [{"price": "0.01", "size": "128.03"}, {"price": "0.02", "size": "850"}, {"price": "0.03", "size": "18.25"}, {"price": "0.05", "size": "530"}, {"price": "0.06", "size": "33"}, {"price": "0.09", "size": "450"}, {"price": "0.1", "size": "12.72"}, {"price": "0.21", "size": "300"}, {"price": "0.24", "size": "200"}, {"price": "0.26", "size": "125"}, {"price": "0.28", "size": "75"}, {"price": "0.29", "size": "44.82"}, {"price": "0.31", "size": "35.48"}, {"price": "0.38", "size": "350"}, {"price": "0.39", "size": "100"}], "asks": [{"price": "0.99", "size": "115"}, {"price": "0.98", "size": "856.68"}, {"price": "0.95", "size": "530"}, {"price": "0.94", "size": "8.88"}, {"price": "0.92", "size": "100"}, {"price": "0.89", "size": "350"}, {"price": "0.72", "size": "300"}, {"price": "0.68", "size": "200"}, {"price": "0.65", "size": "125"}, {"price": "0.63", "size": "75"}, {"price": "0.62", "size": "34.21"}, {"price": "0.6", "size": "27.5"}, {"price": "0.5", "size": "400"}, {"price": "0.49", "size": "100"}], "event_type": "book", "last_trade_price": ""}, {"market": "0xfb2e9cb271db8922f7d2d09feda78cce0e73d81d1b83da9d7990fb28bcb02f0b", "asset_id": "6283905534010168161191706961272251637473707349364891124402229193882443674563", "timestamp": "1769382195935", "hash": "40c846e127c7962a843f17c17c5777ff117d3c94", "bids": [{"price": "0.01", "size": "115"}, {"price": "0.02", "size": "160.68"}, {"price": "0.03", "size": "80"}, {"price": "0.05", "size": "30"}, {"price": "0.06", "size": "7.54"}, {"price": "0.1", "size": "300"}, {"price": "0.11", "size": "318.18"}, {"price": "0.12", "size": "216.66"}, {"price": "0.13", "size": "75"}, {"price": "0.18", "size": "400"}, {"price": "0.19", "size": "100"}], "asks": [{"price": "0.99", "size": "125.74"}, {"price": "0.98", "size": "850"}, {"price": "0.97", "size": "7.15"}, {"price": "0.95", "size": "530"}, {"price": "0.94", "size": "39.03"}, {"price": "0.89", "size": "350"}, {"price": "0.88", "size": "10.54"}, {"price": "0.61", "size": "300"}, {"price": "0.56", "size": "200"}, {"price": "0.52", "size": "125"}, {"price": "0.49", "size": "75"}, {"price": "0.38", "size": "20.96"}, {"price": "0.37", "size": "17.46"}, {"price": "0.3", "size": "350"}, {"price": "0.29", "size": "100"}], "event_type": "book", "last_trade_price": ""}, {"market": "0xd4cd2121284fcdb48c02874ea8254e9da070acd83e263e52992e695556707115", "asset_id": "58284028536642994272183244660708955532377790389792001313007872119824473246156", "timestamp": "1769384232678", "hash": "ad54495819ed66e5eeb3c3e7fde73dbea4d3254d", "bids": [{"price": "0.01", "size": "125.71"}, {"price": "0.02", "size": "850"}, {"price": "0.03", "size": "7.13"}, {"price": "0.05", "size": "530"}, {"price": "0.06", "size": "39.01"}, {"price": "0.11", "size": "350"}, {"price": "0.12", "size": "10.56"}, {"price": "0.41", "size": "300"}, {"price": "0.46", "size": "200"}, {"price": "0.5", "size": "125"}, {"price": "0.54", "size": "75"}, {"price": "0.56", "size": "23.21"}, {"price": "0.57", "size": "19.29"}, {"price": "0.74", "size": "450"}], "asks": [{"price": "0.99", "size": "121.95"}, {"price": "0.98", "size": "150"}, {"price": "0.97", "size": "80.86"}, {"price": "0.95", "size": "30"}, {"price": "0.94", "size": "7.01"}, {"price": "0.93", "size": "185.71"}, {"price": "0.92", "size": "300"}, {"price": "0.91", "size": "261.11"}, {"price": "0.9", "size": "125"}, {"price": "0.89", "size": "75"}, {"price": "0.86", "size": "350"}, {"price": "0.85", "size": "100"}, {"price": "0.84", "size": "6.25"}], "event_type": "book", "last_trade_price": ""}, {"market": "0x834d3af31b7f9d426a355d13a273da649be2fb661973cd605785c3d3d213eca4", "asset_id": "101304967630482171094488633518183984692318679736200877420091572496574681063764", "timestamp": "1769384331000", "hash": "c5f3e4a3ca37ef6339996b0ea60a85e469785ace", "bids": [{"price": "0.01", "size": "115"}, {"price": "0.02", "size": "856.68"}, {"price": "0.05", "size": "530"}, {"price": "0.06", "size": "8.88"}, {"price": "0.08", "size": "100"}, {"price": "0.11", "size": "350"}, {"price": "0.28", "size": "300"}, {"price": "0.32", "size": "200"}, {"price": "0.35", "size": "125"}, {"price": "0.37", "size": "75"}, {"price": "0.38", "size": "34.21"}, {"price": "0.4", "size": "27.5"}, {"price": "0.5", "size": "400"}, {"price": "0.51", "size": "100"}], "asks": [{"price": "0.99", "size": "128.03"}, {"price": "0.98", "size": "850"}, {"price": "0.97", "size": "18.25"}, {"price": "0.95", "size": "530"}, {"price": "0.94", "size": "33"}, {"price": "0.91", "size": "450"}, {"price": "0.9", "size": "12.72"}, {"price": "0.79", "size": "300"}, {"price": "0.76", "size": "200"}, {"price": "0.74", "size": "125"}, {"price": "0.72", "size": "75"}, {"price": "0.71", "size": "44.82"}, {"price": "0.69", "size": "35.48"}, {"price": "0.62", "size": "350"}, {"price": "0.61", "size": "100"}], "event_type": "book", "last_trade_price": ""}]}
{"_local_timestamp": "2026-01-25T23:42:38.618144+00:00", "data": {"market": "0xd4cd2121284fcdb48c02874ea8254e9da070acd83e263e52992e695556707115", "price_changes": [{"asset_id": "58284028536642994272183244660708955532377790389792001313007872119824473246156", "price": "0.57", "size": "98.29", "side": "BUY", "hash": "02809e3885820e9416da9c5915f3185b6c6a39d5", "best_bid": "0.74", "best_ask": "0.84"}, {"asset_id": "107243622621672755934717289115977083945277014215445782191135802651370442665688", "price": "0.43", "size": "98.29", "side": "SELL", "hash": "20431a3fe1a8ef3b9762b5a13949b2449691c107", "best_bid": "0.16", "best_ask": "0.26"}], "timestamp": "1769384558504", "event_type": "price_change"}}
{"_local_timestamp": "2026-01-25T23:42:38.619668+00:00", "data": {"market": "0xd4cd2121284fcdb48c02874ea8254e9da070acd83e263e52992e695556707115", "price_changes": [{"asset_id": "58284028536642994272183244660708955532377790389792001313007872119824473246156", "price": "0.58", "size": "79", "side": "BUY", "hash": "9b293b3ceb13907038d6e80ed64deaa8d3bcc3b2", "best_bid": "0.74", "best_ask": "0.84"}, {"asset_id": "107243622621672755934717289115977083945277014215445782191135802651370442665688", "price": "0.42", "size": "79", "side": "SELL", "hash": "76b9b2fb801b70efcd250bdbe9a78c2b90dbe781", "best_bid": "0.16", "best_ask": "0.26"}], "timestamp": "1769384558505", "event_type": "price_change"}}
{"_local_timestamp": "2026-01-25T23:42:45.067895+00:00", "data": {"market": "0xd4cd2121284fcdb48c02874ea8254e9da070acd83e263e52992e695556707115", "price_changes": [{"asset_id": "58284028536642994272183244660708955532377790389792001313007872119824473246156", "price": "0.58", "size": "0", "side": "BUY", "hash": "f9fd77d992a4897990d5e454917103122611c364", "best_bid": "0.74", "best_ask": "0.84"}, {"asset_id": "107243622621672755934717289115977083945277014215445782191135802651370442665688", "price": "0.42", "size": "0", "side": "SELL", "hash": "1226833dcfc3f488d408d062dd02b7792be2f0f0", "best_bid": "0.16", "best_ask": "0.26"}], "timestamp": "1769384564953", "event_type": "price_change"}}
{"_local_timestamp": "2026-01-25T23:42:48.123393+00:00", "data": {"market": "0xfb2e9cb271db8922f7d2d09feda78cce0e73d81d1b83da9d7990fb28bcb02f0b", "price_changes": [{"asset_id": "6283905534010168161191706961272251637473707349364891124402229193882443674563", "price": "0.18", "size": "350", "side": "BUY", "hash": "392b61e4bbb0590b67e85570860ca781f006f8d1", "best_bid": "0.19", "best_ask": "0.29"}, {"asset_id": "99408085185688518479078891820341759880347518550502089094143636303363418159549", "price": "0.82", "size": "350", "side": "SELL", "hash": "2f3d1536e1ff2e49a3f7db9b77ff4035a5afe696", "best_bid": "0.71", "best_ask": "0.81"}], "timestamp": "1769384568001", "event_type": "price_change"}}
{"_local_timestamp": "2026-01-25T23:43:15.280414+00:00", "data": {"market": "0xd4cd2121284fcdb48c02874ea8254e9da070acd83e263e52992e695556707115", "price_changes": [{"asset_id": "58284028536642994272183244660708955532377790389792001313007872119824473246156", "price": "0.57", "size": "19.29", "side": "BUY", "hash": "6a0792e634a9eff58a331e684e7b13aa12b0d690", "best_bid": "0.74", "best_ask": "0.84"}, {"asset_id": "107243622621672755934717289115977083945277014215445782191135802651370442665688", "price": "0.43", "size": "19.29", "side": "SELL", "hash": "c5b799a9564df4ec366c0d784e8d7df59dbf8265", "best_bid": "0.16", "best_ask": "0.26"}], "timestamp": "1769384595134", "event_type": "price_change"}}
