{"_local_timestamp": "2026-01-25T23:34:28.760767+00:00", "data": [{"market": "0xebd5f18258c82429b1c68b6bdd75c24ade84238001d9c01c3cc08825af870d0d", "asset_id": "74959164136152276916877012028989746103908939462304831329437436752649246701552", "timestamp": "1769383831580", "hash": "f5c99f07bd7378b2ca75961e4309e54b5eb0e9a2", "bids": [{"price": "0.01", "size": "472.04"}, {"price": "0.02", "size": "38.97"}, {"price": "0.03", "size": "5.47"}], "asks": [{"price": "0.99", "size": "485.01"}, {"price": "0.98", "size": "32.49"}], "event_type": "book", "last_trade_price": ""}, {"market": "0x293a4777ed73526e1934e74dd00b67a7db67e113af3a85a1108456a2a18f1011", "asset_id": "30271397672813468603301825866664809102000547784395930116409187613688975998070", "timestamp": "1769383832408", "hash": "f6c84166fc63d7e859cced5eca5ccd6a0173e1be", "bids": [{"price": "0.01", "size": "472.04"}, {"price": "0.02", "size": "38.97"}, {"price": "0.03", "size": "5.47"}], "asks": [{"price": "0.99", "size": "485.01"}, {"price": "0.98", "size": "32.49"}], "event_type": "book", "last_trade_price": ""}, {"market": "0xfd1c041db63e0cf7753d7d85179d7dec06210b64ba008e69d04d89b123a7f5fe", "asset_id": "102356239480884973979937435087300347545561437172681663301429917789507322527784", "timestamp": "1769383830636", "hash": "6d17cf8a9c090cb955777336fb7de0e4b71fe5f2", "bids": [{"price": "0.01", "size": "485.01"}, {"price": "0.02", "size": "32.49"}], "asks": [{"price": "0.99", "size": "472.04"}, {"price": "0.98", "size": "38.98"}, {"price": "0.97", "size": "5.47"}], "event_type": "book", "last_trade_price": ""}, {"market": "0xa531bae956796fa3d5421e0cf6387dc86537be999a8409e2e81cf6638627a084", "asset_id": "2618608817151522468498935285562369729644302458070263675710150853619947311285", "timestamp": "1769383828486", "hash": "d5248535e5bb178de75e62d38462d8b737e45cb5", "bids": [{"price": "0.01", "size": "629.36"}, {"price": "0.02", "size": "23.75"}, {"price": "0.03", "size": "230"}, {"price": "0.04", "size": "5.78"}], "asks": [{"price": "0.99", "size": "614.79"}, {"price": "0.98", "size": "26.16"}, {"price": "0.96", "size": "100"}, {"price": "0.95", "size": "60"}, {"price": "0.94", "size": "10.95"}], "event_type": "book", "last_trade_price": ""}, {"market": "0xebd5f18258c82429b1c68b6bdd75c24ade84238001d9c01c3cc08825af870d0d", "asset_id": "88971811541746534573637960201274085622627135357790033339921611343176852628739", "timestamp": "1769383831580", "hash": "3b53c5eb32fc2909be1e91c4461dca81488d4c52", "bids": [{"price": "0.01", "size": "485.01"}, {"price": "0.02", "size": "32.49"}], "asks": [{"price": "0.99", "size": "472.04"}, {"price": "0.98", "size": "38.97"}, {"price": "0.97", "size": "5.47"}], "event_type": "book", "last_trade_price": ""}, {"market": "0x0eef15d2206772f75a9e3057afe4f6eff8ceb4e56e59c17e57a541b83cb350e1", "asset_id": "52871520491171497922201781038245647924536750972515574105895063852942539866144", "timestamp": "1769383833277", "hash": "cf26c99cd188d87f5d93f48abe07bd643647209d", "bids": [{"price": "0.01", "size": "472.04"}, {"price": "0.02", "size": "38.97"}, {"price": "0.03", "size": "5.47"}], "asks": [{"price": "0.99", "size": "480.72"}, {"price": "0.98", "size": "23.94"}, {"price": "0.97", "size": "7.13"}], "event_type": "book", "last_trade_price": ""}, {"market": "0xfd1c041db63e0cf7753d7d85179d7dec06210b64ba008e69d04d89b123a7f5fe", "asset_id": "62523034959623782325442347528259854093184269857047433918437127192347811733821", "timestamp": "1769383830636", "hash": "129fbe0a4b7d43a6f11d08e4bb8cf6710dd0f4a8", "bids": [{"price": "0.01", "size": "472.04"}, {"price": "0.02", "size": "38.98"}, {"price": "0.03", "size": "5.47"}], "asks": [{"price": "0.99", "size": "485.01"}, {"price": "0.98", "size": "32.49"}], "event_type": "book", "last_trade_price": ""}, {"market": "0x0eef15d2206772f75a9e3057afe4f6eff8ceb4e56e59c17e57a541b83cb350e1", "asset_id": "76250837470101928135346323539433468427565701259385024530788855340573099284202", "timestamp": "1769383833277", "hash": "2f4db3179f7ecb631561bf33ddcbca666d706b18", "bids": [{"price": "0.01", "size": "480.72"}, {"price": "0.02", "size": "23.94"}, {"price": "0.03", "size": "7.13"}], "asks": [{"price": "0.99", "size": "472.04"}, {"price": "0.98", "size": "38.97"}, {"price": "0.97", "size": "5.47"}], "event_type": "book", "last_trade_price": ""}, {"market": "0xa531bae956796fa3d5421e0cf6387dc86537be999a8409e2e81cf6638627a084", "asset_id": "6204890412886370827276274775934621647661212432819645571394666372687407384999", "timestamp": "1769383828486", "hash": "d36928f9474f27cdb18f6d92c696b18592e5db42", "bids": [{"price": "0.01", "size": "614.79"}, {"price": "0.02", "size": "26.16"}, {"price": "0.04", "size": "100"}, {"price": "0.05", "size": "60"}, {"price": "0.06", "size": "10.95"}], "asks": [{"price": "0.99", "size": "629.36"}, {"price": "0.98", "size": "23.75"}, {"price": "0.97", "size": "230"}, {"price": "0.96", "size": "5.78"}], "event_type": "book", "last_trade_price": ""}, {"market": "0x293a4777ed73526e1934e74dd00b67a7db67e113af3a85a1108456a2a18f1011", "asset_id": "96655756254922342046689703332303072876557072720680448223763386626056837595490", "timestamp": "1769383832408", "hash": "fc5bf9f8105d0906620abab4eeed6c53ce87522d", "bids": [{"price": "0.01", "size": "485.01"}, {"price": "0.02", "size": "32.49"}], "asks": [{"price": "0.99", "size": "472.04"}, {"price": "0.98", "size": "38.97"}, {"price": "0.97", "size": "5.47"}], "event_type": "book", "last_trade_price": ""}]}
