{"_local_timestamp": "2026-01-25T23:34:28.751578+00:00", "data": [{"market": "0xf32453ef3ddf2c7dde9338c5ad1abe51b17182462a10827ea67e919bcdc7ef4d", "asset_id": "58570247440014344832662765710509169754860105768525716655831519813834474928189", "timestamp": "1769383838528", "hash": "4ac86cbf14f813ab9874a6d55f8cd4857bd8db7b", "bids": [{"price": "0.01", "size": "476.9"}, {"price": "0.02", "size": "154.79"}, {"price": "0.03", "size": "15.83"}], "asks": [{"price": "0.99", "size": "481.1"}, {"price": "0.98", "size": "152.48"}, {"price": "0.97", "size": "15.98"}, {"price": "0.96", "size": "5.47"}], "event_type": "book", "last_trade_price": ""}, {"market": "0x2f6e79937a590b20312563432de0ec92bed7a96bd2b72aa456da8d396b48819a", "asset_id": "69033430835258002592398497431059176789057621485749651800177363566034248087097", "timestamp": "1769383837524", "hash": "937a669a355a9e5dff2687ee5babf2d524005b93", "bids": [{"price": "0.01", "size": "485.01"}, {"price": "0.02", "size": "32.49"}], "asks": [{"price": "0.99", "size": "472.04"}, {"price": "0.98", "size": "38.97"}, {"price": "0.97", "size": "5.47"}], "event_type": "book", "last_trade_price": ""}, {"market": "0x4b1af9ca57dc444b6491d8538b86fa7f0f7dcc087003e4a2c2278ca81fa8afac", "asset_id": "75919634954623145465179962135193966209729562245403959766323256427475101841647", "timestamp": "1769383834369", "hash": "fbf3ba233c97ef5457aa4912026c8b2e78ed0764", "bids": [{"price": "0.01", "size": "629.36"}, {"price": "0.02", "size": "23.75"}, {"price": "0.03", "size": "230"}, {"price": "0.04", "size": "5.78"}], "asks": [{"price": "0.99", "size": "614.79"}, {"price": "0.98", "size": "26.16"}, {"price": "0.96", "size": "100"}, {"price": "0.95", "size": "60"}, {"price": "0.94", "size": "10.95"}], "event_type": "book", "last_trade_price": ""}, {"market": "0x4b1af9ca57dc444b6491d8538b86fa7f0f7dcc087003e4a2c2278ca81fa8afac", "asset_id": "13853490371886832432432172187257777392067960015975464347087729910519025639751", "timestamp": "1769383834369", "hash": "ccfd55a294d63b8e5719bb1a57c987e8eea1b57b", "bids": [{"price": "0.01", "size": "614.79"}, {"price": "0.02", "size": "26.16"}, {"price": "0.04", "size": "100"}, {"price": "0.05", "size": "60"}, {"price": "0.06", "size": "10.95"}], "asks": [{"price": "0.99", "size": "629.36"}, {"price": "0.98", "size": "23.75"}, {"price": "0.97", "size": "230"}, {"price": "0.96", "size": "5.78"}], "event_type": "book", "last_trade_price": ""}, {"market": "0xf32453ef3ddf2c7dde9338c5ad1abe51b17182462a10827ea67e919bcdc7ef4d", "asset_id": "101980446438434537464939129439745507744593168247233060277273420705052917934652", "timestamp": "1769383838528", "hash": "10bcfb5da90b3a4bb9e77b704324cfee1a232b8c", "bids": [{"price": "0.01", "size": "481.1"}, {"price": "0.02", "size": "152.48"}, {"price": "0.03", "size": "15.98"}, {"price": "0.04", "size": "5.47"}], "asks": [{"price": "0.99", "size": "476.9"}, {"price": "0.98", "size": "154.79"}, {"price": "0.97", "size": "15.83"}], "event_type": "book", "last_trade_price": ""}, {"market": "0x2f6e79937a590b20312563432de0ec92bed7a96bd2b72aa456da8d396b48819a", "asset_id": "325492651979814060329624178516438797167941723639604954730044109881026222638", "timestamp": "1769383837524", "hash": "0c05547e64cba3daa7742927e3b7e2c81b446ff0", "bids": [{"price": "0.01", "size": "472.04"}, {"price": "0.02", "size": "38.97"}, {"price": "0.03", "size": "5.47"}], "asks": [{"price": "0.99", "size": "485.01"}, {"price": "0.98", "size": "32.49"}], "event_type": "book", "last_trade_price": ""}, {"market": "0xdd90820da333a0d22923613325c24ef7f7951b0e3d5a91a1d3930e91683f1ff3", "asset_id": "25199176452527068763325681469376066318191846514297742337231426205822369038530", "timestamp": "1769383835544", "hash": "3c28392a029afb6d6bdfe75a79a25a142fa28c9c", "bids": [{"price": "0.01", "size": "485.01"}, {"price": "0.02", "size": "32.49"}], "asks": [{"price": "0.99", "size": "472.04"}, {"price": "0.98", "size": "38.97"}, {"price": "0.97", "size": "5.47"}], "event_type": "book", "last_trade_price": ""}, {"market": "0xc7bda8aa95fb618a146567ba3f3d53e22ab74444df1177aa0cdc5152edc1da2f", "asset_id": "51742027827114328975937628453340229357757515709507486186378882447179464209342", "timestamp": "1769383836535", "hash": "6d17dd05970cbc0575a9ebc24fad5c84a06e7efb", "bids": [{"price": "0.01", "size": "485.01"}, {"price": "0.02", "size": "32.49"}], "asks": [{"price": "0.99", "size": "472.04"}, {"price": "0.98", "size": "38.97"}, {"price": "0.97", "size": "5.47"}], "event_type": "book", "last_trade_price": ""}, {"market": "0xdd90820da333a0d22923613325c24ef7f7951b0e3d5a91a1d3930e91683f1ff3", "asset_id": "4708707318630737705982187662377280621515513144607982825745282782424067239738", "timestamp": "1769383835544", "hash": "5376aab832a377abb4df4898c06cca1c064d08f2", "bids": [{"price": "0.01", "size": "472.04"}, {"price": "0.02", "size": "38.97"}, {"price": "0.03", "size": "5.47"}], "asks": [{"price": "0.99", "size": "485.01"}, {"price": "0.98", "size": "32.49"}], "event_type": "book", "last_trade_price": ""}, {"market": "0xc7bda8aa95fb618a146567ba3f3d53e22ab74444df1177aa0cdc5152edc1da2f", "asset_id": "101406440680594951205329062810025636936853959361377953935858330870480274063170", "timestamp": "1769383836535", "hash": "fd03c5acabfeb801d1894dc8ab4c7b74d35dc91c", "bids": [{"price": "0.01", "size": "472.04"}, {"price": "0.02", "size": "38.97"}, {"price": "0.03", "size": "5.47"}], "asks": [{"price": "0.99", "size": "485.01"}, {"price": "0.98", "size": "32.49"}], "event_type": "book", "last_trade_price": ""}]}
