{"_local_timestamp": "2026-01-25T23:33:46.184886+00:00", "data": [{"market": "0x5f5cf92636c3644a6221fba15d00e8aab9d539c17a0d25d8ae8d15220cbd2cb9", "asset_id": "41459524264337272546561188587282154510414592209325388586279352627772498337794", "timestamp": "1769383891008", "hash": "7b18548ea28ce16747e83439ea764f3226b30b65", "bids": [{"price": "0.01", "size": "8109.97"}, {"price": "0.02", "size": "3450"}, {"price": "0.03", "size": "6.98"}, {"price": "0.05", "size": "10"}, {"price": "0.07", "size": "514.28"}, {"price": "0.08", "size": "4550"}, {"price": "0.09", "size": "7.67"}, {"price": "0.11", "size": "309.09"}, {"price": "0.14", "size": "228.57"}, {"price": "0.15", "size": "550"}, {"price": "0.16", "size": "1000"}, {"price": "0.18", "size": "155.55"}, {"price": "0.19", "size": "2660"}, {"price": "0.22", "size": "668.18"}, {"price": "0.23", "size": "8"}, {"price": "0.25", "size": "96"}, {"price": "0.29", "size": "168.96"}, {"price": "0.34", "size": "125"}, {"price": "0.5", "size": "10"}, {"price": "0.51", "size": "25.49"}, {"price": "0.59", "size": "18.64"}, {"price": "0.6", "size": "10"}, {"price": "0.64", "size": "327.57"}, {"price": "0.65", "size": "1168.14"}, {"price": "0.66", "size": "130"}], "asks": [{"price": "0.99", "size": "7018.61"}, {"price": "0.98", "size": "1510"}, {"price": "0.97", "size": "3228.86"}, {"price": "0.96", "size": "100"}, {"price": "0.94", "size": "5"}, {"price": "0.93", "size": "101"}, {"price": "0.92", "size": "8.1"}, {"price": "0.9", "size": "5020"}, {"price": "0.89", "size": "3000"}, {"price": "0.88", "size": "1500"}, {"price": "0.87", "size": "855"}, {"price": "0.86", "size": "750"}, {"price": "0.85", "size": "250"}, {"price": "0.84", "size": "150"}, {"price": "0.83", "size": "105"}, {"price": "0.82", "size": "100"}, {"price": "0.79", "size": "61.9"}, {"price": "0.77", "size": "47.82"}, {"price": "0.74", "size": "200"}, {"price": "0.72", "size": "10"}, {"price": "0.71", "size": "2218"}, {"price": "0.7", "size": "758.96"}, {"price": "0.69", "size": "47"}], "event_type": "book", "last_trade_price": "0.300"}, {"market": "0x5f5cf92636c3644a6221fba15d00e8aab9d539c17a0d25d8ae8d15220cbd2cb9", "asset_id": "104553523523914235759341374025389236788228938851306015279604263702927625849402", "timestamp": "1769383891008", "hash": "98ed952b8a979fe402c3e8387ea41fa3ae115e2e", "bids": [{"price": "0.01", "size": "7018.61"}, {"price": "0.02", "size": "1510"}, {"price": "0.03", "size": "3228.86"}, {"price": "0.04", "size": "100"}, {"price": "0.06", "size": "5"}, {"price": "0.07", "size": "101"}, {"price": "0.08", "size": "8.1"}, {"price": "0.1", "size": "5020"}, {"price": "0.11", "size": "3000"}, {"price": "0.12", "size": "1500"}, {"price": "0.13", "size": "855"}, {"price": "0.14", "size": "750"}, {"price": "0.15", "size": "250"}, {"price": "0.16", "size": "150"}, {"price": "0.17", "size": "105"}, {"price": "0.18", "size": "100"}, {"price": "0.21", "size": "61.9"}, {"price": "0.23", "size": "47.82"}, {"price": "0.26", "size": "200"}, {"price": "0.28", "size": "10"}, {"price": "0.29", "size": "2218"}, {"price": "0.3", "size": "758.96"}, {"price": "0.31", "size": "47"}], "asks": [{"price": "0.99", "size": "8109.97"}, {"price": "0.98", "size": "3450"}, {"price": "0.97", "size": "6.98"}, {"price": "0.95", "size": "10"}, {"price": "0.93", "size": "514.28"}, {"price": "0.92", "size": "4550"}, {"price": "0.91", "size": "7.67"}, {"price": "0.89", "size": "309.09"}, {"price": "0.86", "size": "228.57"}, {"price": "0.85", "size": "550"}, {"price": "0.84", "size": "1000"}, {"price": "0.82", "size": "155.55"}, {"price": "0.81", "size": "2660"}, {"price": "0.78", "size": "668.18"}, {"price": "0.77", "size": "8"}, {"price": "0.75", "size": "96"}, {"price": "0.71", "size": "168.96"}, {"price": "0.66", "size": "125"}, {"price": "0.5", "size": "10"}, {"price": "0.49", "size": "25.49"}, {"price": "0.41", "size": "18.64"}, {"price": "0.4", "size": "10"}, {"price": "0.36", "size": "327.57"}, {"price": "0.35", "size": "1168.14"}, {"price": "0.34", "size": "130"}], "event_type": "book", "last_trade_price": "0.300"}]}
{"_local_timestamp": "2026-01-25T23:35:42.917920+00:00", "data": {"market": "0x5f5cf92636c3644a6221fba15d00e8aab9d539c17a0d25d8ae8d15220cbd2cb9", "price_changes": [{"asset_id": "104553523523914235759341374025389236788228938851306015279604263702927625849402", "price": "0.28", "size": "0", "side": "BUY", "hash": "437eafe4bce93cceadcf56e7d5418d5dfffd55fe", "best_bid": "0.31", "best_ask": "0.34"}, {"asset_id": "41459524264337272546561188587282154510414592209325388586279352627772498337794", "price": "0.72", "size": "0", "side": "SELL", "hash": "e29ef6d2ffba14796ac334a82154df76710b7f07", "best_bid": "0.66", "best_ask": "0.69"}], "timestamp": "1769384142851", "event_type": "price_change"}}
{"_local_timestamp": "2026-01-25T23:35:43.059113+00:00", "data": {"market": "0x5f5cf92636c3644a6221fba15d00e8aab9d539c17a0d25d8ae8d15220cbd2cb9", "price_changes": [{"asset_id": "104553523523914235759341374025389236788228938851306015279604263702927625849402", "price": "0.27", "size": "10", "side": "BUY", "hash": "27aceaba0656aa3c7603857ef369c3e151a073ba", "best_bid": "0.31", "best_ask": "0.34"}, {"asset_id": "41459524264337272546561188587282154510414592209325388586279352627772498337794", "price": "0.73", "size": "10", "side": "SELL", "hash": "0702df98ed86d821553f4177439fa669d2301e6f", "best_bid": "0.66", "best_ask": "0.69"}], "timestamp": "1769384142996", "event_type": "price_change"}}
{"_local_timestamp": "2026-01-25T23:35:43.154115+00:00", "data": {"market": "0x5f5cf92636c3644a6221fba15d00e8aab9d539c17a0d25d8ae8d15220cbd2cb9", "price_changes": [{"asset_id": "104553523523914235759341374025389236788228938851306015279604263702927625849402", "price": "0.31", "size": "17", "side": "BUY", "hash": "c5adcfafaa4a1a39f0bdc491432251ae4295c789", "best_bid": "0.31", "best_ask": "0.34"}, {"asset_id": "41459524264337272546561188587282154510414592209325388586279352627772498337794", "price": "0.69", "size": "17", "side": "SELL", "hash": "fff71606ee087ed88863b3783d8fb9a8b48f94ff", "best_bid": "0.66", "best_ask": "0.69"}], "timestamp": "1769384143081", "event_type": "price_change"}}
{"_local_timestamp": "2026-01-25T23:35:47.796669+00:00", "data": {"market": "0x5f5cf92636c3644a6221fba15d00e8aab9d539c17a0d25d8ae8d15220cbd2cb9", "price_changes": [{"asset_id": "104553523523914235759341374025389236788228938851306015279604263702927625849402", "price": "0.31", "size": "117", "side": "BUY", "hash": "d1fd56005a9c2482446eb113a2b2fcca7b6137af", "best_bid": "0.31", "best_ask": "0.34"}, {"asset_id": "41459524264337272546561188587282154510414592209325388586279352627772498337794", "price": "0.69", "size": "117", "side": "SELL", "hash": "00cf65de03d4a0d646130bea79dc284b0fc78e47", "best_bid": "0.66", "best_ask": "0.69"}], "timestamp": "1769384147726", "event_type": "price_change"}}
{"_local_timestamp": "2026-01-25T23:35:47.873870+00:00", "data": {"market": "0x5f5cf92636c3644a6221fba15d00e8aab9d539c17a0d25d8ae8d15220cbd2cb9", "price_changes": [{"asset_id": "104553523523914235759341374025389236788228938851306015279604263702927625849402", "price": "0.3", "size": "325.63", "side": "BUY", "hash": "017d2bca6f2bf6a93cd0216fa608b28e9fb10c0b", "best_bid": "0.31", "best_ask": "0.34"}, {"asset_id": "41459524264337272546561188587282154510414592209325388586279352627772498337794", "price": "0.7", "size": "325.63", "side": "SELL", "hash": "c38917458613835a040d602349a44f212ba2e636", "best_bid": "0.66", "best_ask": "0.69"}], "timestamp": "1769384147805", "event_type": "price_change"}}
{"_local_timestamp": "2026-01-25T23:35:47.956175+00:00", "data": {"market": "0x5f5cf92636c3644a6221fba15d00e8aab9d539c17a0d25d8ae8d15220cbd2cb9", "price_changes": [{"asset_id": "41459524264337272546561188587282154510414592209325388586279352627772498337794", "price": "0.65", "size": "1068.14", "side": "BUY", "hash": "6e9bc34f9384107af9b01b67d998a56889a86abc", "best_bid": "0.66", "best_ask": "0.69"}, {"asset_id": "104553523523914235759341374025389236788228938851306015279604263702927625849402", "price": "0.35", "size": "1068.14", "side": "SELL", "hash": "13cca7fba04f13bc422c0b475a707d988fd9659b", "best_bid": "0.31", "best_ask": "0.34"}], "timestamp": "1769384147880", "event_type": "price_change"}}
{"_local_timestamp": "2026-01-25T23:35:47.956647+00:00", "data": {"market": "0x5f5cf92636c3644a6221fba15d00e8aab9d539c17a0d25d8ae8d15220cbd2cb9", "price_changes": [{"asset_id": "104553523523914235759341374025389236788228938851306015279604263702927625849402", "price": "0.29", "size": "2118", "side": "BUY", "hash": "6484654ad3858a5e87ac86fab7569d2911b0ce72", "best_bid": "0.31", "best_ask": "0.34"}, {"asset_id": "41459524264337272546561188587282154510414592209325388586279352627772498337794", "price": "0.71", "size": "2118", "side": "SELL", "hash": "75a20f4c187d23d517212726fcd3fb017185d402", "best_bid": "0.66", "best_ask": "0.69"}], "timestamp": "1769384147881", "event_type": "price_change"}}
{"_local_timestamp": "2026-01-25T23:35:48.116576+00:00", "data": {"market": "0x5f5cf92636c3644a6221fba15d00e8aab9d539c17a0d25d8ae8d15220cbd2cb9", "price_changes": [{"asset_id": "41459524264337272546561188587282154510414592209325388586279352627772498337794", "price": "0.65", "size": "1168.14", "side": "BUY", "hash": "22b6379b06a77f2839f8127b3aeef737bce81338", "best_bid": "0.66", "best_ask": "0.69"}, {"asset_id": "104553523523914235759341374025389236788228938851306015279604263702927625849402", "price": "0.35", "size": "1168.14", "side": "SELL", "hash": "011cac0bc033b469db287b1728a03b215159594d", "best_bid": "0.31", "best_ask": "0.34"}], "timestamp": "1769384148035", "event_type": "price_change"}}
{"_local_timestamp": "2026-01-25T23:35:48.116934+00:00", "data": {"market": "0x5f5cf92636c3644a6221fba15d00e8aab9d539c17a0d25d8ae8d15220cbd2cb9", "price_changes": [{"asset_id": "104553523523914235759341374025389236788228938851306015279604263702927625849402", "price": "0.3", "size": "425.63", "side": "BUY", "hash": "cecb81943e996d6114e4355112a8dff1f0c6d7fa", "best_bid": "0.31", "best_ask": "0.34"}, {"asset_id": "41459524264337272546561188587282154510414592209325388586279352627772498337794", "price": "0.7", "size": "425.63", "side": "SELL", "hash": "546ddbb3850b79a3e5f9c7129170040f05723b8f", "best_bid": "0.66", "best_ask": "0.69"}], "timestamp": "1769384148035", "event_type": "price_change"}}
