{"_local_timestamp": "2026-01-25T23:33:31.952867+00:00", "data": [{"market": "0xed4fd09a24f20a3afc1d722ace811fffff3cffd9a56a3fbffc47f4d3d47a88ed", "asset_id": "39304778737903437923367588791275882452466557469208611430474206291179458010087", "timestamp": "1769383963542", "hash": "f3623acb69aa77e76b85426b8f630fd7501eae07", "bids": [{"price": "0.01", "size": "9020.08"}, {"price": "0.02", "size": "4200"}, {"price": "0.03", "size": "10.54"}, {"price": "0.05", "size": "500"}, {"price": "0.06", "size": "600"}, {"price": "0.07", "size": "101"}, {"price": "0.08", "size": "500"}, {"price": "0.09", "size": "4509.77"}, {"price": "0.1", "size": "500"}, {"price": "0.11", "size": "5.3"}, {"price": "0.12", "size": "516.66"}, {"price": "0.14", "size": "1692"}, {"price": "0.15", "size": "186.66"}, {"price": "0.16", "size": "3074"}, {"price": "0.18", "size": "144.44"}, {"price": "0.2", "size": "50"}, {"price": "0.21", "size": "414.28"}, {"price": "0.22", "size": "1119"}, {"price": "0.24", "size": "83.33"}, {"price": "0.3", "size": "1177"}, {"price": "0.31", "size": "362"}, {"price": "0.32", "size": "75"}, {"price": "0.33", "size": "170"}, {"price": "0.45", "size": "5"}, {"price": "0.5", "size": "789.97"}, {"price": "0.51", "size": "55"}, {"price": "0.52", "size": "178"}, {"price": "0.53", "size": "121.75"}, {"price": "0.54", "size": "785.24"}, {"price": "0.55", "size": "26"}, {"price": "0.56", "size": "399.98"}, {"price": "0.57", "size": "3010"}, {"price": "0.58", "size": "109"}, {"price": "0.59", "size": "473.69"}, {"price": "0.6", "size": "211.48"}], "asks": [{"price": "0.99", "size": "8400"}, {"price": "0.98", "size": "3455.7"}, {"price": "0.97", "size": "500"}, {"price": "0.96", "size": "905.99"}, {"price": "0.94", "size": "1266.66"}, {"price": "0.92", "size": "400"}, {"price": "0.91", "size": "7.17"}, {"price": "0.9", "size": "280"}, {"price": "0.89", "size": "4043"}, {"price": "0.88", "size": "541.66"}, {"price": "0.86", "size": "171.42"}, {"price": "0.84", "size": "125"}, {"price": "0.83", "size": "362"}, {"price": "0.82", "size": "11"}, {"price": "0.74", "size": "50"}, {"price": "0.7", "size": "36.66"}, {"price": "0.64", "size": "110"}, {"price": "0.63", "size": "432.5"}, {"price": "0.61", "size": "147.54"}], "event_type": "book", "last_trade_price": "0.400"}, {"market": "0xed4fd09a24f20a3afc1d722ace811fffff3cffd9a56a3fbffc47f4d3d47a88ed", "asset_id": "8220157955506226401999435518969354939458191207230003728260954309265715975901", "timestamp": "1769383963542", "hash": "a05fb63ef2ad510ab2f01fe9329dbfcaa8d0635b", "bids": [{"price": "0.01", "size": "8400"}, {"price": "0.02", "size": "3455.7"}, {"price": "0.03", "size": "500"}, {"price": "0.04", "size": "905.99"}, {"price": "0.06", "size": "1266.66"}, {"price": "0.08", "size": "400"}, {"price": "0.09", "size": "7.17"}, {"price": "0.1", "size": "280"}, {"price": "0.11", "size": "4043"}, {"price": "0.12", "size": "541.66"}, {"price": "0.14", "size": "171.42"}, {"price": "0.16", "size": "125"}, {"price": "0.17", "size": "362"}, {"price": "0.18", "size": "11"}, {"price": "0.26", "size": "50"}, {"price": "0.3", "size": "36.66"}, {"price": "0.36", "size": "110"}, {"price": "0.37", "size": "432.5"}, {"price": "0.39", "size": "147.54"}], "asks": [{"price": "0.99", "size": "9020.08"}, {"price": "0.98", "size": "4200"}, {"price": "0.97", "size": "10.54"}, {"price": "0.95", "size": "500"}, {"price": "0.94", "size": "600"}, {"price": "0.93", "size": "101"}, {"price": "0.92", "size": "500"}, {"price": "0.91", "size": "4509.77"}, {"price": "0.9", "size": "500"}, {"price": "0.89", "size": "5.3"}, {"price": "0.88", "size": "516.66"}, {"price": "0.86", "size": "1692"}, {"price": "0.85", "size": "186.66"}, {"price": "0.84", "size": "3074"}, {"price": "0.82", "size": "144.44"}, {"price": "0.8", "size": "50"}, {"price": "0.79", "size": "414.28"}, {"price": "0.78", "size": "1119"}, {"price": "0.76", "size": "83.33"}, {"price": "0.7", "size": "1177"}, {"price": "0.69", "size": "362"}, {"price": "0.68", "size": "75"}, {"price": "0.67", "size": "170"}, {"price": "0.55", "size": "5"}, {"price": "0.5", "size": "789.97"}, {"price": "0.49", "size": "55"}, {"price": "0.48", "size": "178"}, {"price": "0.47", "size": "121.75"}, {"price": "0.46", "size": "785.24"}, {"price": "0.45", "size": "26"}, {"price": "0.44", "size": "399.98"}, {"price": "0.43", "size": "3010"}, {"price": "0.42", "size": "109"}, {"price": "0.41", "size": "473.69"}, {"price": "0.4", "size": "211.48"}], "event_type": "book", "last_trade_price": "0.400"}]}
{"_local_timestamp": "2026-01-25T23:33:33.158142+00:00", "data": {"market": "0xed4fd09a24f20a3afc1d722ace811fffff3cffd9a56a3fbffc47f4d3d47a88ed", "price_changes": [{"asset_id": "39304778737903437923367588791275882452466557469208611430474206291179458010087", "price": "0.2", "size": "0", "side": "BUY", "hash": "adcc238650800535bf4cea5a273f5442afd9f078", "best_bid": "0.6", "best_ask": "0.61"}, {"asset_id": "8220157955506226401999435518969354939458191207230003728260954309265715975901", "price": "0.8", "size": "0", "side": "SELL", "hash": "5c01826db71a4a78d750da2f5760dbdcb2a2231b", "best_bid": "0.39", "best_ask": "0.4"}], "timestamp": "1769384013041", "event_type": "price_change"}}
{"_local_timestamp": "2026-01-25T23:33:33.714589+00:00", "data": {"market": "0xed4fd09a24f20a3afc1d722ace811fffff3cffd9a56a3fbffc47f4d3d47a88ed", "price_changes": [{"asset_id": "39304778737903437923367588791275882452466557469208611430474206291179458010087", "price": "0.22", "size": "1169", "side": "BUY", "hash": "a81efdb862d72feed85b8542c1e3e8924d5b1111", "best_bid": "0.6", "best_ask": "0.61"}, {"asset_id": "8220157955506226401999435518969354939458191207230003728260954309265715975901", "price": "0.78", "size": "1169", "side": "SELL", "hash": "3f6c6bcb294cefd42eccc535ebe766285a7af25b", "best_bid": "0.39", "best_ask": "0.4"}], "timestamp": "1769384013553", "event_type": "price_change"}}
{"_local_timestamp": "2026-01-25T23:33:40.195003+00:00", "data": {"market": "0xed4fd09a24f20a3afc1d722ace811fffff3cffd9a56a3fbffc47f4d3d47a88ed", "price_changes": [{"asset_id": "8220157955506226401999435518969354939458191207230003728260954309265715975901", "price": "0.12", "size": "416.66", "side": "BUY", "hash": "f055e96f6e3ebad9ce778171cec1965e2fd271ed", "best_bid": "0.39", "best_ask": "0.4"}, {"asset_id": "39304778737903437923367588791275882452466557469208611430474206291179458010087", "price": "0.88", "size": "416.66", "side": "SELL", "hash": "fa4578c3a933f873e6645ca77ce9ee9e9b6873c5", "best_bid": "0.6", "best_ask": "0.61"}], "timestamp": "1769384020085", "event_type": "price_change"}}
{"_local_timestamp": "2026-01-25T23:33:40.776080+00:00", "data": {"market": "0xed4fd09a24f20a3afc1d722ace811fffff3cffd9a56a3fbffc47f4d3d47a88ed", "price_changes": [{"asset_id": "8220157955506226401999435518969354939458191207230003728260954309265715975901", "price": "0.11", "size": "4168", "side": "BUY", "hash": "08a062bed33facd63865e3534f878d25c319ff63", "best_bid": "0.39", "best_ask": "0.4"}, {"asset_id": "39304778737903437923367588791275882452466557469208611430474206291179458010087", "price": "0.89", "size": "4168", "side": "SELL", "hash": "91775c094e46f766b7b4ee70f9f4dfd621e2a3e9", "best_bid": "0.6", "best_ask": "0.61"}], "timestamp": "1769384020558", "event_type": "price_change"}}
{"_local_timestamp": "2026-01-25T23:34:27.837195+00:00", "data": {"market": "0xed4fd09a24f20a3afc1d722ace811fffff3cffd9a56a3fbffc47f4d3d47a88ed", "price_changes": [{"asset_id": "39304778737903437923367588791275882452466557469208611430474206291179458010087", "price": "0.32", "size": "0", "side": "BUY", "hash": "9ec746a12ddc48801f2426ecb153d9e060eb4a22", "best_bid": "0.6", "best_ask": "0.61"}, {"asset_id": "8220157955506226401999435518969354939458191207230003728260954309265715975901", "price": "0.68", "size": "0", "side": "SELL", "hash": "9e709a2525463331b1939b0571c11b6e9acb2dca", "best_bid": "0.39", "best_ask": "0.4"}], "timestamp": "1769384067595", "event_type": "price_change"}}
{"_local_timestamp": "2026-01-25T23:34:27.840857+00:00", "data": {"market": "0xed4fd09a24f20a3afc1d722ace811fffff3cffd9a56a3fbffc47f4d3d47a88ed", "price_changes": [{"asset_id": "8220157955506226401999435518969354939458191207230003728260954309265715975901", "price": "0.12", "size": "216.66", "side": "BUY", "hash": "e2eb924ecc304df59063ee9e201653e674a70025", "best_bid": "0.39", "best_ask": "0.4"}, {"asset_id": "39304778737903437923367588791275882452466557469208611430474206291179458010087", "price": "0.88", "size": "216.66", "side": "SELL", "hash": "a129bfe9c41250ea938ffaf725c54f59aba857cc", "best_bid": "0.6", "best_ask": "0.61"}], "timestamp": "1769384067607", "event_type": "price_change"}}
{"_local_timestamp": "2026-01-25T23:34:28.505590+00:00", "data": {"market": "0xed4fd09a24f20a3afc1d722ace811fffff3cffd9a56a3fbffc47f4d3d47a88ed", "price_changes": [{"asset_id": "39304778737903437923367588791275882452466557469208611430474206291179458010087", "price": "0.33", "size": "245", "side": "BUY", "hash": "36ab95534578883aeb5daac27bb24e0cf3c20405", "best_bid": "0.6", "best_ask": "0.61"}, {"asset_id": "8220157955506226401999435518969354939458191207230003728260954309265715975901", "price": "0.67", "size": "245", "side": "SELL", "hash": "cc8e2c83280e181396e7b0ef0645ae5bfca8c345", "best_bid": "0.39", "best_ask": "0.4"}], "timestamp": "1769384068144", "event_type": "price_change"}}
{"_local_timestamp": "2026-01-25T23:34:28.686466+00:00", "data": {"market": "0xed4fd09a24f20a3afc1d722ace811fffff3cffd9a56a3fbffc47f4d3d47a88ed", "price_changes": [{"asset_id": "8220157955506226401999435518969354939458191207230003728260954309265715975901", "price": "0.11", "size": "4368", "side": "BUY", "hash": "3e998d0a522817b3c789cecc0a6f95905ed1fef2", "best_bid": "0.39", "best_ask": "0.4"}, {"asset_id": "39304778737903437923367588791275882452466557469208611430474206291179458010087", "price": "0.89", "size": "4368", "side": "SELL", "hash": "5f60f8e3aeeede4822d6a25bb3944985dcda62a9", "best_bid": "0.6", "best_ask": "0.61"}], "timestamp": "1769384068223", "event_type": "price_change"}}
{"_local_timestamp": "2026-01-25T23:34:31.582058+00:00", "data": {"market": "0xed4fd09a24f20a3afc1d722ace811fffff3cffd9a56a3fbffc47f4d3d47a88ed", "price_changes": [{"asset_id": "39304778737903437923367588791275882452466557469208611430474206291179458010087", "price": "0.33", "size": "75", "side": "BUY", "hash": "3414309efdda612f8f93312c935adda52eef9761", "best_bid": "0.6", "best_ask": "0.61"}, {"asset_id": "8220157955506226401999435518969354939458191207230003728260954309265715975901", "price": "0.67", "size": "75", "side": "SELL", "hash": "06c961963d8dd1ed7c99fe20e5b706f72aaa8785", "best_bid": "0.39", "best_ask": "0.4"}], "timestamp": "1769384071508", "event_type": "price_change"}}
{"_local_timestamp": "2026-01-25T23:34:31.594717+00:00", "data": {"market": "0xed4fd09a24f20a3afc1d722ace811fffff3cffd9a56a3fbffc47f4d3d47a88ed", "price_changes": [{"asset_id": "39304778737903437923367588791275882452466557469208611430474206291179458010087", "price": "0.34", "size": "165", "side": "BUY", "hash": "cc8205d9817b59b81fd9d92e92026d4a7305d9bc", "best_bid": "0.6", "best_ask": "0.61"}, {"asset_id": "8220157955506226401999435518969354939458191207230003728260954309265715975901", "price": "0.66", "size": "165", "side": "SELL", "hash": "879d4e4ada865e7dbfd4722dc2be531d912e4034", "best_bid": "0.39", "best_ask": "0.4"}], "timestamp": "1769384071528", "event_type": "price_change"}}
{"_local_timestamp": "2026-01-25T23:36:07.080450+00:00", "data": {"market": "0xed4fd09a24f20a3afc1d722ace811fffff3cffd9a56a3fbffc47f4d3d47a88ed", "price_changes": [{"asset_id": "39304778737903437923367588791275882452466557469208611430474206291179458010087", "price": "0.52", "size": "138", "side": "BUY", "hash": "0de04e0fcd7bacc27182b1a163d97441ecb7fad6", "best_bid": "0.6", "best_ask": "0.61"}, {"asset_id": "8220157955506226401999435518969354939458191207230003728260954309265715975901", "price": "0.48", "size": "138", "side": "SELL", "hash": "7687305283caa45845d181b8d8c158cd0855c738", "best_bid": "0.39", "best_ask": "0.4"}], "timestamp": "1769384167001", "event_type": "price_change"}}
{"_local_timestamp": "2026-01-25T23:36:20.605792+00:00", "data": {"market": "0xed4fd09a24f20a3afc1d722ace811fffff3cffd9a56a3fbffc47f4d3d47a88ed", "price_changes": [{"asset_id": "39304778737903437923367588791275882452466557469208611430474206291179458010087", "price": "0.31", "size": "417", "side": "BUY", "hash": "9c32cd573d611b40937df82f55ea8d71a5653805", "best_bid": "0.6", "best_ask": "0.61"}, {"asset_id": "8220157955506226401999435518969354939458191207230003728260954309265715975901", "price": "0.69", "size": "417", "side": "SELL", "hash": "6c8f17710fda2144d18e0117a9f9f2bc81bb8c63", "best_bid": "0.39", "best_ask": "0.4"}], "timestamp": "1769384180542", "event_type": "price_change"}}
{"_local_timestamp": "2026-01-25T23:36:20.606808+00:00", "data": {"market": "0xed4fd09a24f20a3afc1d722ace811fffff3cffd9a56a3fbffc47f4d3d47a88ed", "price_changes": [{"asset_id": "39304778737903437923367588791275882452466557469208611430474206291179458010087", "price": "0.34", "size": "192", "side": "BUY", "hash": "8314a8f8c85d52595de3aaf1f9d75449af0d3f82", "best_bid": "0.6", "best_ask": "0.61"}, {"asset_id": "8220157955506226401999435518969354939458191207230003728260954309265715975901", "price": "0.66", "size": "192", "side": "SELL", "hash": "5a3ec4df892c4218e14cd7354c871425632c2f04", "best_bid": "0.39", "best_ask": "0.4"}], "timestamp": "1769384180543", "event_type": "price_change"}}
{"_local_timestamp": "2026-01-25T23:36:20.610206+00:00", "data": {"market": "0xed4fd09a24f20a3afc1d722ace811fffff3cffd9a56a3fbffc47f4d3d47a88ed", "price_changes": [{"asset_id": "39304778737903437923367588791275882452466557469208611430474206291179458010087", "price": "0.22", "size": "1319", "side": "BUY", "hash": "b4a1cccf29ffe0fd56e22ee6d879251d94b62158", "best_bid": "0.6", "best_ask": "0.61"}, {"asset_id": "8220157955506226401999435518969354939458191207230003728260954309265715975901", "price": "0.78", "size": "1319", "side": "SELL", "hash": "fcc97d347c208626b3ab2291548a0113c95fd47e", "best_bid": "0.39", "best_ask": "0.4"}], "timestamp": "1769384180544", "event_type": "price_change"}}
{"_local_timestamp": "2026-01-25T23:36:20.613033+00:00", "data": {"market": "0xed4fd09a24f20a3afc1d722ace811fffff3cffd9a56a3fbffc47f4d3d47a88ed", "price_changes": [{"asset_id": "39304778737903437923367588791275882452466557469208611430474206291179458010087", "price": "0.55", "size": "31", "side": "BUY", "hash": "4866793255c0f665c7f77f88337e59bab9f387d3", "best_bid": "0.6", "best_ask": "0.61"}, {"asset_id": "8220157955506226401999435518969354939458191207230003728260954309265715975901", "price": "0.45", "size": "31", "side": "SELL", "hash": "485bb27fc6f5e6486ec21cf2a77752b422ee47d7", "best_bid": "0.39", "best_ask": "0.4"}], "timestamp": "1769384180544", "event_type": "price_change"}}
{"_local_timestamp": "2026-01-25T23:36:20.617751+00:00", "data": {"market": "0xed4fd09a24f20a3afc1d722ace811fffff3cffd9a56a3fbffc47f4d3d47a88ed", "price_changes": [{"asset_id": "39304778737903437923367588791275882452466557469208611430474206291179458010087", "price": "0.58", "size": "116", "side": "BUY", "hash": "5f927810d445946c662b304b17493a07b3ca53f8", "best_bid": "0.6", "best_ask": "0.61"}, {"asset_id": "8220157955506226401999435518969354939458191207230003728260954309265715975901", "price": "0.42", "size": "116", "side": "SELL", "hash": "6e051fd072ac5390c2fa5b07bcc37d4e947012d2", "best_bid": "0.39", "best_ask": "0.4"}], "timestamp": "1769384180545", "event_type": "price_change"}}
{"_local_timestamp": "2026-01-25T23:36:20.622009+00:00", "data": {"market": "0xed4fd09a24f20a3afc1d722ace811fffff3cffd9a56a3fbffc47f4d3d47a88ed", "price_changes": [{"asset_id": "39304778737903437923367588791275882452466557469208611430474206291179458010087", "price": "0.52", "size": "190", "side": "BUY", "hash": "bf7962217d085f3525e48188a02988fe51f163d3", "best_bid": "0.6", "best_ask": "0.61"}, {"asset_id": "8220157955506226401999435518969354939458191207230003728260954309265715975901", "price": "0.48", "size": "190", "side": "SELL", "hash": "4ef91269006cb63118f9bec5d17553e588a43da7", "best_bid": "0.39", "best_ask": "0.4"}], "timestamp": "1769384180546", "event_type": "price_change"}}
{"_local_timestamp": "2026-01-25T23:36:55.188963+00:00", "data": {"market": "0xed4fd09a24f20a3afc1d722ace811fffff3cffd9a56a3fbffc47f4d3d47a88ed", "price_changes": [{"asset_id": "39304778737903437923367588791275882452466557469208611430474206291179458010087", "price": "0.33", "size": "0", "side": "BUY", "hash": "1e49d4e18c224e92e414db63e79aaaa79abe9d58", "best_bid": "0.6", "best_ask": "0.61"}, {"asset_id": "8220157955506226401999435518969354939458191207230003728260954309265715975901", "price": "0.67", "size": "0", "side": "SELL", "hash": "0464c7bb05d59e5601580bc12c44aff4458491d9", "best_bid": "0.39", "best_ask": "0.4"}], "timestamp": "1769384215013", "event_type": "price_change"}}
{"_local_timestamp": "2026-01-25T23:36:55.950546+00:00", "data": {"market": "0xed4fd09a24f20a3afc1d722ace811fffff3cffd9a56a3fbffc47f4d3d47a88ed", "price_changes": [{"asset_id": "39304778737903437923367588791275882452466557469208611430474206291179458010087", "price": "0.34", "size": "267", "side": "BUY", "hash": "bd76c44d1565c820fb8836945b8d04ff88acfa6a", "best_bid": "0.6", "best_ask": "0.61"}, {"asset_id": "8220157955506226401999435518969354939458191207230003728260954309265715975901", "price": "0.66", "size": "267", "side": "SELL", "hash": "e4cd2f6482f0a2439d69e712cebb0513c08e2a48", "best_bid": "0.39", "best_ask": "0.4"}], "timestamp": "1769384215635", "event_type": "price_change"}}
{"_local_timestamp": "2026-01-25T23:36:57.876484+00:00", "data": {"market": "0xed4fd09a24f20a3afc1d722ace811fffff3cffd9a56a3fbffc47f4d3d47a88ed", "price_changes": [{"asset_id": "39304778737903437923367588791275882452466557469208611430474206291179458010087", "price": "0.21", "size": "114.28", "side": "BUY", "hash": "d55abae025861f0b253b0d5a063cc88e0d237936", "best_bid": "0.6", "best_ask": "0.61"}, {"asset_id": "8220157955506226401999435518969354939458191207230003728260954309265715975901", "price": "0.79", "size": "114.28", "side": "SELL", "hash": "8ab041d99521b3202bd854fc7afb1dc9fd5021ec", "best_bid": "0.39", "best_ask": "0.4"}], "timestamp": "1769384217247", "event_type": "price_change"}}
{"_local_timestamp": "2026-01-25T23:36:57.882850+00:00", "data": {"market": "0xed4fd09a24f20a3afc1d722ace811fffff3cffd9a56a3fbffc47f4d3d47a88ed", "price_changes": [{"asset_id": "8220157955506226401999435518969354939458191207230003728260954309265715975901", "price": "0.17", "size": "200", "side": "BUY", "hash": "b077718e43146235a0e89406a43e998569ac815c", "best_bid": "0.39", "best_ask": "0.4"}, {"asset_id": "39304778737903437923367588791275882452466557469208611430474206291179458010087", "price": "0.83", "size": "200", "side": "SELL", "hash": "0e8c6d224eebb195e62f318352a519e643d9f301", "best_bid": "0.6", "best_ask": "0.61"}], "timestamp": "1769384217287", "event_type": "price_change"}}
{"_local_timestamp": "2026-01-25T23:36:58.009589+00:00", "data": {"market": "0xed4fd09a24f20a3afc1d722ace811fffff3cffd9a56a3fbffc47f4d3d47a88ed", "price_changes": [{"asset_id": "39304778737903437923367588791275882452466557469208611430474206291179458010087", "price": "0.22", "size": "150", "side": "BUY", "hash": "4715fff318282d916bb435078cb3b4c73d8e2bae", "best_bid": "0.6", "best_ask": "0.61"}, {"asset_id": "8220157955506226401999435518969354939458191207230003728260954309265715975901", "price": "0.78", "size": "150", "side": "SELL", "hash": "d265ad3f618dfb2c814da575d9f326f54d2ba1a1", "best_bid": "0.39", "best_ask": "0.4"}], "timestamp": "1769384217670", "event_type": "price_change"}}
{"_local_timestamp": "2026-01-25T23:36:58.010631+00:00", "data": {"market": "0xed4fd09a24f20a3afc1d722ace811fffff3cffd9a56a3fbffc47f4d3d47a88ed", "price_changes": [{"asset_id": "39304778737903437923367588791275882452466557469208611430474206291179458010087", "price": "0.31", "size": "181", "side": "BUY", "hash": "4715fff318282d916bb435078cb3b4c73d8e2bae", "best_bid": "0.6", "best_ask": "0.61"}, {"asset_id": "8220157955506226401999435518969354939458191207230003728260954309265715975901", "price": "0.69", "size": "181", "side": "SELL", "hash": "d265ad3f618dfb2c814da575d9f326f54d2ba1a1", "best_bid": "0.39", "best_ask": "0.4"}], "timestamp": "1769384217670", "event_type": "price_change"}}
{"_local_timestamp": "2026-01-25T23:36:58.011004+00:00", "data": {"market": "0xed4fd09a24f20a3afc1d722ace811fffff3cffd9a56a3fbffc47f4d3d47a88ed", "price_changes": [{"asset_id": "39304778737903437923367588791275882452466557469208611430474206291179458010087", "price": "0.34", "size": "75", "side": "BUY", "hash": "4715fff318282d916bb435078cb3b4c73d8e2bae", "best_bid": "0.6", "best_ask": "0.61"}, {"asset_id": "8220157955506226401999435518969354939458191207230003728260954309265715975901", "price": "0.66", "size": "75", "side": "SELL", "hash": "d265ad3f618dfb2c814da575d9f326f54d2ba1a1", "best_bid": "0.39", "best_ask": "0.4"}], "timestamp": "1769384217670", "event_type": "price_change"}}
{"_local_timestamp": "2026-01-25T23:36:58.050133+00:00", "data": {"market": "0xed4fd09a24f20a3afc1d722ace811fffff3cffd9a56a3fbffc47f4d3d47a88ed", "price_changes": [{"asset_id": "39304778737903437923367588791275882452466557469208611430474206291179458010087", "price": "0.21", "size": "1338.28", "side": "BUY", "hash": "42aeea3794b55310baf72353629a38b2041eb8e0", "best_bid": "0.6", "best_ask": "0.61"}, {"asset_id": "8220157955506226401999435518969354939458191207230003728260954309265715975901", "price": "0.79", "size": "1338.28", "side": "SELL", "hash": "e1efa291b002cb272e2143fd16f6f324e7b9bfde", "best_bid": "0.39", "best_ask": "0.4"}], "timestamp": "1769384217739", "event_type": "price_change"}}
{"_local_timestamp": "2026-01-25T23:36:58.050504+00:00", "data": {"market": "0xed4fd09a24f20a3afc1d722ace811fffff3cffd9a56a3fbffc47f4d3d47a88ed", "price_changes": [{"asset_id": "39304778737903437923367588791275882452466557469208611430474206291179458010087", "price": "0.31", "size": "210", "side": "BUY", "hash": "fd0a13a0b5ede1bca90b3162ed168036e7d88b22", "best_bid": "0.6", "best_ask": "0.61"}, {"asset_id": "8220157955506226401999435518969354939458191207230003728260954309265715975901", "price": "0.69", "size": "210", "side": "SELL", "hash": "281b8c3737f527dbd39ee743ee6c01bdbbe6ef05", "best_bid": "0.39", "best_ask": "0.4"}], "timestamp": "1769384217741", "event_type": "price_change"}}
{"_local_timestamp": "2026-01-25T23:36:58.050821+00:00", "data": {"market": "0xed4fd09a24f20a3afc1d722ace811fffff3cffd9a56a3fbffc47f4d3d47a88ed", "price_changes": [{"asset_id": "39304778737903437923367588791275882452466557469208611430474206291179458010087", "price": "0.23", "size": "561", "side": "BUY", "hash": "fdee1fdd98cb2274a5a824751290d8c73601ab81", "best_bid": "0.6", "best_ask": "0.61"}, {"asset_id": "8220157955506226401999435518969354939458191207230003728260954309265715975901", "price": "0.77", "size": "561", "side": "SELL", "hash": "4b87155519b2ebd66d90d0b8599b0fc9a9b220a2", "best_bid": "0.39", "best_ask": "0.4"}], "timestamp": "1769384217744", "event_type": "price_change"}}
{"_local_timestamp": "2026-01-25T23:37:01.979433+00:00", "data": {"market": "0xed4fd09a24f20a3afc1d722ace811fffff3cffd9a56a3fbffc47f4d3d47a88ed", "price_changes": [{"asset_id": "39304778737903437923367588791275882452466557469208611430474206291179458010087", "price": "0.21", "size": "114.28", "side": "BUY", "hash": "0e685b8d9dbc6fc0f83f5b3af165a130efbfd651", "best_bid": "0.6", "best_ask": "0.61"}, {"asset_id": "8220157955506226401999435518969354939458191207230003728260954309265715975901", "price": "0.79", "size": "114.28", "side": "SELL", "hash": "723a60ca2cfb04e56823e36e6005ce7e112afa78", "best_bid": "0.39", "best_ask": "0.4"}], "timestamp": "1769384221776", "event_type": "price_change"}}
{"_local_timestamp": "2026-01-25T23:37:01.981205+00:00", "data": {"market": "0xed4fd09a24f20a3afc1d722ace811fffff3cffd9a56a3fbffc47f4d3d47a88ed", "price_changes": [{"asset_id": "39304778737903437923367588791275882452466557469208611430474206291179458010087", "price": "0.23", "size": "0", "side": "BUY", "hash": "0e685b8d9dbc6fc0f83f5b3af165a130efbfd651", "best_bid": "0.6", "best_ask": "0.61"}, {"asset_id": "8220157955506226401999435518969354939458191207230003728260954309265715975901", "price": "0.77", "size": "0", "side": "SELL", "hash": "723a60ca2cfb04e56823e36e6005ce7e112afa78", "best_bid": "0.39", "best_ask": "0.4"}], "timestamp": "1769384221776", "event_type": "price_change"}}
{"_local_timestamp": "2026-01-25T23:37:02.029147+00:00", "data": {"market": "0xed4fd09a24f20a3afc1d722ace811fffff3cffd9a56a3fbffc47f4d3d47a88ed", "price_changes": [{"asset_id": "39304778737903437923367588791275882452466557469208611430474206291179458010087", "price": "0.17", "size": "1512", "side": "BUY", "hash": "ad3a1d13bb4c0b34211ea582e5f94047e134c776", "best_bid": "0.6", "best_ask": "0.61"}, {"asset_id": "8220157955506226401999435518969354939458191207230003728260954309265715975901", "price": "0.83", "size": "1512", "side": "SELL", "hash": "6ca98101ecfda4fba4fed21bc9eab1e2b0796760", "best_bid": "0.39", "best_ask": "0.4"}], "timestamp": "1769384221835", "event_type": "price_change"}}
{"_local_timestamp": "2026-01-25T23:37:02.029580+00:00", "data": {"market": "0xed4fd09a24f20a3afc1d722ace811fffff3cffd9a56a3fbffc47f4d3d47a88ed", "price_changes": [{"asset_id": "39304778737903437923367588791275882452466557469208611430474206291179458010087", "price": "0.35", "size": "186", "side": "BUY", "hash": "f9f6cd172d46c7f12b813f57f350846a4aed9901", "best_bid": "0.6", "best_ask": "0.61"}, {"asset_id": "8220157955506226401999435518969354939458191207230003728260954309265715975901", "price": "0.65", "size": "186", "side": "SELL", "hash": "6fbee93ca21176aa75b08410c8cce55675166102", "best_bid": "0.39", "best_ask": "0.4"}], "timestamp": "1769384221836", "event_type": "price_change"}}
{"_local_timestamp": "2026-01-25T23:37:02.029972+00:00", "data": {"market": "0xed4fd09a24f20a3afc1d722ace811fffff3cffd9a56a3fbffc47f4d3d47a88ed", "price_changes": [{"asset_id": "39304778737903437923367588791275882452466557469208611430474206291179458010087", "price": "0.31", "size": "417", "side": "BUY", "hash": "8a640ecc56e8b1158915557c09e92ce720a58623", "best_bid": "0.6", "best_ask": "0.61"}, {"asset_id": "8220157955506226401999435518969354939458191207230003728260954309265715975901", "price": "0.69", "size": "417", "side": "SELL", "hash": "449b806d0b96711a5d28afb8da6a60d88e5ee7a8", "best_bid": "0.39", "best_ask": "0.4"}], "timestamp": "1769384221837", "event_type": "price_change"}}
{"_local_timestamp": "2026-01-25T23:37:36.551373+00:00", "data": {"market": "0xed4fd09a24f20a3afc1d722ace811fffff3cffd9a56a3fbffc47f4d3d47a88ed", "price_changes": [{"asset_id": "8220157955506226401999435518969354939458191207230003728260954309265715975901", "price": "0.13", "size": "108", "side": "BUY", "hash": "2ea81c1a6e0c895e398fa7adc53fa0626b1479f3", "best_bid": "0.39", "best_ask": "0.4"}, {"asset_id": "39304778737903437923367588791275882452466557469208611430474206291179458010087", "price": "0.87", "size": "108", "side": "SELL", "hash": "4848470007809ee07457c8253766d5e38fad6691", "best_bid": "0.6", "best_ask": "0.61"}], "timestamp": "1769384256449", "event_type": "price_change"}}
{"_local_timestamp": "2026-01-25T23:37:36.551892+00:00", "data": {"market": "0xed4fd09a24f20a3afc1d722ace811fffff3cffd9a56a3fbffc47f4d3d47a88ed", "price_changes": [{"asset_id": "39304778737903437923367588791275882452466557469208611430474206291179458010087", "price": "0.17", "size": "1812", "side": "BUY", "hash": "cc6becf76b6cba0c3a9ef1e4cdd105cb7a5b036b", "best_bid": "0.6", "best_ask": "0.61"}, {"asset_id": "8220157955506226401999435518969354939458191207230003728260954309265715975901", "price": "0.83", "size": "1812", "side": "SELL", "hash": "717dd22ad0a4fc77d51aa90d81f8e4ccae94bdf7", "best_bid": "0.39", "best_ask": "0.4"}], "timestamp": "1769384256451", "event_type": "price_change"}}
{"_local_timestamp": "2026-01-25T23:38:03.755102+00:00", "data": {"market": "0xed4fd09a24f20a3afc1d722ace811fffff3cffd9a56a3fbffc47f4d3d47a88ed", "price_changes": [{"asset_id": "39304778737903437923367588791275882452466557469208611430474206291179458010087", "price": "0.22", "size": "50", "side": "BUY", "hash": "db192c4442bd9c920e6ca47358db37a54b24b896", "best_bid": "0.6", "best_ask": "0.61"}, {"asset_id": "8220157955506226401999435518969354939458191207230003728260954309265715975901", "price": "0.78", "size": "50", "side": "SELL", "hash": "639d5c48e8fbedf638edf352d3c05aaeebc1efde", "best_bid": "0.39", "best_ask": "0.4"}], "timestamp": "1769384283682", "event_type": "price_change"}}
{"_local_timestamp": "2026-01-25T23:38:03.755735+00:00", "data": {"market": "0xed4fd09a24f20a3afc1d722ace811fffff3cffd9a56a3fbffc47f4d3d47a88ed", "price_changes": [{"asset_id": "8220157955506226401999435518969354939458191207230003728260954309265715975901", "price": "0.17", "size": "50", "side": "BUY", "hash": "28dc733e4e6da958583f626294c3069eeb4626bf", "best_bid": "0.39", "best_ask": "0.4"}, {"asset_id": "39304778737903437923367588791275882452466557469208611430474206291179458010087", "price": "0.83", "size": "50", "side": "SELL", "hash": "ee7ed31dd45bc5f7183aee634d54467ba21b158a", "best_bid": "0.6", "best_ask": "0.61"}], "timestamp": "1769384283683", "event_type": "price_change"}}
{"_local_timestamp": "2026-01-25T23:38:03.995415+00:00", "data": {"market": "0xed4fd09a24f20a3afc1d722ace811fffff3cffd9a56a3fbffc47f4d3d47a88ed", "price_changes": [{"asset_id": "39304778737903437923367588791275882452466557469208611430474206291179458010087", "price": "0.21", "size": "214.28", "side": "BUY", "hash": "516b55f1b29231805df721c49adc4b284fba2ca9", "best_bid": "0.6", "best_ask": "0.61"}, {"asset_id": "8220157955506226401999435518969354939458191207230003728260954309265715975901", "price": "0.79", "size": "214.28", "side": "SELL", "hash": "123beb970788a5b0aa218a29cbccc98960815bd6", "best_bid": "0.39", "best_ask": "0.4"}], "timestamp": "1769384283925", "event_type": "price_change"}}
{"_local_timestamp": "2026-01-25T23:38:04.003518+00:00", "data": {"market": "0xed4fd09a24f20a3afc1d722ace811fffff3cffd9a56a3fbffc47f4d3d47a88ed", "price_changes": [{"asset_id": "8220157955506226401999435518969354939458191207230003728260954309265715975901", "price": "0.16", "size": "275", "side": "BUY", "hash": "cc5094481c8e6077d9ad6ca752330cfa0a789748", "best_bid": "0.39", "best_ask": "0.4"}, {"asset_id": "39304778737903437923367588791275882452466557469208611430474206291179458010087", "price": "0.84", "size": "275", "side": "SELL", "hash": "bd5b1aca186a1a6de33c3ea032e47fc6802fe21b", "best_bid": "0.6", "best_ask": "0.61"}], "timestamp": "1769384283929", "event_type": "price_change"}}
