{"_local_timestamp": "2026-01-25T23:33:31.952867+00:00", "data": [{"market": "0xed4fd09a24f20a3afc1d722ace811fffff3cffd9a56a3fbffc47f4d3d47a88ed", "asset_id": "39304778737903437923367588791275882452466557469208611430474206291179458010087", "timestamp": "1769383963542", "hash": "f3623acb69aa77e76b85426b8f630fd7501eae07", "bids": [{"price": "0.01", "size": "9020.08"}, {"price": "0.02", "size": "4200"}, {"price": "0.03", "size": "10.54"}, {"price": "0.05", "size": "500"}, {"price": "0.06", "size": "600"}, {"price": "0.07", "size": "101"}, {"price": "0.08", "size": "500"}, {"price": "0.09", "size": "4509.77"}, {"price": "0.1", "size": "500"}, {"price": "0.11", "size": "5.3"}, {"price": "0.12", "size": "516.66"}, {"price": "0.14", "size": "1692"}, {"price": "0.15", "size": "186.66"}, {"price": "0.16", "size": "3074"}, {"price": "0.18", "size": "144.44"}, {"price": "0.2", "size": "50"}, {"price": "0.21", "size": "414.28"}, {"price": "0.22", "size": "1119"}, {"price": "0.24", "size": "83.33"}, {"price": "0.3", "size": "1177"}, {"price": "0.31", "size": "362"}, {"price": "0.32", "size": "75"}, {"price": "0.33", "size": "170"}, {"price": "0.45", "size": "5"}, {"price": "0.5", "size": "789.97"}, {"price": "0.51", "size": "55"}, {"price": "0.52", "size": "178"}, {"price": "0.53", "size": "121.75"}, {"price": "0.54", "size": "785.24"}, {"price": "0.55", "size": "26"}, {"price": "0.56", "size": "399.98"}, {"price": "0.57", "size": "3010"}, {"price": "0.58", "size": "109"}, {"price": "0.59", "size": "473.69"}, {"price": "0.6", "size": "211.48"}], "asks": [{"price": "0.99", "size": "8400"}, {"price": "0.98", "size": "3455.7"}, {"price": "0.97", "size": "500"}, {"price": "0.96", "size": "905.99"}, {"price": "0.94", "size": "1266.66"}, {"price": "0.92", "size": "400"}, {"price": "0.91", "size": "7.17"}, {"price": "0.9", "size": "280"}, {"price": "0.89", "size": "4043"}, {"price": "0.88", "size": "541.66"}, {"price": "0.86", "size": "171.42"}, {"price": "0.84", "size": "125"}, {"price": "0.83", "size": "362"}, {"price": "0.82", "size": "11"}, {"price": "0.74", "size": "50"}, {"price": "0.7", "size": "36.66"}, {"price": "0.64", "size": "110"}, {"price": "0.63", "size": "432.5"}, {"price": "0.61", "size": "147.54"}], "event_type": "book", "last_trade_price": "0.400"}, {"market": "0xed4fd09a24f20a3afc1d722ace811fffff3cffd9a56a3fbffc47f4d3d47a88ed", "asset_id": "8220157955506226401999435518969354939458191207230003728260954309265715975901", "timestamp": "1769383963542", "hash": "a05fb63ef2ad510ab2f01fe9329dbfcaa8d0635b", "bids": [{"price": "0.01", "size": "8400"}, {"price": "0.02", "size": "3455.7"}, {"price": "0.03", "size": "500"}, {"price": "0.04", "size": "905.99"}, {"price": "0.06", "size": "1266.66"}, {"price": "0.08", "size": "400"}, {"price": "0.09", "size": "7.17"}, {"price": "0.1", "size": "280"}, {"price": "0.11", "size": "4043"}, {"price": "0.12", "size": "541.66"}, {"price": "0.14", "size": "171.42"}, {"price": "0.16", "size": "125"}, {"price": "0.17", "size": "362"}, {"price": "0.18", "size": "11"}, {"price": "0.26", "size": "50"}, {"price": "0.3", "size": "36.66"}, {"price": "0.36", "size": "110"}, {"price": "0.37", "size": "432.5"}, {"price": "0.39", "size": "147.54"}], "asks": [{"price": "0.99", "size": "9020.08"}, {"price": "0.98", "size": "4200"}, {"price": "0.97", "size": "10.54"}, {"price": "0.95", "size": "500"}, {"price": "0.94", "size": "600"}, {"price": "0.93", "size": "101"}, {"price": "0.92", "size": "500"}, {"price": "0.91", "size": "4509.77"}, {"price": "0.9", "size": "500"}, {"price": "0.89", "size": "5.3"}, {"price": "0.88", "size": "516.66"}, {"price": "0.86", "size": "1692"}, {"price": "0.85", "size": "186.66"}, {"price": "0.84", "size": "3074"}, {"price": "0.82", "size": "144.44"}, {"price": "0.8", "size": "50"}, {"price": "0.79", "size": "414.28"}, {"price": "0.78", "size": "1119"}, {"price": "0.76", "size": "83.33"}, {"price": "0.7", "size": "1177"}, {"price": "0.69", "size": "362"}, {"price": "0.68", "size": "75"}, {"price": "0.67", "size": "170"}, {"price": "0.55", "size": "5"}, {"price": "0.5", "size": "789.97"}, {"price": "0.49", "size": "55"}, {"price": "0.48", "size": "178"}, {"price": "0.47", "size": "121.75"}, {"price": "0.46", "size": "785.24"}, {"price": "0.45", "size": "26"}, {"price": "0.44", "size": "399.98"}, {"price": "0.43", "size": "3010"}, {"price": "0.42", "size": "109"}, {"price": "0.41", "size": "473.69"}, {"price": "0.4", "size": "211.48"}], "event_type": "book", "last_trade_price": "0.400"}]}
{"_local_timestamp": "2026-01-25T23:33:33.158142+00:00", "data": {"market": "0xed4fd09a24f20a3afc1d722ace811fffff3cffd9a56a3fbffc47f4d3d47a88ed", "price_changes": [{"asset_id": "39304778737903437923367588791275882452466557469208611430474206291179458010087", "price": "0.2", "size": "0", "side": "BUY", "hash": "adcc238650800535bf4cea5a273f5442afd9f078", "best_bid": "0.6", "best_ask": "0.61"}, {"asset_id": "8220157955506226401999435518969354939458191207230003728260954309265715975901", "price": "0.8", "size": "0", "side": "SELL", "hash": "5c01826db71a4a78d750da2f5760dbdcb2a2231b", "best_bid": "0.39", "best_ask": "0.4"}], "timestamp": "1769384013041", "event_type": "price_change"}}
{"_local_timestamp": "2026-01-25T23:33:33.714589+00:00", "data": {"market": "0xed4fd09a24f20a3afc1d722ace811fffff3cffd9a56a3fbffc47f4d3d47a88ed", "price_changes": [{"asset_id": "39304778737903437923367588791275882452466557469208611430474206291179458010087", "price": "0.22", "size": "1169", "side": "BUY", "hash": "a81efdb862d72feed85b8542c1e3e8924d5b1111", "best_bid": "0.6", "best_ask": "0.61"}, {"asset_id": "8220157955506226401999435518969354939458191207230003728260954309265715975901", "price": "0.78", "size": "1169", "side": "SELL", "hash": "3f6c6bcb294cefd42eccc535ebe766285a7af25b", "best_bid": "0.39", "best_ask": "0.4"}], "timestamp": "1769384013553", "event_type": "price_change"}}
{"_local_timestamp": "2026-01-25T23:33:40.195003+00:00", "data": {"market": "0xed4fd09a24f20a3afc1d722ace811fffff3cffd9a56a3fbffc47f4d3d47a88ed", "price_changes": [{"asset_id": "8220157955506226401999435518969354939458191207230003728260954309265715975901", "price": "0.12", "size": "416.66", "side": "BUY", "hash": "f055e96f6e3ebad9ce778171cec1965e2fd271ed", "best_bid": "0.39", "best_ask": "0.4"}, {"asset_id": "39304778737903437923367588791275882452466557469208611430474206291179458010087", "price": "0.88", "size": "416.66", "side": "SELL", "hash": "fa4578c3a933f873e6645ca77ce9ee9e9b6873c5", "best_bid": "0.6", "best_ask": "0.61"}], "timestamp": "1769384020085", "event_type": "price_change"}}
{"_local_timestamp": "2026-01-25T23:33:40.776080+00:00", "data": {"market": "0xed4fd09a24f20a3afc1d722ace811fffff3cffd9a56a3fbffc47f4d3d47a88ed", "price_changes": [{"asset_id": "8220157955506226401999435518969354939458191207230003728260954309265715975901", "price": "0.11", "size": "4168", "side": "BUY", "hash": "08a062bed33facd63865e3534f878d25c319ff63", "best_bid": "0.39", "best_ask": "0.4"}, {"asset_id": "39304778737903437923367588791275882452466557469208611430474206291179458010087", "price": "0.89", "size": "4168", "side": "SELL", "hash": "91775c094e46f766b7b4ee70f9f4dfd621e2a3e9", "best_bid": "0.6", "best_ask": "0.61"}], "timestamp": "1769384020558", "event_type": "price_change"}}
