{"_local_timestamp": "2026-01-25T23:33:48.550818+00:00", "data": [{"market": "0x58d14e92b971d8b55d924ad41d984b71c324db6c0a62d135f878d1a110cc1340", "asset_id": "41327663986442359757102078793211679843264979474555972596438640373972011229062", "timestamp": "1769384001243", "hash": "e4cc884dd5cd795cdf3cc4977a4b82281feb1267", "bids": [{"price": "0.01", "size": "91100.2"}, {"price": "0.02", "size": "850"}, {"price": "0.04", "size": "6.9"}, {"price": "0.06", "size": "750"}, {"price": "0.08", "size": "300"}, {"price": "0.1", "size": "5.72"}, {"price": "0.24", "size": "54.16"}, {"price": "0.25", "size": "44"}, {"price": "0.52", "size": "450"}], "asks": [{"price": "0.99", "size": "85101.73"}, {"price": "0.98", "size": "850"}, {"price": "0.97", "size": "10.49"}, {"price": "0.95", "size": "500"}, {"price": "0.9", "size": "530.77"}, {"price": "0.81", "size": "68.42"}, {"price": "0.8", "size": "55"}, {"price": "0.62", "size": "450"}], "event_type": "book", "last_trade_price": ""}, {"market": "0x7350720c511227916d0194e308ea680c7b75482aef3476dfb5f94a8a5547e856", "asset_id": "44178631134778670928405620529718070500611967434429126011486093630199185525960", "timestamp": "1769383818960", "hash": "662e514809dbd642f2ffa647f8ce23e466898271", "bids": [{"price": "0.01", "size": "98.81"}, {"price": "0.02", "size": "150"}, {"price": "0.03", "size": "11.69"}, {"price": "0.04", "size": "1000"}, {"price": "0.1", "size": "5.56"}, {"price": "0.16", "size": "81.25"}, {"price": "0.17", "size": "64.7"}, {"price": "0.26", "size": "350"}, {"price": "0.27", "size": "100"}], "asks": [{"price": "0.99", "size": "104.7"}, {"price": "0.98", "size": "850"}, {"price": "0.97", "size": "10.57"}, {"price": "0.95", "size": "500"}, {"price": "0.91", "size": "6.45"}, {"price": "0.89", "size": "364"}, {"price": "0.76", "size": "54.16"}, {"price": "0.75", "size": "44"}, {"price": "0.37", "size": "450"}], "event_type": "book", "last_trade_price": ""}, {"market": "0xd2abc3b21133aa01e20a3b70c5b9666024559c2924233652df8f3e5f8731c565", "asset_id": "38998437873542371267732921380610193244594713250364183030430918666235339824498", "timestamp": "1769382484885", "hash": "fecf94a946ba77e5bbc5a2b0a69dc9881153bd60", "bids": [{"price": "0.01", "size": "511.55"}, {"price": "0.02", "size": "254.48"}, {"price": "0.03", "size": "24.24"}, {"price": "0.04", "size": "29.99"}], "asks": [{"price": "0.99", "size": "515.58"}, {"price": "0.98", "size": "25.06"}, {"price": "0.97", "size": "127"}, {"price": "0.95", "size": "11.22"}], "event_type": "book", "last_trade_price": ""}, {"market": "0xa0f0fa47bcc01735f3cb83a0443dcc1b8cf7280ee235670d6632868f3fca4d71", "asset_id": "33262777358987809727638007299334113630929348287657157613357125524645210623500", "timestamp": "1769382483671", "hash": "08e4cebb571a1b87e171a7c4746590e04aab1770", "bids": [{"price": "0.01", "size": "99.85"}, {"price": "0.02", "size": "700"}, {"price": "0.03", "size": "8.38"}, {"price": "0.05", "size": "500"}, {"price": "0.08", "size": "300"}, {"price": "0.09", "size": "7.16"}, {"price": "0.16", "size": "104"}, {"price": "0.26", "size": "50"}, {"price": "0.27", "size": "40.74"}, {"price": "0.83", "size": "350"}], "asks": [{"price": "0.99", "size": "500.15"}, {"price": "0.98", "size": "257.87"}, {"price": "0.97", "size": "9.69"}, {"price": "0.95", "size": "9.9"}, {"price": "0.94", "size": "372.07"}], "event_type": "book", "last_trade_price": ""}, {"market": "0x9cdf6d7ca0828304de85e67ad8e14c94e293c2a0fb80be8e2f7b699605873183", "asset_id": "16747302368001892236389108755086575686290115301403358540791273691326369118029", "timestamp": "1769383818975", "hash": "e71cc3022e966b0ea47864d9b14d765cad1972c7", "bids": [{"price": "0.01", "size": "155.74"}, {"price": "0.02", "size": "700"}, {"price": "0.03", "size": "5.05"}, {"price": "0.04", "size": "12"}, {"price": "0.05", "size": "520"}, {"price": "0.06", "size": "33"}, {"price": "0.09", "size": "450"}, {"price": "0.1", "size": "7.41"}, {"price": "0.17", "size": "76.47"}, {"price": "0.18", "size": "61.11"}, {"price": "0.43", "size": "350"}], "asks": [{"price": "0.99", "size": "155.38"}, {"price": "0.98", "size": "725"}, {"price": "0.96", "size": "32.02"}, {"price": "0.94", "size": "750"}, {"price": "0.92", "size": "300"}, {"price": "0.9", "size": "5.65"}, {"price": "0.74", "size": "50"}, {"price": "0.73", "size": "40.74"}, {"price": "0.53", "size": "350"}], "event_type": "book", "last_trade_price": ""}, {"market": "0xa0f0fa47bcc01735f3cb83a0443dcc1b8cf7280ee235670d6632868f3fca4d71", "asset_id": "14900971809488793364587891162619301348308630341562689657409717954166731903384", "timestamp": "1769382483671", "hash": "a842b4ab41eec143072cb80827ed077cd0568046", "bids": [{"price": "0.01", "size": "500.15"}, {"price": "0.02", "size": "257.87"}, {"price": "0.03", "size": "9.69"}, {"price": "0.05", "size": "9.9"}, {"price": "0.06", "size": "372.07"}], "asks": [{"price": "0.99", "size": "99.85"}, {"price": "0.98", "size": "700"}, {"price": "0.97", "size": "8.38"}, {"price": "0.95", "size": "500"}, {"price": "0.92", "size": "300"}, {"price": "0.91", "size": "7.16"}, {"price": "0.84", "size": "104"}, {"price": "0.74", "size": "50"}, {"price": "0.73", "size": "40.74"}, {"price": "0.17", "size": "350"}], "event_type": "book", "last_trade_price": ""}, {"market": "0x7350720c511227916d0194e308ea680c7b75482aef3476dfb5f94a8a5547e856", "asset_id": "115520705396311426199781392640597925155872825517936238242859398462195535716319", "timestamp": "1769383818960", "hash": "871f42fc61fa7cb77a7ba80657ce229a07c144d5", "bids": [{"price": "0.01", "size": "104.7"}, {"price": "0.02", "size": "850"}, {"price": "0.03", "size": "10.57"}, {"price": "0.05", "size": "500"}, {"price": "0.09", "size": "6.45"}, {"price": "0.11", "size": "364"}, {"price": "0.24", "size": "54.16"}, {"price": "0.25", "size": "44"}, {"price": "0.63", "size": "450"}], "asks": [{"price": "0.99", "size": "98.81"}, {"price": "0.98", "size": "150"}, {"price": "0.97", "size": "11.69"}, {"price": "0.96", "size": "1000"}, {"price": "0.9", "size": "5.56"}, {"price": "0.84", "size": "81.25"}, {"price": "0.83", "size": "64.7"}, {"price": "0.74", "size": "350"}, {"price": "0.73", "size": "100"}], "event_type": "book", "last_trade_price": ""}, {"market": "0xd2abc3b21133aa01e20a3b70c5b9666024559c2924233652df8f3e5f8731c565", "asset_id": "83921753082626166065400654788468983023094889621454821764873745682749197594310", "timestamp": "1769382484885", "hash": "837ff2b91a8888bda1e41f075537f4609d8d36fe", "bids": [{"price": "0.01", "size": "515.58"}, {"price": "0.02", "size": "25.06"}, {"price": "0.03", "size": "127"}, {"price": "0.05", "size": "11.22"}], "asks": [{"price": "0.99", "size": "511.55"}, {"price": "0.98", "size": "254.48"}, {"price": "0.97", "size": "24.24"}, {"price": "0.96", "size": "29.99"}], "event_type": "book", "last_trade_price": ""}, {"market": "0xbba6af484a0526014ab65f13ce5d4b9ccef10bb60990b7cda15449a74278d9f7", "asset_id": "38680163503239164597673994472690710418757422588099086148669090604626487074306", "timestamp": "1769383994376", "hash": "82bfc52e565b2f5a32918beeacb1da8b3a9f2179", "bids": [{"price": "0.01", "size": "99.72"}, {"price": "0.02", "size": "850"}, {"price": "0.03", "size": "8.31"}, {"price": "0.05", "size": "500"}, {"price": "0.1", "size": "6.48"}, {"price": "0.12", "size": "275"}, {"price": "0.23", "size": "56.52"}, {"price": "0.24", "size": "45.83"}, {"price": "0.71", "size": "350"}], "asks": [{"price": "0.99", "size": "94.5"}, {"price": "0.98", "size": "157.9"}, {"price": "0.97", "size": "75"}, {"price": "0.96", "size": "21.05"}, {"price": "0.91", "size": "144.44"}, {"price": "0.9", "size": "110"}, {"price": "0.82", "size": "350"}, {"price": "0.81", "size": "5.26"}], "event_type": "book", "last_trade_price": ""}, {"market": "0x58d14e92b971d8b55d924ad41d984b71c324db6c0a62d135f878d1a110cc1340", "asset_id": "56459892266949762248484637320849436854943643417005755499245447951651440697697", "timestamp": "1769384001243", "hash": "82112462497f1ed5378227ad43f8a33a50b8bd09", "bids": [{"price": "0.01", "size": "85101.73"}, {"price": "0.02", "size": "850"}, {"price": "0.03", "size": "10.49"}, {"price": "0.05", "size": "500"}, {"price": "0.1", "size": "530.77"}, {"price": "0.19", "size": "68.42"}, {"price": "0.2", "size": "55"}, {"price": "0.38", "size": "450"}], "asks": [{"price": "0.99", "size": "91100.2"}, {"price": "0.98", "size": "850"}, {"price": "0.96", "size": "6.9"}, {"price": "0.94", "size": "750"}, {"price": "0.92", "size": "300"}, {"price": "0.9", "size": "5.72"}, {"price": "0.76", "size": "54.16"}, {"price": "0.75", "size": "44"}, {"price": "0.48", "size": "450"}], "event_type": "book", "last_trade_price": ""}, {"market": "0xbba6af484a0526014ab65f13ce5d4b9ccef10bb60990b7cda15449a74278d9f7", "asset_id": "16489982559362393237953960328279843883759184729994443075761696608539651797290", "timestamp": "1769383994376", "hash": "fe0c4d9ab88f5a021b8bb77e01245c5f8218d2c0", "bids": [{"price": "0.01", "size": "94.5"}, {"price": "0.02", "size": "157.9"}, {"price": "0.03", "size": "75"}, {"price": "0.04", "size": "21.05"}, {"price": "0.09", "size": "144.44"}, {"price": "0.1", "size": "110"}, {"price": "0.18", "size": "350"}, {"price": "0.19", "size": "5.26"}], "asks": [{"price": "0.99", "size": "99.72"}, {"price": "0.98", "size": "850"}, {"price": "0.97", "size": "8.31"}, {"price": "0.95", "size": "500"}, {"price": "0.9", "size": "6.48"}, {"price": "0.88", "size": "275"}, {"price": "0.77", "size": "56.52"}, {"price": "0.76", "size": "45.83"}, {"price": "0.29", "size": "350"}], "event_type": "book", "last_trade_price": ""}, {"market": "0x9cdf6d7ca0828304de85e67ad8e14c94e293c2a0fb80be8e2f7b699605873183", "asset_id": "30196589517778823226825351601580217427797798969300156395256236211091202726989", "timestamp": "1769383818975", "hash": "5ce86b98cd81ae2fb34003b4b5f4d1243a81f7c0", "bids": [{"price": "0.01", "size": "155.38"}, {"price": "0.02", "size": "725"}, {"price": "0.04", "size": "32.02"}, {"price": "0.06", "size": "750"}, {"price": "0.08", "size": "300"}, {"price": "0.1", "size": "5.65"}, {"price": "0.26", "size": "50"}, {"price": "0.27", "size": "40.74"}, {"price": "0.47", "size": "350"}], "asks": [{"price": "0.99", "size": "155.74"}, {"price": "0.98", "size": "700"}, {"price": "0.97", "size": "5.05"}, {"price": "0.96", "size": "12"}, {"price": "0.95", "size": "520"}, {"price": "0.94", "size": "33"}, {"price": "0.91", "size": "450"}, {"price": "0.9", "size": "7.41"}, {"price": "0.83", "size": "76.47"}, {"price": "0.82", "size": "61.11"}, {"price": "0.57", "size": "350"}], "event_type": "book", "last_trade_price": ""}]}
{"_local_timestamp": "2026-01-25T23:34:06.572104+00:00", "data": {"market": "0xbba6af484a0526014ab65f13ce5d4b9ccef10bb60990b7cda15449a74278d9f7", "price_changes": [{"asset_id": "38680163503239164597673994472690710418757422588099086148669090604626487074306", "price": "0.76", "size": "526.3", "side": "BUY", "hash": "9453bf85deda494c291a37e5bd80653681a7b8ad", "best_bid": "0.76", "best_ask": "0.81"}, {"asset_id": "16489982559362393237953960328279843883759184729994443075761696608539651797290", "price": "0.24", "size": "526.3", "side": "SELL", "hash": "37c017b17f407074f67f1e35bab962ef9d918412", "best_bid": "0.19", "best_ask": "0.24"}], "timestamp": "1769384046329", "event_type": "price_change"}}
{"_local_timestamp": "2026-01-25T23:34:14.570292+00:00", "data": {"market": "0xbba6af484a0526014ab65f13ce5d4b9ccef10bb60990b7cda15449a74278d9f7", "price_changes": [{"asset_id": "38680163503239164597673994472690710418757422588099086148669090604626487074306", "price": "0.76", "size": "0", "side": "BUY", "hash": "f0e2366890550499a07afbfd134c692927dbcf8e", "best_bid": "0.71", "best_ask": "0.81"}, {"asset_id": "16489982559362393237953960328279843883759184729994443075761696608539651797290", "price": "0.24", "size": "0", "side": "SELL", "hash": "5400674e2720603905e581c01572c7063c0c6469", "best_bid": "0.19", "best_ask": "0.29"}], "timestamp": "1769384054308", "event_type": "price_change"}}
{"_local_timestamp": "2026-01-25T23:35:06.438379+00:00", "data": {"market": "0xbba6af484a0526014ab65f13ce5d4b9ccef10bb60990b7cda15449a74278d9f7", "price_changes": [{"asset_id": "38680163503239164597673994472690710418757422588099086148669090604626487074306", "price": "0.76", "size": "526.3", "side": "BUY", "hash": "ffe9868feca3bc841d8ea0f86c16a804c4b0f048", "best_bid": "0.76", "best_ask": "0.81"}, {"asset_id": "16489982559362393237953960328279843883759184729994443075761696608539651797290", "price": "0.24", "size": "526.3", "side": "SELL", "hash": "a4dffde704d8391948fac27e9efb65933689f04c", "best_bid": "0.19", "best_ask": "0.24"}], "timestamp": "1769384106372", "event_type": "price_change"}}
{"_local_timestamp": "2026-01-25T23:35:14.453406+00:00", "data": {"market": "0xbba6af484a0526014ab65f13ce5d4b9ccef10bb60990b7cda15449a74278d9f7", "price_changes": [{"asset_id": "38680163503239164597673994472690710418757422588099086148669090604626487074306", "price": "0.76", "size": "0", "side": "BUY", "hash": "cda7777163e756183f884fa6a94d9be14ec76b08", "best_bid": "0.71", "best_ask": "0.81"}, {"asset_id": "16489982559362393237953960328279843883759184729994443075761696608539651797290", "price": "0.24", "size": "0", "side": "SELL", "hash": "0f75bbfa373432001c3d84bc57f1c8f6fee66c4c", "best_bid": "0.19", "best_ask": "0.29"}], "timestamp": "1769384114388", "event_type": "price_change"}}
