{"_local_timestamp": "2026-01-25T23:40:57.055203+00:00", "data": [{"market": "0x322d05a11a55f13e2a8703be64e1a961f0a2ad9c036a445fae70a56127044dd4", "asset_id": "91745510706373103633484858609202849621235488222459899666052898232742112656369", "timestamp": "1769382720234", "hash": "ee446cc449de4f6d4233c6fda43203b791cb5104", "bids": [{"price": "0.01", "size": "124.29"}, {"price": "0.02", "size": "159.37"}, {"price": "0.03", "size": "33"}, {"price": "0.04", "size": "321.47"}, {"price": "0.05", "size": "325"}, {"price": "0.06", "size": "108"}, {"price": "0.07", "size": "6.46"}, {"price": "0.08", "size": "162.5"}, {"price": "0.09", "size": "61.11"}, {"price": "0.11", "size": "39"}, {"price": "0.12", "size": "6.98"}, {"price": "0.21", "size": "10"}], "asks": [{"price": "0.99", "size": "527.55"}, {"price": "0.98", "size": "930.97"}, {"price": "0.97", "size": "14.05"}, {"price": "0.94", "size": "192"}, {"price": "0.93", "size": "19.67"}], "event_type": "book", "last_trade_price": ""}, {"market": "0xd0596208df9109624f94723758a724824c7975a233aa91c9d3b863dc0092fdcd", "asset_id": "86039282244695135399958864095762313302480564420359406824433749812378224313785", "timestamp": "1769382483675", "hash": "c701c92a88e566e6a1485e38644be3852893637f", "bids": [{"price": "0.01", "size": "838.72"}, {"price": "0.02", "size": "159.13"}, {"price": "0.03", "size": "33"}, {"price": "0.04", "size": "321.26"}, {"price": "0.05", "size": "400"}, {"price": "0.06", "size": "33"}, {"price": "0.07", "size": "6.01"}, {"price": "0.1", "size": "130"}, {"price": "0.11", "size": "165"}, {"price": "0.12", "size": "7.4"}, {"price": "0.22", "size": "10"}], "asks": [{"price": "0.99", "size": "1242.55"}, {"price": "0.98", "size": "930.96"}, {"price": "0.97", "size": "264.05"}, {"price": "0.94", "size": "38.47"}], "event_type": "book", "last_trade_price": ""}, {"market": "0xb963650608a589220a429265577f9c707e4506eefece4a5b89c6f2f2f36fc91a", "asset_id": "62761378738679235676416765679843098277159924691677195501594502223251881917152", "timestamp": "1769382745051", "hash": "8d832a85ef2b73d62912a8414e545cf1a53c0496", "bids": [{"price": "0.01", "size": "1242.55"}, {"price": "0.02", "size": "930.96"}, {"price": "0.03", "size": "14.05"}, {"price": "0.06", "size": "207.7"}, {"price": "0.07", "size": "10.57"}], "asks": [{"price": "0.99", "size": "838.79"}, {"price": "0.98", "size": "158.38"}, {"price": "0.97", "size": "33"}, {"price": "0.96", "size": "321.38"}, {"price": "0.95", "size": "325"}, {"price": "0.94", "size": "108"}, {"price": "0.93", "size": "7.38"}, {"price": "0.9", "size": "130"}, {"price": "0.89", "size": "144"}, {"price": "0.88", "size": "91.66"}, {"price": "0.87", "size": "6.17"}, {"price": "0.78", "size": "10"}], "event_type": "book", "last_trade_price": ""}, {"market": "0xd0596208df9109624f94723758a724824c7975a233aa91c9d3b863dc0092fdcd", "asset_id": "18112171865588876734988169266445755973045653487765588891894819769511164631538", "timestamp": "1769382483675", "hash": "c10844aa464167a292730d5a78d0cda546be1868", "bids": [{"price": "0.01", "size": "1242.55"}, {"price": "0.02", "size": "930.96"}, {"price": "0.03", "size": "264.05"}, {"price": "0.06", "size": "38.47"}], "asks": [{"price": "0.99", "size": "838.72"}, {"price": "0.98", "size": "159.13"}, {"price": "0.97", "size": "33"}, {"price": "0.96", "size": "321.26"}, {"price": "0.95", "size": "400"}, {"price": "0.94", "size": "33"}, {"price": "0.93", "size": "6.01"}, {"price": "0.9", "size": "130"}, {"price": "0.89", "size": "165"}, {"price": "0.88", "size": "7.4"}, {"price": "0.78", "size": "10"}], "event_type": "book", "last_trade_price": ""}, {"market": "0x322d05a11a55f13e2a8703be64e1a961f0a2ad9c036a445fae70a56127044dd4", "asset_id": "75715174114425073099123744429900670893509282653120335745099993665960107802525", "timestamp": "1769382720234", "hash": "299bc05287d9fa2c80c58351d739d2bf85a75066", "bids": [{"price": "0.01", "size": "527.55"}, {"price": "0.02", "size": "930.97"}, {"price": "0.03", "size": "14.05"}, {"price": "0.06", "size": "192"}, {"price": "0.07", "size": "19.67"}], "asks": [{"price": "0.99", "size": "124.29"}, {"price": "0.98", "size": "159.37"}, {"price": "0.97", "size": "33"}, {"price": "0.96", "size": "321.47"}, {"price": "0.95", "size": "325"}, {"price": "0.94", "size": "108"}, {"price": "0.93", "size": "6.46"}, {"price": "0.92", "size": "162.5"}, {"price": "0.91", "size": "61.11"}, {"price": "0.89", "size": "39"}, {"price": "0.88", "size": "6.98"}, {"price": "0.79", "size": "10"}], "event_type": "book", "last_trade_price": ""}, {"market": "0xb963650608a589220a429265577f9c707e4506eefece4a5b89c6f2f2f36fc91a", "asset_id": "26256027966701805357508904318610913185230180748570823220778222122358977997841", "timestamp": "1769382745051", "hash": "2dee2bd79f9f91b4ca8e642e0b043c0591169059", "bids": [{"price": "0.01", "size": "838.79"}, {"price": "0.02", "size": "158.38"}, {"price": "0.03", "size": "33"}, {"price": "0.04", "size": "321.38"}, {"price": "0.05", "size": "325"}, {"price": "0.06", "size": "108"}, {"price": "0.07", "size": "7.38"}, {"price": "0.1", "size": "130"}, {"price": "0.11", "size": "144"}, {"price": "0.12", "size": "91.66"}, {"price": "0.13", "size": "6.17"}, {"price": "0.22", "size": "10"}], "asks": [{"price": "0.99", "size": "1242.55"}, {"price": "0.98", "size": "930.96"}, {"price": "0.97", "size": "14.05"}, {"price": "0.94", "size": "207.7"}, {"price": "0.93", "size": "10.57"}], "event_type": "book", "last_trade_price": ""}]}
{"_local_timestamp": "2026-01-25T23:41:27.176615+00:00", "data": {"market": "0xd0596208df9109624f94723758a724824c7975a233aa91c9d3b863dc0092fdcd", "price_changes": [{"asset_id": "86039282244695135399958864095762313302480564420359406824433749812378224313785", "price": "0.02", "size": "9.13", "side": "BUY", "hash": "06ba77a1371eda2df90862f3c13218520c5929f3", "best_bid": "0.22", "best_ask": "0.94"}, {"asset_id": "18112171865588876734988169266445755973045653487765588891894819769511164631538", "price": "0.98", "size": "9.13", "side": "SELL", "hash": "4e3cb47d1b79c50f9995e1661a650052979b002e", "best_bid": "0.06", "best_ask": "0.78"}], "timestamp": "1769384487000", "event_type": "price_change"}}
{"_local_timestamp": "2026-01-25T23:41:27.233391+00:00", "data": {"market": "0xd0596208df9109624f94723758a724824c7975a233aa91c9d3b863dc0092fdcd", "price_changes": [{"asset_id": "18112171865588876734988169266445755973045653487765588891894819769511164631538", "price": "0.02", "size": "780.96", "side": "BUY", "hash": "6a00d4ff4ee52095edce42cefe53bf9a21b09955", "best_bid": "0.06", "best_ask": "0.78"}, {"asset_id": "86039282244695135399958864095762313302480564420359406824433749812378224313785", "price": "0.98", "size": "780.96", "side": "SELL", "hash": "aecc9f27664842ca7fcc69f097172b3bf5c63130", "best_bid": "0.22", "best_ask": "0.94"}], "timestamp": "1769384487002", "event_type": "price_change"}}
{"_local_timestamp": "2026-01-25T23:41:33.859328+00:00", "data": {"market": "0xd0596208df9109624f94723758a724824c7975a233aa91c9d3b863dc0092fdcd", "price_changes": [{"asset_id": "86039282244695135399958864095762313302480564420359406824433749812378224313785", "price": "0.02", "size": "159.13", "side": "BUY", "hash": "2f6672ef5e0205be1df19d99358037219bc62405", "best_bid": "0.22", "best_ask": "0.94"}, {"asset_id": "18112171865588876734988169266445755973045653487765588891894819769511164631538", "price": "0.98", "size": "159.13", "side": "SELL", "hash": "3ce28d62bedd15b2fc169270561de2b8b5121568", "best_bid": "0.06", "best_ask": "0.78"}], "timestamp": "1769384493764", "event_type": "price_change"}}
{"_local_timestamp": "2026-01-25T23:41:33.876813+00:00", "data": {"market": "0xd0596208df9109624f94723758a724824c7975a233aa91c9d3b863dc0092fdcd", "price_changes": [{"asset_id": "18112171865588876734988169266445755973045653487765588891894819769511164631538", "price": "0.02", "size": "930.96", "side": "BUY", "hash": "606297f8a64a5b58339dcad26597d0e970050de8", "best_bid": "0.06", "best_ask": "0.78"}, {"asset_id": "86039282244695135399958864095762313302480564420359406824433749812378224313785", "price": "0.98", "size": "930.96", "side": "SELL", "hash": "b469cd5925c0e445ff87b3f28084fd1179adbe64", "best_bid": "0.22", "best_ask": "0.94"}], "timestamp": "1769384493766", "event_type": "price_change"}}
