{"_local_timestamp": "2026-01-25T23:41:13.233766+00:00", "data": [{"market": "0x8cc847b950f95ba7bba0eb7e4a8fc56de8b0165e6d0ad14794e46357d1f3b43e", "asset_id": "51378302594323084029703603866564940582252563074147098725707485964876498390246", "timestamp": "1769382484884", "hash": "63de8846b952f795ffbe36943a95126900dbafb1", "bids": [{"price": "0.01", "size": "166.03"}, {"price": "0.02", "size": "150"}, {"price": "0.03", "size": "27.98"}, {"price": "0.09", "size": "144.44"}, {"price": "0.1", "size": "110"}, {"price": "0.11", "size": "60"}, {"price": "0.16", "size": "125"}, {"price": "0.17", "size": "5.88"}], "asks": [{"price": "0.99", "size": "362.39"}, {"price": "0.98", "size": "430.89"}, {"price": "0.97", "size": "7.29"}, {"price": "0.95", "size": "10.78"}, {"price": "0.93", "size": "45.47"}, {"price": "0.91", "size": "233.32"}], "event_type": "book", "last_trade_price": ""}, {"market": "0xd989d5c60af59640bb74bea29b309f24f700292592bb6ee459e2cf699b358b8c", "asset_id": "55080111264856097781539703026388842081148747512357117403324051572793611764191", "timestamp": "1769382134801", "hash": "94018ee260220a9b188ca732d036f8fbec3803a3", "bids": [{"price": "0.01", "size": "266.03"}, {"price": "0.02", "size": "150"}, {"price": "0.03", "size": "11.24"}, {"price": "0.04", "size": "50"}, {"price": "0.05", "size": "40"}, {"price": "0.06", "size": "33"}, {"price": "0.07", "size": "78.57"}, {"price": "0.08", "size": "6.27"}, {"price": "0.1", "size": "130"}, {"price": "0.11", "size": "87"}, {"price": "0.16", "size": "125"}, {"price": "0.17", "size": "5.88"}], "asks": [{"price": "0.99", "size": "266.03"}, {"price": "0.98", "size": "150"}, {"price": "0.97", "size": "9.21"}, {"price": "0.95", "size": "40"}, {"price": "0.94", "size": "66"}, {"price": "0.93", "size": "13.51"}, {"price": "0.92", "size": "68.75"}, {"price": "0.9", "size": "130"}, {"price": "0.89", "size": "35"}, {"price": "0.84", "size": "125"}, {"price": "0.83", "size": "5.88"}], "event_type": "book", "last_trade_price": ""}, {"market": "0x8cc847b950f95ba7bba0eb7e4a8fc56de8b0165e6d0ad14794e46357d1f3b43e", "asset_id": "41872994886410177350838812324964981641722195494002147349573512378124716215062", "timestamp": "1769382484884", "hash": "e87ff94f85c6bc4c638778ca8cd0ed138199f45d", "bids": [{"price": "0.01", "size": "362.39"}, {"price": "0.02", "size": "430.89"}, {"price": "0.03", "size": "7.29"}, {"price": "0.05", "size": "10.78"}, {"price": "0.07", "size": "45.47"}, {"price": "0.09", "size": "233.32"}], "asks": [{"price": "0.99", "size": "166.03"}, {"price": "0.98", "size": "150"}, {"price": "0.97", "size": "27.98"}, {"price": "0.91", "size": "144.44"}, {"price": "0.9", "size": "110"}, {"price": "0.89", "size": "60"}, {"price": "0.84", "size": "125"}, {"price": "0.83", "size": "5.88"}], "event_type": "book", "last_trade_price": ""}, {"market": "0x4d3865db54a504820af005b5a030755a71370aea9cd32b1a2e23100e2cbf8ca7", "asset_id": "33729521643909871070283773176943367938880593422804346988980253243799037592459", "timestamp": "1769382483677", "hash": "b06d7436dcd460c243fdc1fce23e4105aeb05aeb", "bids": [{"price": "0.01", "size": "570.27"}, {"price": "0.02", "size": "160.16"}, {"price": "0.03", "size": "93.59"}, {"price": "0.05", "size": "13.39"}], "asks": [{"price": "0.99", "size": "650"}, {"price": "0.98", "size": "392"}], "event_type": "book", "last_trade_price": ""}, {"market": "0xd989d5c60af59640bb74bea29b309f24f700292592bb6ee459e2cf699b358b8c", "asset_id": "5878339494482812006445525783530319946471481093022144481133904191059162498887", "timestamp": "1769382134801", "hash": "7d06f0afa1273731b2a195dc5da034820b9de61f", "bids": [{"price": "0.01", "size": "266.03"}, {"price": "0.02", "size": "150"}, {"price": "0.03", "size": "9.21"}, {"price": "0.05", "size": "40"}, {"price": "0.06", "size": "66"}, {"price": "0.07", "size": "13.51"}, {"price": "0.08", "size": "68.75"}, {"price": "0.1", "size": "130"}, {"price": "0.11", "size": "35"}, {"price": "0.16", "size": "125"}, {"price": "0.17", "size": "5.88"}], "asks": [{"price": "0.99", "size": "266.03"}, {"price": "0.98", "size": "150"}, {"price": "0.97", "size": "11.24"}, {"price": "0.96", "size": "50"}, {"price": "0.95", "size": "40"}, {"price": "0.94", "size": "33"}, {"price": "0.93", "size": "78.57"}, {"price": "0.92", "size": "6.27"}, {"price": "0.9", "size": "130"}, {"price": "0.89", "size": "87"}, {"price": "0.84", "size": "125"}, {"price": "0.83", "size": "5.88"}], "event_type": "book", "last_trade_price": ""}, {"market": "0x4d3865db54a504820af005b5a030755a71370aea9cd32b1a2e23100e2cbf8ca7", "asset_id": "101217528981172599492414337481616464918025066340289336333605390753840448371543", "timestamp": "1769382483677", "hash": "1641b1c981f977ca1abd1795012ffea4bf081422", "bids": [{"price": "0.01", "size": "650"}, {"price": "0.02", "size": "392"}], "asks": [{"price": "0.99", "size": "570.27"}, {"price": "0.98", "size": "160.16"}, {"price": "0.97", "size": "93.59"}, {"price": "0.95", "size": "13.39"}], "event_type": "book", "last_trade_price": ""}, {"market": "0x3bf0085fbb3fdeb191877caf6c1e9493184748b3d6637d26cf3925987bde0c90", "asset_id": "30729423264324116781923863629986173709081194514639051360490454762181716754847", "timestamp": "1769384383822", "hash": "b74b983f8e378f540cc07d409be6be86f7cdf330", "bids": [{"price": "0.01", "size": "550"}, {"price": "0.02", "size": "392"}], "asks": [{"price": "0.99", "size": "569.87"}, {"price": "0.98", "size": "156.69"}, {"price": "0.97", "size": "92.98"}, {"price": "0.96", "size": "12.19"}, {"price": "0.95", "size": "5.47"}], "event_type": "book", "last_trade_price": ""}, {"market": "0x4bc4cd13aed039a2a8898306f83afd4ba00262706cb42e2e6fe050bd8ec874be", "asset_id": "51469536958404651143520263748511825495273779714817709001191703816659344635986", "timestamp": "1769382483682", "hash": "24724c8b1539089dfc3ddadaac9f9430fb58eef9", "bids": [{"price": "0.01", "size": "569.26"}, {"price": "0.02", "size": "24.42"}, {"price": "0.03", "size": "116"}, {"price": "0.05", "size": "11.84"}], "asks": [{"price": "0.99", "size": "550"}, {"price": "0.98", "size": "150"}], "event_type": "book", "last_trade_price": ""}, {"market": "0x093679f3784d39fee108c1c39b5010ed93ccdd49329302ae7dc38b2467e3848d", "asset_id": "15605910247619069768699957707463796187721115257056308912708128451623676497604", "timestamp": "1769384383824", "hash": "a63d401bdaae730a1b0c2ad6591dc8261a4fbd97", "bids": [{"price": "0.01", "size": "572.03"}, {"price": "0.02", "size": "160.56"}, {"price": "0.03", "size": "93.63"}, {"price": "0.04", "size": "14.7"}], "asks": [{"price": "0.99", "size": "550"}, {"price": "0.98", "size": "392"}], "event_type": "book", "last_trade_price": ""}, {"market": "0x3bf0085fbb3fdeb191877caf6c1e9493184748b3d6637d26cf3925987bde0c90", "asset_id": "68231328392439168290865405076456436070224157432971053117501145287646240296030", "timestamp": "1769384383822", "hash": "1ee822df9aa5644d411c3835feea79a1d96831d2", "bids": [{"price": "0.01", "size": "569.87"}, {"price": "0.02", "size": "156.69"}, {"price": "0.03", "size": "92.98"}, {"price": "0.04", "size": "12.19"}, {"price": "0.05", "size": "5.47"}], "asks": [{"price": "0.99", "size": "550"}, {"price": "0.98", "size": "392"}], "event_type": "book", "last_trade_price": ""}, {"market": "0x093679f3784d39fee108c1c39b5010ed93ccdd49329302ae7dc38b2467e3848d", "asset_id": "78777812676822840923743104712553591293995232302195952431872732775724961506231", "timestamp": "1769384383824", "hash": "6b515cc5db195faaa82dd137bdd299b18433b929", "bids": [{"price": "0.01", "size": "550"}, {"price": "0.02", "size": "392"}], "asks": [{"price": "0.99", "size": "572.03"}, {"price": "0.98", "size": "160.56"}, {"price": "0.97", "size": "93.63"}, {"price": "0.96", "size": "14.7"}], "event_type": "book", "last_trade_price": ""}, {"market": "0x4bc4cd13aed039a2a8898306f83afd4ba00262706cb42e2e6fe050bd8ec874be", "asset_id": "103270761293890837703344839662449656376368827444057099852905364929267479041335", "timestamp": "1769382483682", "hash": "5cd2dda1271c2d61ce9a6b6ff293a9b572be206e", "bids": [{"price": "0.01", "size": "550"}, {"price": "0.02", "size": "150"}], "asks": [{"price": "0.99", "size": "569.26"}, {"price": "0.98", "size": "24.42"}, {"price": "0.97", "size": "116"}, {"price": "0.95", "size": "11.84"}], "event_type": "book", "last_trade_price": ""}]}
