{"_local_timestamp": "2026-01-25T23:33:48.342136+00:00", "data": [{"market": "0xe0de7ddf0098e78de7dbde5cc4bbb38bcf40d4bf98331e69f7ae11901c0bc99a", "asset_id": "26587323398798532665520443949817973224589820268318387090718248146395070089265", "timestamp": "1769383349799", "hash": "71de644f534bb7d5988df1c977283d3a1f560494", "bids": [{"price": "0.01", "size": "527.59"}, {"price": "0.02", "size": "736.66"}, {"price": "0.03", "size": "200"}, {"price": "0.04", "size": "169.68"}, {"price": "0.05", "size": "9.75"}, {"price": "0.07", "size": "10.57"}], "asks": [{"price": "0.99", "size": "127.24"}, {"price": "0.98", "size": "850"}, {"price": "0.97", "size": "10.27"}, {"price": "0.95", "size": "30"}, {"price": "0.94", "size": "33"}, {"price": "0.93", "size": "21.7"}, {"price": "0.82", "size": "300"}, {"price": "0.79", "size": "200"}, {"price": "0.78", "size": "125"}, {"price": "0.76", "size": "75"}, {"price": "0.75", "size": "37"}, {"price": "0.68", "size": "40.62"}, {"price": "0.67", "size": "33.33"}, {"price": "0.66", "size": "158"}, {"price": "0.49", "size": "10"}, {"price": "0.48", "size": "79"}], "event_type": "book", "last_trade_price": ""}, {"market": "0x190cd7e3edd6f137a0572f23d296cbcbb565d226154db8c4947893c4166ecf57", "asset_id": "30309888188074369639523310196008949616854829291586862385970169569981781853610", "timestamp": "1769383585386", "hash": "df6f9e6ccb49026570ea696ee0b1c7f3d2fc17b4", "bids": [{"price": "0.01", "size": "1026.79"}, {"price": "0.02", "size": "156.73"}, {"price": "0.03", "size": "6.91"}, {"price": "0.04", "size": "625"}, {"price": "0.05", "size": "105"}, {"price": "0.06", "size": "13.86"}, {"price": "0.09", "size": "144.44"}, {"price": "0.1", "size": "78.1"}, {"price": "0.11", "size": "100"}, {"price": "0.12", "size": "8.5"}, {"price": "0.13", "size": "5.37"}, {"price": "0.22", "size": "10"}], "asks": [{"price": "0.99", "size": "1019"}, {"price": "0.98", "size": "934.66"}, {"price": "0.94", "size": "33"}, {"price": "0.93", "size": "16"}, {"price": "0.92", "size": "5.91"}, {"price": "0.77", "size": "300"}, {"price": "0.74", "size": "200"}, {"price": "0.72", "size": "125"}, {"price": "0.7", "size": "75"}, {"price": "0.69", "size": "41.93"}, {"price": "0.68", "size": "34.37"}, {"price": "0.67", "size": "8.5"}, {"price": "0.5", "size": "70"}, {"price": "0.49", "size": "35"}], "event_type": "book", "last_trade_price": ""}, {"market": "0xac542405d717ffcfd1f7b222e5038f633ec88c5f43454aec3ede7186f911f906", "asset_id": "102773857628691890720226572906463703959164555209584465671255778291515569410157", "timestamp": "1769383259361", "hash": "b82aa714d1d2a38eb48e5b9c2eee9f9cbce373e5", "bids": [{"price": "0.01", "size": "1030.4"}, {"price": "0.02", "size": "850"}, {"price": "0.03", "size": "13.37"}, {"price": "0.05", "size": "530"}, {"price": "0.06", "size": "33"}, {"price": "0.08", "size": "300"}, {"price": "0.1", "size": "14.34"}, {"price": "0.22", "size": "300"}, {"price": "0.24", "size": "200"}, {"price": "0.26", "size": "125"}, {"price": "0.27", "size": "62"}, {"price": "0.28", "size": "75"}, {"price": "0.36", "size": "36.11"}, {"price": "0.37", "size": "29.72"}, {"price": "0.4", "size": "10"}, {"price": "0.41", "size": "276"}], "asks": [{"price": "0.99", "size": "1731.58"}, {"price": "0.98", "size": "630.97"}, {"price": "0.97", "size": "14.04"}, {"price": "0.96", "size": "125"}, {"price": "0.95", "size": "6"}, {"price": "0.94", "size": "7.5"}, {"price": "0.93", "size": "10.57"}], "event_type": "book", "last_trade_price": ""}, {"market": "0x190cd7e3edd6f137a0572f23d296cbcbb565d226154db8c4947893c4166ecf57", "asset_id": "44617737427665355865224404702707590090375057487628982105563706778854695428102", "timestamp": "1769383585386", "hash": "4f09e1ea2ef1851c64723f74ce24de0e1d7c316d", "bids": [{"price": "0.01", "size": "1019"}, {"price": "0.02", "size": "934.66"}, {"price": "0.06", "size": "33"}, {"price": "0.07", "size": "16"}, {"price": "0.08", "size": "5.91"}, {"price": "0.23", "size": "300"}, {"price": "0.26", "size": "200"}, {"price": "0.28", "size": "125"}, {"price": "0.3", "size": "75"}, {"price": "0.31", "size": "41.93"}, {"price": "0.32", "size": "34.37"}, {"price": "0.33", "size": "8.5"}, {"price": "0.5", "size": "70"}, {"price": "0.51", "size": "35"}], "asks": [{"price": "0.99", "size": "1026.79"}, {"price": "0.98", "size": "156.73"}, {"price": "0.97", "size": "6.91"}, {"price": "0.96", "size": "625"}, {"price": "0.95", "size": "105"}, {"price": "0.94", "size": "13.86"}, {"price": "0.91", "size": "144.44"}, {"price": "0.9", "size": "78.1"}, {"price": "0.89", "size": "100"}, {"price": "0.88", "size": "8.5"}, {"price": "0.87", "size": "5.37"}, {"price": "0.78", "size": "10"}], "event_type": "book", "last_trade_price": ""}, {"market": "0xe0de7ddf0098e78de7dbde5cc4bbb38bcf40d4bf98331e69f7ae11901c0bc99a", "asset_id": "36015848217747435324795578642726018728623512516031088761043770920557315726371", "timestamp": "1769383349799", "hash": "4849164025208701cf77bf838f3517c0c384eef1", "bids": [{"price": "0.01", "size": "127.24"}, {"price": "0.02", "size": "850"}, {"price": "0.03", "size": "10.27"}, {"price": "0.05", "size": "30"}, {"price": "0.06", "size": "33"}, {"price": "0.07", "size": "21.7"}, {"price": "0.18", "size": "300"}, {"price": "0.21", "size": "200"}, {"price": "0.22", "size": "125"}, {"price": "0.24", "size": "75"}, {"price": "0.25", "size": "37"}, {"price": "0.32", "size": "40.62"}, {"price": "0.33", "size": "33.33"}, {"price": "0.34", "size": "158"}, {"price": "0.51", "size": "10"}, {"price": "0.52", "size": "79"}], "asks": [{"price": "0.99", "size": "527.59"}, {"price": "0.98", "size": "736.66"}, {"price": "0.97", "size": "200"}, {"price": "0.96", "size": "169.68"}, {"price": "0.95", "size": "9.75"}, {"price": "0.93", "size": "10.57"}], "event_type": "book", "last_trade_price": ""}, {"market": "0xac542405d717ffcfd1f7b222e5038f633ec88c5f43454aec3ede7186f911f906", "asset_id": "37583410503858435956821926339170655531329784012343524156584968983350109284745", "timestamp": "1769383259361", "hash": "1a55918a18d39daa8ac87e5e84c2b14d77e40d95", "bids": [{"price": "0.01", "size": "1731.58"}, {"price": "0.02", "size": "630.97"}, {"price": "0.03", "size": "14.04"}, {"price": "0.04", "size": "125"}, {"price": "0.05", "size": "6"}, {"price": "0.06", "size": "7.5"}, {"price": "0.07", "size": "10.57"}], "asks": [{"price": "0.99", "size": "1030.4"}, {"price": "0.98", "size": "850"}, {"price": "0.97", "size": "13.37"}, {"price": "0.95", "size": "530"}, {"price": "0.94", "size": "33"}, {"price": "0.92", "size": "300"}, {"price": "0.9", "size": "14.34"}, {"price": "0.78", "size": "300"}, {"price": "0.76", "size": "200"}, {"price": "0.74", "size": "125"}, {"price": "0.73", "size": "62"}, {"price": "0.72", "size": "75"}, {"price": "0.64", "size": "36.11"}, {"price": "0.63", "size": "29.72"}, {"price": "0.6", "size": "10"}, {"price": "0.59", "size": "276"}], "event_type": "book", "last_trade_price": ""}]}
{"_local_timestamp": "2026-01-25T23:33:59.194585+00:00", "data": {"market": "0xac542405d717ffcfd1f7b222e5038f633ec88c5f43454aec3ede7186f911f906", "price_changes": [{"asset_id": "102773857628691890720226572906463703959164555209584465671255778291515569410157", "price": "0.1", "size": "0", "side": "BUY", "hash": "6e299ea55eff6383c6cf4e7e54b670ee85758e3e", "best_bid": "0.41", "best_ask": "0.93"}, {"asset_id": "37583410503858435956821926339170655531329784012343524156584968983350109284745", "price": "0.9", "size": "0", "side": "SELL", "hash": "418e0eb38bd27c361d55ca8a7702360cf017bd4f", "best_bid": "0.07", "best_ask": "0.59"}], "timestamp": "1769384039111", "event_type": "price_change"}}
{"_local_timestamp": "2026-01-25T23:33:59.197484+00:00", "data": {"market": "0x190cd7e3edd6f137a0572f23d296cbcbb565d226154db8c4947893c4166ecf57", "price_changes": [{"asset_id": "30309888188074369639523310196008949616854829291586862385970169569981781853610", "price": "0.06", "size": "0", "side": "BUY", "hash": "230343826c3ade95357936d8505dfbeff1a3fab1", "best_bid": "0.22", "best_ask": "0.49"}, {"asset_id": "44617737427665355865224404702707590090375057487628982105563706778854695428102", "price": "0.94", "size": "0", "side": "SELL", "hash": "1e93b43d1dc4a510dff2e75425778cff0959bd59", "best_bid": "0.51", "best_ask": "0.78"}], "timestamp": "1769384039111", "event_type": "price_change"}}
{"_local_timestamp": "2026-01-25T23:33:59.988371+00:00", "data": {"market": "0x190cd7e3edd6f137a0572f23d296cbcbb565d226154db8c4947893c4166ecf57", "price_changes": [{"asset_id": "30309888188074369639523310196008949616854829291586862385970169569981781853610", "price": "0.03", "size": "15.25", "side": "BUY", "hash": "5b67013cd5469928dae5a2b571e32e05157d071d", "best_bid": "0.22", "best_ask": "0.49"}, {"asset_id": "44617737427665355865224404702707590090375057487628982105563706778854695428102", "price": "0.97", "size": "15.25", "side": "SELL", "hash": "dddf0f78ba7454a814c4e74e208ff605f12c31e0", "best_bid": "0.51", "best_ask": "0.78"}], "timestamp": "1769384039915", "event_type": "price_change"}}
{"_local_timestamp": "2026-01-25T23:33:59.989125+00:00", "data": {"market": "0x190cd7e3edd6f137a0572f23d296cbcbb565d226154db8c4947893c4166ecf57", "price_changes": [{"asset_id": "30309888188074369639523310196008949616854829291586862385970169569981781853610", "price": "0.07", "size": "8.3", "side": "BUY", "hash": "e1d7b05caccf83c17492feb777d216f03103fd38", "best_bid": "0.22", "best_ask": "0.49"}, {"asset_id": "44617737427665355865224404702707590090375057487628982105563706778854695428102", "price": "0.93", "size": "8.3", "side": "SELL", "hash": "94a2975f776c8935f5699a8bc47965f4f067d839", "best_bid": "0.51", "best_ask": "0.78"}], "timestamp": "1769384039917", "event_type": "price_change"}}
{"_local_timestamp": "2026-01-25T23:34:00.124613+00:00", "data": {"market": "0xac542405d717ffcfd1f7b222e5038f633ec88c5f43454aec3ede7186f911f906", "price_changes": [{"asset_id": "102773857628691890720226572906463703959164555209584465671255778291515569410157", "price": "0.11", "size": "10.07", "side": "BUY", "hash": "4c1077a019653222cfd27c1910726a9edf728703", "best_bid": "0.41", "best_ask": "0.93"}, {"asset_id": "37583410503858435956821926339170655531329784012343524156584968983350109284745", "price": "0.89", "size": "10.07", "side": "SELL", "hash": "77a877fb8fcb44b9793020f4c2d9386df3c8d7de", "best_bid": "0.07", "best_ask": "0.59"}], "timestamp": "1769384040052", "event_type": "price_change"}}
{"_local_timestamp": "2026-01-25T23:34:00.125907+00:00", "data": {"market": "0xac542405d717ffcfd1f7b222e5038f633ec88c5f43454aec3ede7186f911f906", "price_changes": [{"asset_id": "102773857628691890720226572906463703959164555209584465671255778291515569410157", "price": "0.06", "size": "38.44", "side": "BUY", "hash": "97c3a3a90cd3fbde48cb2328b8576f8fc9b17fa6", "best_bid": "0.41", "best_ask": "0.93"}, {"asset_id": "37583410503858435956821926339170655531329784012343524156584968983350109284745", "price": "0.94", "size": "38.44", "side": "SELL", "hash": "eeda5fe7c6b3ec084c056843b7191b80cd88c5be", "best_bid": "0.07", "best_ask": "0.59"}], "timestamp": "1769384040054", "event_type": "price_change"}}
