{"_local_timestamp": "2026-01-25T23:33:48.339898+00:00", "data": [{"market": "0x24bfcb8250fba1687d50f236b77e1c77f13b00ff04dd5a41c4512a6098d3f7e3", "asset_id": "94231283405529134317889327181981743284407949137635138741570514188479640508601", "timestamp": "1769384006193", "hash": "3a9cf48fe15a24191e9d32b8400ac7b8cc46047b", "bids": [{"price": "0.01", "size": "1019"}, {"price": "0.02", "size": "934.4"}, {"price": "0.06", "size": "33"}, {"price": "0.07", "size": "191.18"}, {"price": "0.08", "size": "97.98"}, {"price": "0.09", "size": "61.11"}], "asks": [{"price": "0.99", "size": "1023.06"}, {"price": "0.98", "size": "155.2"}, {"price": "0.97", "size": "12.63"}, {"price": "0.95", "size": "330"}, {"price": "0.94", "size": "358"}, {"price": "0.93", "size": "75"}, {"price": "0.92", "size": "46.05"}, {"price": "0.88", "size": "108.33"}, {"price": "0.87", "size": "84.61"}, {"price": "0.86", "size": "6.73"}, {"price": "0.69", "size": "10"}], "event_type": "book", "last_trade_price": ""}, {"market": "0x434264f84e920a7f45606a571b89a388c2f739c87035cd13955e3aaff1aeff7c", "asset_id": "23459150480127632467845604002538874658266653406956858653055152820713340079621", "timestamp": "1769384024837", "hash": "66d094fbbb8a5ca1b2251204ca085761edb24272", "bids": [{"price": "0.01", "size": "123.77"}, {"price": "0.02", "size": "856.64"}, {"price": "0.03", "size": "16.21"}, {"price": "0.05", "size": "530"}, {"price": "0.06", "size": "233"}, {"price": "0.07", "size": "6.01"}, {"price": "0.09", "size": "144.44"}, {"price": "0.1", "size": "410"}, {"price": "0.11", "size": "7.47"}, {"price": "0.14", "size": "42"}, {"price": "0.23", "size": "10"}], "asks": [{"price": "0.99", "size": "127.02"}, {"price": "0.98", "size": "925"}, {"price": "0.97", "size": "18.21"}, {"price": "0.94", "size": "38.47"}, {"price": "0.92", "size": "162.5"}, {"price": "0.91", "size": "142.11"}], "event_type": "book", "last_trade_price": ""}, {"market": "0x24bfcb8250fba1687d50f236b77e1c77f13b00ff04dd5a41c4512a6098d3f7e3", "asset_id": "64570268323883556290688028931166476281140811508624002884431343771897622253427", "timestamp": "1769384006193", "hash": "393a9ab4aa38200344613d9c90dfff27ab4baabf", "bids": [{"price": "0.01", "size": "1023.06"}, {"price": "0.02", "size": "155.2"}, {"price": "0.03", "size": "12.63"}, {"price": "0.05", "size": "330"}, {"price": "0.06", "size": "358"}, {"price": "0.07", "size": "75"}, {"price": "0.08", "size": "46.05"}, {"price": "0.12", "size": "108.33"}, {"price": "0.13", "size": "84.61"}, {"price": "0.14", "size": "6.73"}, {"price": "0.31", "size": "10"}], "asks": [{"price": "0.99", "size": "1019"}, {"price": "0.98", "size": "934.4"}, {"price": "0.94", "size": "33"}, {"price": "0.93", "size": "191.18"}, {"price": "0.92", "size": "97.98"}, {"price": "0.91", "size": "61.11"}], "event_type": "book", "last_trade_price": ""}, {"market": "0x434264f84e920a7f45606a571b89a388c2f739c87035cd13955e3aaff1aeff7c", "asset_id": "108366007227833754252675015255930078887109428177799286043996586756965140581231", "timestamp": "1769384024837", "hash": "b3b0bcb56e092a4b575cfa6042051d28972e6fed", "bids": [{"price": "0.01", "size": "127.02"}, {"price": "0.02", "size": "925"}, {"price": "0.03", "size": "18.21"}, {"price": "0.06", "size": "38.47"}, {"price": "0.08", "size": "162.5"}, {"price": "0.09", "size": "142.11"}], "asks": [{"price": "0.99", "size": "123.77"}, {"price": "0.98", "size": "856.64"}, {"price": "0.97", "size": "16.21"}, {"price": "0.95", "size": "530"}, {"price": "0.94", "size": "233"}, {"price": "0.93", "size": "6.01"}, {"price": "0.91", "size": "144.44"}, {"price": "0.9", "size": "410"}, {"price": "0.89", "size": "7.47"}, {"price": "0.86", "size": "42"}, {"price": "0.77", "size": "10"}], "event_type": "book", "last_trade_price": ""}, {"market": "0xb01721eb05f621b2c25c8dc859d42718bcb3e87c4638a7fdd5e6a716fa00a9d3", "asset_id": "90614433319374299553115677905075498169539851885665969439748965028529516520137", "timestamp": "1769384024837", "hash": "3a9cb61bbaf09a0999ea3c27983b423edb2a5152", "bids": [{"price": "0.01", "size": "1026.59"}, {"price": "0.02", "size": "856.07"}, {"price": "0.03", "size": "14.8"}, {"price": "0.05", "size": "330"}, {"price": "0.06", "size": "358"}, {"price": "0.07", "size": "81.23"}, {"price": "0.11", "size": "218.18"}, {"price": "0.12", "size": "7.26"}, {"price": "0.15", "size": "73.33"}, {"price": "0.16", "size": "36"}, {"price": "0.26", "size": "10"}], "asks": [{"price": "0.99", "size": "1438.27"}, {"price": "0.98", "size": "925"}, {"price": "0.97", "size": "5.8"}, {"price": "0.95", "size": "5.99"}, {"price": "0.94", "size": "168.47"}, {"price": "0.92", "size": "12.5"}], "event_type": "book", "last_trade_price": ""}, {"market": "0xb01721eb05f621b2c25c8dc859d42718bcb3e87c4638a7fdd5e6a716fa00a9d3", "asset_id": "63084735756671376504163662598558082977001517662093107588787617090856242129079", "timestamp": "1769384024837", "hash": "9030168f51e6c8be6a429290f7fc3f817ef602b7", "bids": [{"price": "0.01", "size": "1438.27"}, {"price": "0.02", "size": "925"}, {"price": "0.03", "size": "5.8"}, {"price": "0.05", "size": "5.99"}, {"price": "0.06", "size": "168.47"}, {"price": "0.08", "size": "12.5"}], "asks": [{"price": "0.99", "size": "1026.59"}, {"price": "0.98", "size": "856.07"}, {"price": "0.97", "size": "14.8"}, {"price": "0.95", "size": "330"}, {"price": "0.94", "size": "358"}, {"price": "0.93", "size": "81.23"}, {"price": "0.89", "size": "218.18"}, {"price": "0.88", "size": "7.26"}, {"price": "0.85", "size": "73.33"}, {"price": "0.84", "size": "36"}, {"price": "0.74", "size": "10"}], "event_type": "book", "last_trade_price": ""}]}
{"_local_timestamp": "2026-01-25T23:33:58.730089+00:00", "data": {"market": "0x24bfcb8250fba1687d50f236b77e1c77f13b00ff04dd5a41c4512a6098d3f7e3", "price_changes": [{"asset_id": "94231283405529134317889327181981743284407949137635138741570514188479640508601", "price": "0.08", "size": "92", "side": "BUY", "hash": "31f7217fed934f907480a3f6d045a86c1948da0e", "best_bid": "0.09", "best_ask": "0.69"}, {"asset_id": "64570268323883556290688028931166476281140811508624002884431343771897622253427", "price": "0.92", "size": "92", "side": "SELL", "hash": "8c99768cd58d919152ae8409a1ea5ca599c7ec6e", "best_bid": "0.31", "best_ask": "0.91"}], "timestamp": "1769384038650", "event_type": "price_change"}}
