{"_local_timestamp": "2026-01-25T23:41:13.233737+00:00", "data": [{"market": "0xcb22edba1ba0319572719c7f2efbe67851e1f70d5256a757a09b7d1036f479fb", "asset_id": "23394671012340474851599702684540512551504853145622887187217967877685381667664", "timestamp": "1769384379421", "hash": "6ca704b2116563afb63b87e8a90e9f504f30980d", "bids": [{"price": "0.01", "size": "569.87"}, {"price": "0.02", "size": "156.69"}, {"price": "0.03", "size": "97.18"}, {"price": "0.05", "size": "15.11"}], "asks": [{"price": "0.99", "size": "550"}, {"price": "0.98", "size": "388"}], "event_type": "book", "last_trade_price": ""}, {"market": "0xf7750f41df96425d24f127186d2256cc7995cc8ee43009d9d5e018d22532751e", "asset_id": "72027224201218873152405022819566945188912612289553140080241909570298939936449", "timestamp": "1769382721344", "hash": "5b9f6b7c785b911b8bd40fc423ff1fcc1c35194f", "bids": [{"price": "0.01", "size": "166.03"}, {"price": "0.02", "size": "150"}, {"price": "0.03", "size": "27.98"}, {"price": "0.09", "size": "144.44"}, {"price": "0.1", "size": "110"}, {"price": "0.11", "size": "85"}, {"price": "0.16", "size": "125"}, {"price": "0.17", "size": "5.88"}], "asks": [{"price": "0.99", "size": "362.39"}, {"price": "0.98", "size": "430.89"}, {"price": "0.97", "size": "25.27"}, {"price": "0.93", "size": "32.47"}, {"price": "0.92", "size": "250"}, {"price": "0.91", "size": "11.1"}], "event_type": "book", "last_trade_price": ""}, {"market": "0x68f598fa2ea39e9f15063a7cd5cbf2da8b7f9d78336114aa244b354460218151", "asset_id": "25513308901128180597018926099591604108505583394847678618869669206152820542810", "timestamp": "1769382798527", "hash": "dff11bb9882cf37edc9ea6811ff38157e351ba28", "bids": [{"price": "0.01", "size": "266.61"}, {"price": "0.02", "size": "150"}, {"price": "0.03", "size": "9.54"}, {"price": "0.04", "size": "50"}, {"price": "0.05", "size": "40"}, {"price": "0.06", "size": "33"}, {"price": "0.07", "size": "7.81"}, {"price": "0.08", "size": "162.5"}, {"price": "0.09", "size": "61.11"}, {"price": "0.1", "size": "60"}, {"price": "0.15", "size": "133.33"}, {"price": "0.16", "size": "6.25"}], "asks": [{"price": "0.99", "size": "266.61"}, {"price": "0.98", "size": "150"}, {"price": "0.97", "size": "11.65"}, {"price": "0.95", "size": "40"}, {"price": "0.94", "size": "66"}, {"price": "0.93", "size": "12.39"}, {"price": "0.92", "size": "162.5"}, {"price": "0.91", "size": "61.11"}, {"price": "0.89", "size": "60"}, {"price": "0.84", "size": "125"}], "event_type": "book", "last_trade_price": ""}, {"market": "0xb83741a15298601131989bc07fe915a4d47c68cf55737d535023f12c144c9318", "asset_id": "108188551174229258574525727760493681235828037899072693084259547578636155298", "timestamp": "1769384382782", "hash": "214590cf923ff1f131985942e106ce38d62f59e9", "bids": [{"price": "0.01", "size": "564.79"}, {"price": "0.02", "size": "13.72"}, {"price": "0.03", "size": "119"}, {"price": "0.04", "size": "14.44"}, {"price": "0.05", "size": "5.47"}], "asks": [{"price": "0.99", "size": "550"}, {"price": "0.98", "size": "242"}], "event_type": "book", "last_trade_price": ""}, {"market": "0xf7750f41df96425d24f127186d2256cc7995cc8ee43009d9d5e018d22532751e", "asset_id": "89744866661615958032745348333902179282827798306122547438947571386675717481131", "timestamp": "1769382721344", "hash": "05ec09cbc74dfe708df0061f6993e5867579cf3a", "bids": [{"price": "0.01", "size": "362.39"}, {"price": "0.02", "size": "430.89"}, {"price": "0.03", "size": "25.27"}, {"price": "0.07", "size": "32.47"}, {"price": "0.08", "size": "250"}, {"price": "0.09", "size": "11.1"}], "asks": [{"price": "0.99", "size": "166.03"}, {"price": "0.98", "size": "150"}, {"price": "0.97", "size": "27.98"}, {"price": "0.91", "size": "144.44"}, {"price": "0.9", "size": "110"}, {"price": "0.89", "size": "85"}, {"price": "0.84", "size": "125"}, {"price": "0.83", "size": "5.88"}], "event_type": "book", "last_trade_price": ""}, {"market": "0xb83741a15298601131989bc07fe915a4d47c68cf55737d535023f12c144c9318", "asset_id": "49627308263254328469630267959020221948706072436250412200877226991464063020855", "timestamp": "1769384382782", "hash": "281a352f12a68b20be6aab6f2526333d2b4ceac5", "bids": [{"price": "0.01", "size": "550"}, {"price": "0.02", "size": "242"}], "asks": [{"price": "0.99", "size": "564.79"}, {"price": "0.98", "size": "13.72"}, {"price": "0.97", "size": "119"}, {"price": "0.96", "size": "14.44"}, {"price": "0.95", "size": "5.47"}], "event_type": "book", "last_trade_price": ""}, {"market": "0xcb22edba1ba0319572719c7f2efbe67851e1f70d5256a757a09b7d1036f479fb", "asset_id": "90804922090412291571197531864059643842854303714913586029288266697904444535318", "timestamp": "1769384379421", "hash": "2bb8a27fa98e0b1c3904e5accb3ab58ac9ddaba7", "bids": [{"price": "0.01", "size": "550"}, {"price": "0.02", "size": "388"}], "asks": [{"price": "0.99", "size": "569.87"}, {"price": "0.98", "size": "156.69"}, {"price": "0.97", "size": "97.18"}, {"price": "0.95", "size": "15.11"}], "event_type": "book", "last_trade_price": ""}, {"market": "0x68f598fa2ea39e9f15063a7cd5cbf2da8b7f9d78336114aa244b354460218151", "asset_id": "25036637849857687752092184772687898064246320364568136563963082464495143882186", "timestamp": "1769382798527", "hash": "797da8d720030d327eb8f73505439afe030fb275", "bids": [{"price": "0.01", "size": "266.61"}, {"price": "0.02", "size": "150"}, {"price": "0.03", "size": "11.65"}, {"price": "0.05", "size": "40"}, {"price": "0.06", "size": "66"}, {"price": "0.07", "size": "12.39"}, {"price": "0.08", "size": "162.5"}, {"price": "0.09", "size": "61.11"}, {"price": "0.11", "size": "60"}, {"price": "0.16", "size": "125"}], "asks": [{"price": "0.99", "size": "266.61"}, {"price": "0.98", "size": "150"}, {"price": "0.97", "size": "9.54"}, {"price": "0.96", "size": "50"}, {"price": "0.95", "size": "40"}, {"price": "0.94", "size": "33"}, {"price": "0.93", "size": "7.81"}, {"price": "0.92", "size": "162.5"}, {"price": "0.91", "size": "61.11"}, {"price": "0.9", "size": "60"}, {"price": "0.85", "size": "133.33"}, {"price": "0.84", "size": "6.25"}], "event_type": "book", "last_trade_price": ""}, {"market": "0xaef915e73e436be572946020926c1f75b35a8a1cf216eab59fb92acda017d0ac", "asset_id": "19066369976694060721087771353865875814276738210378803075140480298220627602599", "timestamp": "1769382588158", "hash": "54af76e2f0fe75bf0ec3f5d78c4d7dcb2760b310", "bids": [{"price": "0.01", "size": "570.16"}, {"price": "0.02", "size": "156.69"}, {"price": "0.03", "size": "99.79"}, {"price": "0.05", "size": "13.48"}], "asks": [{"price": "0.99", "size": "550"}, {"price": "0.98", "size": "388"}], "event_type": "book", "last_trade_price": ""}, {"market": "0x1c393d1dfd286505f0d44b836fb8967d743b21ad5abf87984f2741cd000334b0", "asset_id": "75277570550787915008548164010397336933175880205087021484510338840463761230274", "timestamp": "1769382623702", "hash": "1953be8cceb2be4e35f0276da5b92053f8cae562", "bids": [{"price": "0.01", "size": "569.87"}, {"price": "0.02", "size": "156.69"}, {"price": "0.03", "size": "102.68"}, {"price": "0.05", "size": "11.81"}], "asks": [{"price": "0.99", "size": "550"}, {"price": "0.98", "size": "388"}], "event_type": "book", "last_trade_price": ""}, {"market": "0xaef915e73e436be572946020926c1f75b35a8a1cf216eab59fb92acda017d0ac", "asset_id": "63483150015389826206077470585747797869945434064049859278201939007017139653678", "timestamp": "1769382588158", "hash": "95cf30a6c316e077e34ade84f3c6ad88973b7189", "bids": [{"price": "0.01", "size": "550"}, {"price": "0.02", "size": "388"}], "asks": [{"price": "0.99", "size": "570.16"}, {"price": "0.98", "size": "156.69"}, {"price": "0.97", "size": "99.79"}, {"price": "0.95", "size": "13.48"}], "event_type": "book", "last_trade_price": ""}, {"market": "0x1c393d1dfd286505f0d44b836fb8967d743b21ad5abf87984f2741cd000334b0", "asset_id": "54634713959387613599339595231267189162032282009141291326690683181684471862706", "timestamp": "1769382623702", "hash": "4d15bf5761fdfcda5ab6415e384b14ab888a2d2b", "bids": [{"price": "0.01", "size": "550"}, {"price": "0.02", "size": "388"}], "asks": [{"price": "0.99", "size": "569.87"}, {"price": "0.98", "size": "156.69"}, {"price": "0.97", "size": "102.68"}, {"price": "0.95", "size": "11.81"}], "event_type": "book", "last_trade_price": ""}]}
