{"_local_timestamp": "2026-01-25T23:34:09.388231+00:00", "data": [{"market": "0xe2ef0dfb17eb9810c6a09d3b634329d91fb615f2a12b72967094c732e3a5e9c4", "asset_id": "63342039241294208012369813886372077859488748169660901763378624940304840323126", "timestamp": "1769382588210", "hash": "b300907080d8c0e3d1dc6dc770a5604c53300ba0", "bids": [{"price": "0.01", "size": "166.61"}, {"price": "0.02", "size": "150"}, {"price": "0.03", "size": "27.79"}, {"price": "0.04", "size": "5.47"}, {"price": "0.08", "size": "162.5"}, {"price": "0.09", "size": "129.11"}, {"price": "0.16", "size": "125"}], "asks": [{"price": "0.99", "size": "165.17"}, {"price": "0.98", "size": "150"}, {"price": "0.97", "size": "7.46"}, {"price": "0.96", "size": "325"}, {"price": "0.95", "size": "110"}, {"price": "0.94", "size": "10.4"}, {"price": "0.92", "size": "128"}, {"price": "0.84", "size": "125"}], "event_type": "book", "last_trade_price": ""}, {"market": "0x77bed7f4547dd2a1df63a9efc518cc9960b6fb850ba868d44cb166d17aec13de", "asset_id": "39346463324530056031265251143961401912447239664473138043038821545525612199187", "timestamp": "1769382511260", "hash": "980e64fc70b7b7b27a2dd9ffc1619cb5bd7f5c10", "bids": [{"price": "0.01", "size": "550"}, {"price": "0.02", "size": "325"}], "asks": [{"price": "0.99", "size": "555.08"}, {"price": "0.98", "size": "156.69"}, {"price": "0.97", "size": "103"}, {"price": "0.95", "size": "6.34"}, {"price": "0.94", "size": "5.47"}], "event_type": "book", "last_trade_price": ""}, {"market": "0x055e48a69116f300495f88bfe45feed3b6a7fec7ac9dd9cc5193afb651de0c15", "asset_id": "68548289733052245553355725570988027439189559771361429186929745329769882644026", "timestamp": "1769382487345", "hash": "049a3b6aeb153b406f1942b87f87cb955b4cc786", "bids": [{"price": "0.01", "size": "550"}, {"price": "0.02", "size": "325"}], "asks": [{"price": "0.99", "size": "568.81"}, {"price": "0.98", "size": "158.94"}, {"price": "0.97", "size": "164.07"}, {"price": "0.95", "size": "11.48"}], "event_type": "book", "last_trade_price": ""}, {"market": "0x10a878bc9b6a8fc3ba4b44d0c4b968183b0219528e5912d43ec4e3b409e5c705", "asset_id": "83122630238085644831103480734345456892191727857314574683047790936275808679334", "timestamp": "1769382484889", "hash": "b131fd7f108739fdee548e8b77a6b16ef8281086", "bids": [{"price": "0.01", "size": "550"}, {"price": "0.02", "size": "385"}], "asks": [{"price": "0.99", "size": "568.81"}, {"price": "0.98", "size": "158.94"}, {"price": "0.97", "size": "115.07"}, {"price": "0.95", "size": "11.48"}], "event_type": "book", "last_trade_price": ""}, {"market": "0xe2ef0dfb17eb9810c6a09d3b634329d91fb615f2a12b72967094c732e3a5e9c4", "asset_id": "59350984149440998564118884795345374930394800876620372127368652148740890274004", "timestamp": "1769382588210", "hash": "608bc837e3139fdade0ad0898dddc6afa2564b78", "bids": [{"price": "0.01", "size": "165.17"}, {"price": "0.02", "size": "150"}, {"price": "0.03", "size": "7.46"}, {"price": "0.04", "size": "325"}, {"price": "0.05", "size": "110"}, {"price": "0.06", "size": "10.4"}, {"price": "0.08", "size": "128"}, {"price": "0.16", "size": "125"}], "asks": [{"price": "0.99", "size": "166.61"}, {"price": "0.98", "size": "150"}, {"price": "0.97", "size": "27.79"}, {"price": "0.96", "size": "5.47"}, {"price": "0.92", "size": "162.5"}, {"price": "0.91", "size": "129.11"}, {"price": "0.84", "size": "125"}], "event_type": "book", "last_trade_price": ""}, {"market": "0x77bed7f4547dd2a1df63a9efc518cc9960b6fb850ba868d44cb166d17aec13de", "asset_id": "36043127319679714959122816525114797132959829933155350535852456923794071015437", "timestamp": "1769382511260", "hash": "10f23898074417f5b3c15316a5b5128d5d72901c", "bids": [{"price": "0.01", "size": "555.08"}, {"price": "0.02", "size": "156.69"}, {"price": "0.03", "size": "103"}, {"price": "0.05", "size": "6.34"}, {"price": "0.06", "size": "5.47"}], "asks": [{"price": "0.99", "size": "550"}, {"price": "0.98", "size": "325"}], "event_type": "book", "last_trade_price": ""}, {"market": "0xaf0bc82bd97536a450ff0d41c7e1a8f53781b565c07d93b8fff6b21282374872", "asset_id": "37405109462016079089221743943140001354538560638238084806937481481031837222878", "timestamp": "1769382785081", "hash": "e7fa1896f43202a88ae5489dda99f2db5e55cc76", "bids": [{"price": "0.01", "size": "316.61"}, {"price": "0.02", "size": "150"}, {"price": "0.03", "size": "9.54"}, {"price": "0.05", "size": "60"}, {"price": "0.06", "size": "33"}, {"price": "0.07", "size": "13.28"}, {"price": "0.08", "size": "162.5"}, {"price": "0.09", "size": "61.11"}, {"price": "0.1", "size": "66"}, {"price": "0.16", "size": "125"}], "asks": [{"price": "0.99", "size": "316.61"}, {"price": "0.98", "size": "150"}, {"price": "0.97", "size": "9.54"}, {"price": "0.95", "size": "60"}, {"price": "0.94", "size": "33"}, {"price": "0.93", "size": "7.81"}, {"price": "0.92", "size": "162.5"}, {"price": "0.91", "size": "61.11"}, {"price": "0.9", "size": "66"}, {"price": "0.84", "size": "125"}], "event_type": "book", "last_trade_price": ""}, {"market": "0x055e48a69116f300495f88bfe45feed3b6a7fec7ac9dd9cc5193afb651de0c15", "asset_id": "96091914946074414794658122477128847942724172235827575667814775355500899107753", "timestamp": "1769382487345", "hash": "474a36b9b46ecb2eec35f53b182bbbe84304ab27", "bids": [{"price": "0.01", "size": "568.81"}, {"price": "0.02", "size": "158.94"}, {"price": "0.03", "size": "164.07"}, {"price": "0.05", "size": "11.48"}], "asks": [{"price": "0.99", "size": "550"}, {"price": "0.98", "size": "325"}], "event_type": "book", "last_trade_price": ""}, {"market": "0x10a878bc9b6a8fc3ba4b44d0c4b968183b0219528e5912d43ec4e3b409e5c705", "asset_id": "112916835485772769649722735267830903838004344602273177352832518399364047585975", "timestamp": "1769382484889", "hash": "65ea773688249c0258300c0d5192c75ad09bee9e", "bids": [{"price": "0.01", "size": "568.81"}, {"price": "0.02", "size": "158.94"}, {"price": "0.03", "size": "115.07"}, {"price": "0.05", "size": "11.48"}], "asks": [{"price": "0.99", "size": "550"}, {"price": "0.98", "size": "385"}], "event_type": "book", "last_trade_price": ""}, {"market": "0xaf0bc82bd97536a450ff0d41c7e1a8f53781b565c07d93b8fff6b21282374872", "asset_id": "96743778471111471074295816125638121242814779894668221369098460309634332865831", "timestamp": "1769382785081", "hash": "047ed43b29261c7760a83475ecc0ef970659ff62", "bids": [{"price": "0.01", "size": "316.61"}, {"price": "0.02", "size": "150"}, {"price": "0.03", "size": "9.54"}, {"price": "0.05", "size": "60"}, {"price": "0.06", "size": "33"}, {"price": "0.07", "size": "7.81"}, {"price": "0.08", "size": "162.5"}, {"price": "0.09", "size": "61.11"}, {"price": "0.1", "size": "66"}, {"price": "0.16", "size": "125"}], "asks": [{"price": "0.99", "size": "316.61"}, {"price": "0.98", "size": "150"}, {"price": "0.97", "size": "9.54"}, {"price": "0.95", "size": "60"}, {"price": "0.94", "size": "33"}, {"price": "0.93", "size": "13.28"}, {"price": "0.92", "size": "162.5"}, {"price": "0.91", "size": "61.11"}, {"price": "0.9", "size": "66"}, {"price": "0.84", "size": "125"}], "event_type": "book", "last_trade_price": ""}]}
