{"_local_timestamp": "2026-01-25T23:40:57.069830+00:00", "data": [{"market": "0x71760ac25c76f688024b99158629abd4c07bc9387342f36805b2965c29177a29", "asset_id": "3612697694789920708323125653935427602584895677306765382880609849659005527388", "timestamp": "1769383361049", "hash": "545126097e3a5b05297f2aee9214d518d19b0795", "bids": [{"price": "0.01", "size": "837.61"}, {"price": "0.02", "size": "161.94"}, {"price": "0.03", "size": "33"}, {"price": "0.04", "size": "320.18"}, {"price": "0.05", "size": "325"}, {"price": "0.06", "size": "108"}, {"price": "0.07", "size": "7.94"}, {"price": "0.09", "size": "144.44"}, {"price": "0.11", "size": "88"}, {"price": "0.12", "size": "91.66"}, {"price": "0.13", "size": "5.77"}, {"price": "0.22", "size": "10"}], "asks": [{"price": "0.99", "size": "1230"}, {"price": "0.98", "size": "925"}, {"price": "0.94", "size": "157"}, {"price": "0.93", "size": "19.67"}], "event_type": "book", "last_trade_price": ""}, {"market": "0x71760ac25c76f688024b99158629abd4c07bc9387342f36805b2965c29177a29", "asset_id": "53628898648697677069067063697463183355107506959361614271103145614684555158506", "timestamp": "1769383361049", "hash": "5975f687d0ef8bc1b7cfa63f7e7a1299c404ce85", "bids": [{"price": "0.01", "size": "1230"}, {"price": "0.02", "size": "925"}, {"price": "0.06", "size": "157"}, {"price": "0.07", "size": "19.67"}], "asks": [{"price": "0.99", "size": "837.61"}, {"price": "0.98", "size": "161.94"}, {"price": "0.97", "size": "33"}, {"price": "0.96", "size": "320.18"}, {"price": "0.95", "size": "325"}, {"price": "0.94", "size": "108"}, {"price": "0.93", "size": "7.94"}, {"price": "0.91", "size": "144.44"}, {"price": "0.89", "size": "88"}, {"price": "0.88", "size": "91.66"}, {"price": "0.87", "size": "5.77"}, {"price": "0.78", "size": "10"}], "event_type": "book", "last_trade_price": ""}, {"market": "0xc7dc820048e197415363e49fcac04fb78cd1f2d6d6d88c53bb33d2b2b2319a9f", "asset_id": "67908825660608414588878333485993588799954303558842596766366063026168214957353", "timestamp": "1769383098402", "hash": "57548682604b932da6406371a098c7394ebad3bd", "bids": [{"price": "0.01", "size": "515"}, {"price": "0.02", "size": "925"}, {"price": "0.03", "size": "250"}, {"price": "0.04", "size": "5.47"}], "asks": [{"price": "0.99", "size": "122.97"}, {"price": "0.98", "size": "162.28"}, {"price": "0.97", "size": "33"}, {"price": "0.96", "size": "320.41"}, {"price": "0.95", "size": "325"}, {"price": "0.94", "size": "108"}, {"price": "0.93", "size": "6.93"}, {"price": "0.92", "size": "162.5"}, {"price": "0.9", "size": "39"}, {"price": "0.89", "size": "179"}, {"price": "0.88", "size": "6.68"}, {"price": "0.79", "size": "10"}], "event_type": "book", "last_trade_price": ""}, {"market": "0x6d87ccbf573a3087bc72cc69473145206ce410824115767259fa8bed5fade793", "asset_id": "78908100482343544665019637722551200887641856532208687714153623841321750596526", "timestamp": "1769382721354", "hash": "20b1a472a5ce7cfd926ff78ca96a9cec871e704e", "bids": [{"price": "0.01", "size": "1230"}, {"price": "0.02", "size": "775"}, {"price": "0.06", "size": "192"}, {"price": "0.07", "size": "19.67"}], "asks": [{"price": "0.99", "size": "837.61"}, {"price": "0.98", "size": "161.94"}, {"price": "0.97", "size": "33"}, {"price": "0.96", "size": "320.18"}, {"price": "0.95", "size": "325"}, {"price": "0.94", "size": "108"}, {"price": "0.93", "size": "7.94"}, {"price": "0.92", "size": "162.5"}, {"price": "0.89", "size": "98"}, {"price": "0.88", "size": "91.66"}, {"price": "0.87", "size": "5.78"}, {"price": "0.78", "size": "10"}], "event_type": "book", "last_trade_price": ""}, {"market": "0xc7dc820048e197415363e49fcac04fb78cd1f2d6d6d88c53bb33d2b2b2319a9f", "asset_id": "14691979821893244656972745461637452346282176466892361251014050843725992246834", "timestamp": "1769383098402", "hash": "8743988b21753366f22bf031119c99b683095bd9", "bids": [{"price": "0.01", "size": "122.97"}, {"price": "0.02", "size": "162.28"}, {"price": "0.03", "size": "33"}, {"price": "0.04", "size": "320.41"}, {"price": "0.05", "size": "325"}, {"price": "0.06", "size": "108"}, {"price": "0.07", "size": "6.93"}, {"price": "0.08", "size": "162.5"}, {"price": "0.1", "size": "39"}, {"price": "0.11", "size": "179"}, {"price": "0.12", "size": "6.68"}, {"price": "0.21", "size": "10"}], "asks": [{"price": "0.99", "size": "515"}, {"price": "0.98", "size": "925"}, {"price": "0.97", "size": "250"}, {"price": "0.96", "size": "5.47"}], "event_type": "book", "last_trade_price": ""}, {"market": "0x6d87ccbf573a3087bc72cc69473145206ce410824115767259fa8bed5fade793", "asset_id": "81465259756387967930795012379937017238931159899703179709473066663390126107415", "timestamp": "1769382721354", "hash": "66a0fe8e0bd506ea6467704ff6e33e49a741d0e4", "bids": [{"price": "0.01", "size": "837.61"}, {"price": "0.02", "size": "161.94"}, {"price": "0.03", "size": "33"}, {"price": "0.04", "size": "320.18"}, {"price": "0.05", "size": "325"}, {"price": "0.06", "size": "108"}, {"price": "0.07", "size": "7.94"}, {"price": "0.08", "size": "162.5"}, {"price": "0.11", "size": "98"}, {"price": "0.12", "size": "91.66"}, {"price": "0.13", "size": "5.78"}, {"price": "0.22", "size": "10"}], "asks": [{"price": "0.99", "size": "1230"}, {"price": "0.98", "size": "775"}, {"price": "0.94", "size": "192"}, {"price": "0.93", "size": "19.67"}], "event_type": "book", "last_trade_price": ""}]}
