{"_local_timestamp": "2026-01-25T23:34:08.576114+00:00", "data": [{"market": "0x90b8b05552798c06627ee11594cad73a83b45ebde803db47f31f5347739b7947", "asset_id": "78681172873440625965848311162749721985444780220309214408629157594725907445793", "timestamp": "1769382483679", "hash": "813cf1a5205a596f08170b0cd072731bf0c01f36", "bids": [{"price": "0.01", "size": "314.25"}, {"price": "0.02", "size": "259.18"}, {"price": "0.03", "size": "183.33"}, {"price": "0.04", "size": "309.26"}, {"price": "0.05", "size": "365"}, {"price": "0.06", "size": "108"}, {"price": "0.07", "size": "5.98"}, {"price": "0.08", "size": "162.5"}, {"price": "0.1", "size": "41"}, {"price": "0.11", "size": "8.04"}, {"price": "0.21", "size": "10"}], "asks": [{"price": "0.99", "size": "712.54"}, {"price": "0.98", "size": "786.64"}, {"price": "0.97", "size": "141"}, {"price": "0.96", "size": "77.7"}, {"price": "0.95", "size": "40"}, {"price": "0.94", "size": "53.47"}], "event_type": "book", "last_trade_price": ""}, {"market": "0xe5b11312cb55bd426ac8ee28a4837ebafa9d854b6c11f92aadb781608ab671f0", "asset_id": "24937421290925582060000150220362059373765445403178472223676293030581549267683", "timestamp": "1769382804701", "hash": "4c0a14314a65cef603f8d0f81e8ed960935edfa3", "bids": [{"price": "0.01", "size": "314.25"}, {"price": "0.02", "size": "262.47"}, {"price": "0.03", "size": "183.33"}, {"price": "0.04", "size": "309.26"}, {"price": "0.05", "size": "365"}, {"price": "0.06", "size": "108"}, {"price": "0.07", "size": "5.67"}, {"price": "0.08", "size": "162.5"}, {"price": "0.1", "size": "66"}, {"price": "0.11", "size": "7.63"}, {"price": "0.21", "size": "10"}], "asks": [{"price": "0.99", "size": "712.54"}, {"price": "0.98", "size": "786.64"}, {"price": "0.97", "size": "141"}, {"price": "0.96", "size": "77.7"}, {"price": "0.95", "size": "40"}, {"price": "0.94", "size": "53.47"}], "event_type": "book", "last_trade_price": ""}, {"market": "0x90b8b05552798c06627ee11594cad73a83b45ebde803db47f31f5347739b7947", "asset_id": "100787145716386378447837198939665735651659336813349851089816416776890255532231", "timestamp": "1769382483679", "hash": "6074abead1ac5041f9f2dd72d86f73ae04b3d892", "bids": [{"price": "0.01", "size": "712.54"}, {"price": "0.02", "size": "786.64"}, {"price": "0.03", "size": "141"}, {"price": "0.04", "size": "77.7"}, {"price": "0.05", "size": "40"}, {"price": "0.06", "size": "53.47"}], "asks": [{"price": "0.99", "size": "314.25"}, {"price": "0.98", "size": "259.18"}, {"price": "0.97", "size": "183.33"}, {"price": "0.96", "size": "309.26"}, {"price": "0.95", "size": "365"}, {"price": "0.94", "size": "108"}, {"price": "0.93", "size": "5.98"}, {"price": "0.92", "size": "162.5"}, {"price": "0.9", "size": "41"}, {"price": "0.89", "size": "8.04"}, {"price": "0.79", "size": "10"}], "event_type": "book", "last_trade_price": ""}, {"market": "0x8187614c18194be06dacfb9ccc2bc31b8453c35ea295c6b56b14cf015983d324", "asset_id": "94729701630198918852390822807545700333100415802689884965924172214812450888650", "timestamp": "1769382588210", "hash": "6ec07fe926e28357673d7af12338567ac35797a2", "bids": [{"price": "0.01", "size": "314.25"}, {"price": "0.02", "size": "259.18"}, {"price": "0.03", "size": "183.33"}, {"price": "0.04", "size": "309.26"}, {"price": "0.05", "size": "365"}, {"price": "0.06", "size": "108"}, {"price": "0.07", "size": "5.98"}, {"price": "0.08", "size": "162.5"}, {"price": "0.1", "size": "55"}, {"price": "0.11", "size": "47.04"}, {"price": "0.21", "size": "10"}], "asks": [{"price": "0.99", "size": "712.54"}, {"price": "0.98", "size": "786.64"}, {"price": "0.97", "size": "141"}, {"price": "0.96", "size": "77.7"}, {"price": "0.95", "size": "40"}, {"price": "0.94", "size": "38.47"}], "event_type": "book", "last_trade_price": ""}, {"market": "0xe5b11312cb55bd426ac8ee28a4837ebafa9d854b6c11f92aadb781608ab671f0", "asset_id": "3091465924431345742831538930696782243731543339884712103264497852718765232124", "timestamp": "1769382804701", "hash": "28c12aa040dc452ad9d0db4c2666693a1adfdff7", "bids": [{"price": "0.01", "size": "712.54"}, {"price": "0.02", "size": "786.64"}, {"price": "0.03", "size": "141"}, {"price": "0.04", "size": "77.7"}, {"price": "0.05", "size": "40"}, {"price": "0.06", "size": "53.47"}], "asks": [{"price": "0.99", "size": "314.25"}, {"price": "0.98", "size": "262.47"}, {"price": "0.97", "size": "183.33"}, {"price": "0.96", "size": "309.26"}, {"price": "0.95", "size": "365"}, {"price": "0.94", "size": "108"}, {"price": "0.93", "size": "5.67"}, {"price": "0.92", "size": "162.5"}, {"price": "0.9", "size": "66"}, {"price": "0.89", "size": "7.63"}, {"price": "0.79", "size": "10"}], "event_type": "book", "last_trade_price": ""}, {"market": "0x8187614c18194be06dacfb9ccc2bc31b8453c35ea295c6b56b14cf015983d324", "asset_id": "5363130020697504499890180868969957397205644986571910032625662659212557608088", "timestamp": "1769382588210", "hash": "ac560fe845e78674b9783f902306438795e96cc6", "bids": [{"price": "0.01", "size": "712.54"}, {"price": "0.02", "size": "786.64"}, {"price": "0.03", "size": "141"}, {"price": "0.04", "size": "77.7"}, {"price": "0.05", "size": "40"}, {"price": "0.06", "size": "38.47"}], "asks": [{"price": "0.99", "size": "314.25"}, {"price": "0.98", "size": "259.18"}, {"price": "0.97", "size": "183.33"}, {"price": "0.96", "size": "309.26"}, {"price": "0.95", "size": "365"}, {"price": "0.94", "size": "108"}, {"price": "0.93", "size": "5.98"}, {"price": "0.92", "size": "162.5"}, {"price": "0.9", "size": "55"}, {"price": "0.89", "size": "47.04"}, {"price": "0.79", "size": "10"}], "event_type": "book", "last_trade_price": ""}]}
{"_local_timestamp": "2026-01-25T23:35:54.045212+00:00", "data": {"market": "0x8187614c18194be06dacfb9ccc2bc31b8453c35ea295c6b56b14cf015983d324", "price_changes": [{"asset_id": "94729701630198918852390822807545700333100415802689884965924172214812450888650", "price": "0.11", "size": "39", "side": "BUY", "hash": "469ee0984452a9e87465130eeaa33e1230c6d6b4", "best_bid": "0.21", "best_ask": "0.94"}, {"asset_id": "5363130020697504499890180868969957397205644986571910032625662659212557608088", "price": "0.89", "size": "39", "side": "SELL", "hash": "17d6201b17471ef630b28458ea50acde14a71459", "best_bid": "0.06", "best_ask": "0.79"}], "timestamp": "1769384153957", "event_type": "price_change"}}
{"_local_timestamp": "2026-01-25T23:35:55.159840+00:00", "data": {"market": "0x8187614c18194be06dacfb9ccc2bc31b8453c35ea295c6b56b14cf015983d324", "price_changes": [{"asset_id": "94729701630198918852390822807545700333100415802689884965924172214812450888650", "price": "0.12", "size": "7.37", "side": "BUY", "hash": "ec6a20d491cac0e7377e349360e64bf76ac953a5", "best_bid": "0.21", "best_ask": "0.94"}, {"asset_id": "5363130020697504499890180868969957397205644986571910032625662659212557608088", "price": "0.88", "size": "7.37", "side": "SELL", "hash": "fde87ca458ce21cffe17d963b9925f043c04af47", "best_bid": "0.06", "best_ask": "0.79"}], "timestamp": "1769384155058", "event_type": "price_change"}}
{"_local_timestamp": "2026-01-25T23:36:15.466497+00:00", "data": {"market": "0x8187614c18194be06dacfb9ccc2bc31b8453c35ea295c6b56b14cf015983d324", "price_changes": [{"asset_id": "94729701630198918852390822807545700333100415802689884965924172214812450888650", "price": "0.11", "size": "0", "side": "BUY", "hash": "48576b8805f1967b8c993c84d5a24badcccd1b94", "best_bid": "0.21", "best_ask": "0.94"}, {"asset_id": "5363130020697504499890180868969957397205644986571910032625662659212557608088", "price": "0.89", "size": "0", "side": "SELL", "hash": "99abb95d9f775e374002b225c210a2b24677a789", "best_bid": "0.06", "best_ask": "0.79"}], "timestamp": "1769384175401", "event_type": "price_change"}}
