{"_local_timestamp": "2026-01-25T23:33:51.821589+00:00", "data": [{"market": "0x158a8f3a8ad95ccfddd0028d253e25a67378cded37b8d2d593090cc3772012d8", "asset_id": "101830561015214892306658497959293418366281905672019572865121114078857827770572", "timestamp": "1769382484883", "hash": "455b9d68b5f069b04c1b82a5e40c7a78ed3e5200", "bids": [{"price": "0.01", "size": "496.25"}, {"price": "0.02", "size": "259.22"}, {"price": "0.04", "size": "5.99"}, {"price": "0.06", "size": "12.71"}, {"price": "0.74", "size": "10"}], "asks": [{"price": "0.99", "size": "96"}, {"price": "0.98", "size": "22.39"}, {"price": "0.94", "size": "216.66"}, {"price": "0.93", "size": "123"}, {"price": "0.92", "size": "74.54"}, {"price": "0.85", "size": "10"}], "event_type": "book", "last_trade_price": ""}, {"market": "0xd70454c332328239a5d3601122d9a6c509897783fe471d6ae8c4177f15a94e00", "asset_id": "61820800098939192832753030122928509049472202336043763941922497250492288413079", "timestamp": "1769382493501", "hash": "4c218860d1ccaf36cd2141aef2567a0499433f70", "bids": [{"price": "0.01", "size": "513.05"}, {"price": "0.02", "size": "160.48"}, {"price": "0.03", "size": "211.64"}, {"price": "0.04", "size": "39.24"}], "asks": [{"price": "0.99", "size": "514.81"}, {"price": "0.98", "size": "8.94"}, {"price": "0.97", "size": "187.67"}, {"price": "0.96", "size": "11.56"}, {"price": "0.95", "size": "5.47"}], "event_type": "book", "last_trade_price": ""}, {"market": "0x3a5ba3b55816e93493953950eb5e5d8662aa24ca4fc9c93e42ccddfee534f9f3", "asset_id": "64917660258742475247750879830700935355564695477433005739028090953713090259764", "timestamp": "1769383818975", "hash": "c1c3009a220ac90255108bda2e8b22472b040751", "bids": [{"price": "0.01", "size": "101.22"}, {"price": "0.02", "size": "859.92"}, {"price": "0.05", "size": "500"}, {"price": "0.06", "size": "12.48"}, {"price": "0.09", "size": "450"}, {"price": "0.2", "size": "65"}, {"price": "0.21", "size": "52.38"}, {"price": "0.39", "size": "350"}, {"price": "0.4", "size": "102"}, {"price": "0.41", "size": "94"}], "asks": [{"price": "0.99", "size": "96.05"}, {"price": "0.98", "size": "859.4"}, {"price": "0.95", "size": "500"}, {"price": "0.94", "size": "12.68"}, {"price": "0.9", "size": "525"}, {"price": "0.77", "size": "56.52"}, {"price": "0.76", "size": "45.83"}, {"price": "0.51", "size": "350"}, {"price": "0.49", "size": "114"}], "event_type": "book", "last_trade_price": ""}, {"market": "0x8fe933aa570508adc8956f5dd3c9d41afbc631284ec124529ae0c26dac635446", "asset_id": "86332119585962018852719132016835574063875936148546577998280933119260844712660", "timestamp": "1769383818899", "hash": "33c9c4d49df75ffd9ddfb659b8bb78aad75d19dd", "bids": [{"price": "0.01", "size": "106.2"}, {"price": "0.02", "size": "850"}, {"price": "0.03", "size": "8.31"}, {"price": "0.05", "size": "500"}, {"price": "0.08", "size": "300"}, {"price": "0.09", "size": "7.2"}, {"price": "0.16", "size": "104"}, {"price": "0.26", "size": "50"}, {"price": "0.27", "size": "40.74"}, {"price": "0.66", "size": "350"}], "asks": [{"price": "0.99", "size": "100.88"}, {"price": "0.98", "size": "150"}, {"price": "0.97", "size": "10.11"}, {"price": "0.96", "size": "1000"}, {"price": "0.93", "size": "78.57"}, {"price": "0.92", "size": "7.47"}, {"price": "0.84", "size": "81.25"}, {"price": "0.77", "size": "350"}], "event_type": "book", "last_trade_price": ""}, {"market": "0x8fe933aa570508adc8956f5dd3c9d41afbc631284ec124529ae0c26dac635446", "asset_id": "73893480722220167040070096228243301130549044330163976854141781082153721017653", "timestamp": "1769383818899", "hash": "e8a838e3572a16062c36ca011dd8808fd913b3ba", "bids": [{"price": "0.01", "size": "100.88"}, {"price": "0.02", "size": "150"}, {"price": "0.03", "size": "10.11"}, {"price": "0.04", "size": "1000"}, {"price": "0.07", "size": "78.57"}, {"price": "0.08", "size": "7.47"}, {"price": "0.16", "size": "81.25"}, {"price": "0.23", "size": "350"}], "asks": [{"price": "0.99", "size": "106.2"}, {"price": "0.98", "size": "850"}, {"price": "0.97", "size": "8.31"}, {"price": "0.95", "size": "500"}, {"price": "0.92", "size": "300"}, {"price": "0.91", "size": "7.2"}, {"price": "0.84", "size": "104"}, {"price": "0.74", "size": "50"}, {"price": "0.73", "size": "40.74"}, {"price": "0.34", "size": "350"}], "event_type": "book", "last_trade_price": ""}, {"market": "0xe2fe9ea119e333b8af693e9a42bcdb64756628f17a1696d67d2223552be42e60", "asset_id": "20972386824412000444529989403317496238254277716382787514988344955754120156805", "timestamp": "1769382483681", "hash": "7e8b58847461dafeb8c8c540f051ed3effb5a0ec", "bids": [{"price": "0.01", "size": "156.66"}, {"price": "0.02", "size": "150"}, {"price": "0.03", "size": "9.56"}, {"price": "0.05", "size": "30"}, {"price": "0.06", "size": "33"}, {"price": "0.07", "size": "7.8"}, {"price": "0.08", "size": "162.5"}, {"price": "0.09", "size": "61.11"}, {"price": "0.1", "size": "75"}, {"price": "0.15", "size": "133.33"}, {"price": "0.16", "size": "6.25"}], "asks": [{"price": "0.99", "size": "558.48"}, {"price": "0.98", "size": "156.4"}, {"price": "0.97", "size": "11.59"}, {"price": "0.95", "size": "30"}, {"price": "0.94", "size": "39.48"}, {"price": "0.93", "size": "354.18"}, {"price": "0.92", "size": "12.5"}], "event_type": "book", "last_trade_price": ""}, {"market": "0x158a8f3a8ad95ccfddd0028d253e25a67378cded37b8d2d593090cc3772012d8", "asset_id": "93753690765016040867658759890142066756619484109370131484969171075130359576487", "timestamp": "1769382484883", "hash": "8a5d58f252e820b1c2e5fc734fd42dc7e8e81748", "bids": [{"price": "0.01", "size": "96"}, {"price": "0.02", "size": "22.39"}, {"price": "0.06", "size": "216.66"}, {"price": "0.07", "size": "123"}, {"price": "0.08", "size": "74.54"}, {"price": "0.15", "size": "10"}], "asks": [{"price": "0.99", "size": "496.25"}, {"price": "0.98", "size": "259.22"}, {"price": "0.96", "size": "5.99"}, {"price": "0.94", "size": "12.71"}, {"price": "0.26", "size": "10"}], "event_type": "book", "last_trade_price": ""}, {"market": "0xd70454c332328239a5d3601122d9a6c509897783fe471d6ae8c4177f15a94e00", "asset_id": "67238893159419789770955506886712930339883594426745756708042070097960366598236", "timestamp": "1769382493501", "hash": "e351a250880703763407e948b4a6c0d85d17d171", "bids": [{"price": "0.01", "size": "514.81"}, {"price": "0.02", "size": "8.94"}, {"price": "0.03", "size": "187.67"}, {"price": "0.04", "size": "11.56"}, {"price": "0.05", "size": "5.47"}], "asks": [{"price": "0.99", "size": "513.05"}, {"price": "0.98", "size": "160.48"}, {"price": "0.97", "size": "211.64"}, {"price": "0.96", "size": "39.24"}], "event_type": "book", "last_trade_price": ""}, {"market": "0xe2fe9ea119e333b8af693e9a42bcdb64756628f17a1696d67d2223552be42e60", "asset_id": "45717635940182444877704066177693643616004970965444578057963537662266876369893", "timestamp": "1769382483681", "hash": "b5e7b6053d3ae92e4a1ef22d4bf584cf8e57a3bb", "bids": [{"price": "0.01", "size": "558.48"}, {"price": "0.02", "size": "156.4"}, {"price": "0.03", "size": "11.59"}, {"price": "0.05", "size": "30"}, {"price": "0.06", "size": "39.48"}, {"price": "0.07", "size": "354.18"}, {"price": "0.08", "size": "12.5"}], "asks": [{"price": "0.99", "size": "156.66"}, {"price": "0.98", "size": "150"}, {"price": "0.97", "size": "9.56"}, {"price": "0.95", "size": "30"}, {"price": "0.94", "size": "33"}, {"price": "0.93", "size": "7.8"}, {"price": "0.92", "size": "162.5"}, {"price": "0.91", "size": "61.11"}, {"price": "0.9", "size": "75"}, {"price": "0.85", "size": "133.33"}, {"price": "0.84", "size": "6.25"}], "event_type": "book", "last_trade_price": ""}, {"market": "0xd01aad05105034923f0422e5260bf58436f8e24c8aced6492bed5c88c2e129c6", "asset_id": "35726829240123849822750699743612964214774567364298271747374550253582092812405", "timestamp": "1769382591057", "hash": "654363e39cb6b5e1dd4e09a4ca3b777b3354f005", "bids": [{"price": "0.01", "size": "96"}, {"price": "0.02", "size": "157.9"}, {"price": "0.03", "size": "75"}, {"price": "0.04", "size": "21.04"}, {"price": "0.11", "size": "118.18"}, {"price": "0.12", "size": "91.66"}, {"price": "0.18", "size": "350"}, {"price": "0.19", "size": "5.26"}], "asks": [{"price": "0.99", "size": "101.22"}, {"price": "0.98", "size": "850"}, {"price": "0.97", "size": "8.31"}, {"price": "0.95", "size": "500"}, {"price": "0.92", "size": "300"}, {"price": "0.91", "size": "7.2"}, {"price": "0.84", "size": "104"}, {"price": "0.76", "size": "54.16"}, {"price": "0.75", "size": "44"}, {"price": "0.3", "size": "350"}], "event_type": "book", "last_trade_price": ""}, {"market": "0x3a5ba3b55816e93493953950eb5e5d8662aa24ca4fc9c93e42ccddfee534f9f3", "asset_id": "108770198404195207594400737999775822091457756273908839069925963811741783822970", "timestamp": "1769383818975", "hash": "d6686e8f8e975475164100a650cf40938383c574", "bids": [{"price": "0.01", "size": "96.05"}, {"price": "0.02", "size": "859.4"}, {"price": "0.05", "size": "500"}, {"price": "0.06", "size": "12.68"}, {"price": "0.1", "size": "525"}, {"price": "0.23", "size": "56.52"}, {"price": "0.24", "size": "45.83"}, {"price": "0.49", "size": "350"}, {"price": "0.51", "size": "114"}], "asks": [{"price": "0.99", "size": "101.22"}, {"price": "0.98", "size": "859.92"}, {"price": "0.95", "size": "500"}, {"price": "0.94", "size": "12.48"}, {"price": "0.91", "size": "450"}, {"price": "0.8", "size": "65"}, {"price": "0.79", "size": "52.38"}, {"price": "0.61", "size": "350"}, {"price": "0.6", "size": "102"}, {"price": "0.59", "size": "94"}], "event_type": "book", "last_trade_price": ""}, {"market": "0xd01aad05105034923f0422e5260bf58436f8e24c8aced6492bed5c88c2e129c6", "asset_id": "38159868762044142945048106713629635405362946695355096830024708889387657375256", "timestamp": "1769382591057", "hash": "4fc909ec155321bc2e8fefcf5c0a4903fed6d913", "bids": [{"price": "0.01", "size": "101.22"}, {"price": "0.02", "size": "850"}, {"price": "0.03", "size": "8.31"}, {"price": "0.05", "size": "500"}, {"price": "0.08", "size": "300"}, {"price": "0.09", "size": "7.2"}, {"price": "0.16", "size": "104"}, {"price": "0.24", "size": "54.16"}, {"price": "0.25", "size": "44"}, {"price": "0.7", "size": "350"}], "asks": [{"price": "0.99", "size": "96"}, {"price": "0.98", "size": "157.9"}, {"price": "0.97", "size": "75"}, {"price": "0.96", "size": "21.04"}, {"price": "0.89", "size": "118.18"}, {"price": "0.88", "size": "91.66"}, {"price": "0.82", "size": "350"}, {"price": "0.81", "size": "5.26"}], "event_type": "book", "last_trade_price": ""}]}
