{"_local_timestamp": "2026-01-25T23:40:59.914475+00:00", "data": [{"market": "0x8fe933aa570508adc8956f5dd3c9d41afbc631284ec124529ae0c26dac635446", "asset_id": "73893480722220167040070096228243301130549044330163976854141781082153721017653", "timestamp": "1769384339323", "hash": "7d4220682650786381e3789859fe6b0c1978d151", "bids": [{"price": "0.01", "size": "100.88"}, {"price": "0.02", "size": "850"}, {"price": "0.03", "size": "10.11"}, {"price": "0.05", "size": "800"}, {"price": "0.07", "size": "78.57"}, {"price": "0.08", "size": "7.47"}, {"price": "0.16", "size": "81.25"}, {"price": "0.23", "size": "350"}], "asks": [{"price": "0.99", "size": "106.2"}, {"price": "0.98", "size": "850"}, {"price": "0.97", "size": "8.31"}, {"price": "0.95", "size": "500"}, {"price": "0.92", "size": "300"}, {"price": "0.91", "size": "7.2"}, {"price": "0.84", "size": "104"}, {"price": "0.74", "size": "50"}, {"price": "0.73", "size": "40.74"}, {"price": "0.34", "size": "350"}], "event_type": "book", "last_trade_price": ""}, {"market": "0x8fe933aa570508adc8956f5dd3c9d41afbc631284ec124529ae0c26dac635446", "asset_id": "86332119585962018852719132016835574063875936148546577998280933119260844712660", "timestamp": "1769384339323", "hash": "fa7de74a077213d45ed8ece52527ff7e475ef80d", "bids": [{"price": "0.01", "size": "106.2"}, {"price": "0.02", "size": "850"}, {"price": "0.03", "size": "8.31"}, {"price": "0.05", "size": "500"}, {"price": "0.08", "size": "300"}, {"price": "0.09", "size": "7.2"}, {"price": "0.16", "size": "104"}, {"price": "0.26", "size": "50"}, {"price": "0.27", "size": "40.74"}, {"price": "0.66", "size": "350"}], "asks": [{"price": "0.99", "size": "100.88"}, {"price": "0.98", "size": "850"}, {"price": "0.97", "size": "10.11"}, {"price": "0.95", "size": "800"}, {"price": "0.93", "size": "78.57"}, {"price": "0.92", "size": "7.47"}, {"price": "0.84", "size": "81.25"}, {"price": "0.77", "size": "350"}], "event_type": "book", "last_trade_price": ""}, {"market": "0x3a5ba3b55816e93493953950eb5e5d8662aa24ca4fc9c93e42ccddfee534f9f3", "asset_id": "108770198404195207594400737999775822091457756273908839069925963811741783822970", "timestamp": "1769384339377", "hash": "de6e13091f9cf96e6e1765c3e62fa74bde7decc7", "bids": [{"price": "0.01", "size": "101.36"}, {"price": "0.02", "size": "850"}, {"price": "0.03", "size": "10.8"}, {"price": "0.05", "size": "500"}, {"price": "0.11", "size": "367.2"}, {"price": "0.23", "size": "56.52"}, {"price": "0.24", "size": "45.83"}, {"price": "0.49", "size": "350"}, {"price": "0.51", "size": "114"}], "asks": [{"price": "0.99", "size": "106.71"}, {"price": "0.98", "size": "850"}, {"price": "0.97", "size": "10.22"}, {"price": "0.95", "size": "500"}, {"price": "0.9", "size": "530.86"}, {"price": "0.8", "size": "65"}, {"price": "0.79", "size": "52.38"}, {"price": "0.61", "size": "350"}, {"price": "0.6", "size": "102"}, {"price": "0.59", "size": "94"}], "event_type": "book", "last_trade_price": ""}, {"market": "0xe2fe9ea119e333b8af693e9a42bcdb64756628f17a1696d67d2223552be42e60", "asset_id": "20972386824412000444529989403317496238254277716382787514988344955754120156805", "timestamp": "1769382483681", "hash": "7e8b58847461dafeb8c8c540f051ed3effb5a0ec", "bids": [{"price": "0.01", "size": "156.66"}, {"price": "0.02", "size": "150"}, {"price": "0.03", "size": "9.56"}, {"price": "0.05", "size": "30"}, {"price": "0.06", "size": "33"}, {"price": "0.07", "size": "7.8"}, {"price": "0.08", "size": "162.5"}, {"price": "0.09", "size": "61.11"}, {"price": "0.1", "size": "75"}, {"price": "0.15", "size": "133.33"}, {"price": "0.16", "size": "6.25"}], "asks": [{"price": "0.99", "size": "558.48"}, {"price": "0.98", "size": "156.4"}, {"price": "0.97", "size": "11.59"}, {"price": "0.95", "size": "30"}, {"price": "0.94", "size": "39.48"}, {"price": "0.93", "size": "354.18"}, {"price": "0.92", "size": "12.5"}], "event_type": "book", "last_trade_price": ""}, {"market": "0xe2fe9ea119e333b8af693e9a42bcdb64756628f17a1696d67d2223552be42e60", "asset_id": "45717635940182444877704066177693643616004970965444578057963537662266876369893", "timestamp": "1769382483681", "hash": "b5e7b6053d3ae92e4a1ef22d4bf584cf8e57a3bb", "bids": [{"price": "0.01", "size": "558.48"}, {"price": "0.02", "size": "156.4"}, {"price": "0.03", "size": "11.59"}, {"price": "0.05", "size": "30"}, {"price": "0.06", "size": "39.48"}, {"price": "0.07", "size": "354.18"}, {"price": "0.08", "size": "12.5"}], "asks": [{"price": "0.99", "size": "156.66"}, {"price": "0.98", "size": "150"}, {"price": "0.97", "size": "9.56"}, {"price": "0.95", "size": "30"}, {"price": "0.94", "size": "33"}, {"price": "0.93", "size": "7.8"}, {"price": "0.92", "size": "162.5"}, {"price": "0.91", "size": "61.11"}, {"price": "0.9", "size": "75"}, {"price": "0.85", "size": "133.33"}, {"price": "0.84", "size": "6.25"}], "event_type": "book", "last_trade_price": ""}, {"market": "0xd01aad05105034923f0422e5260bf58436f8e24c8aced6492bed5c88c2e129c6", "asset_id": "35726829240123849822750699743612964214774567364298271747374550253582092812405", "timestamp": "1769382591057", "hash": "654363e39cb6b5e1dd4e09a4ca3b777b3354f005", "bids": [{"price": "0.01", "size": "96"}, {"price": "0.02", "size": "157.9"}, {"price": "0.03", "size": "75"}, {"price": "0.04", "size": "21.04"}, {"price": "0.11", "size": "118.18"}, {"price": "0.12", "size": "91.66"}, {"price": "0.18", "size": "350"}, {"price": "0.19", "size": "5.26"}], "asks": [{"price": "0.99", "size": "101.22"}, {"price": "0.98", "size": "850"}, {"price": "0.97", "size": "8.31"}, {"price": "0.95", "size": "500"}, {"price": "0.92", "size": "300"}, {"price": "0.91", "size": "7.2"}, {"price": "0.84", "size": "104"}, {"price": "0.76", "size": "54.16"}, {"price": "0.75", "size": "44"}, {"price": "0.3", "size": "350"}], "event_type": "book", "last_trade_price": ""}, {"market": "0xd70454c332328239a5d3601122d9a6c509897783fe471d6ae8c4177f15a94e00", "asset_id": "67238893159419789770955506886712930339883594426745756708042070097960366598236", "timestamp": "1769384329955", "hash": "fd8c522361906b2b3b2c8a731b91f50d9a705948", "bids": [{"price": "0.01", "size": "514.81"}, {"price": "0.02", "size": "167.47"}, {"price": "0.03", "size": "182"}, {"price": "0.04", "size": "11.56"}, {"price": "0.05", "size": "5.47"}], "asks": [{"price": "0.99", "size": "513.05"}, {"price": "0.98", "size": "160.48"}, {"price": "0.97", "size": "211.64"}, {"price": "0.96", "size": "39.24"}], "event_type": "book", "last_trade_price": ""}, {"market": "0xd70454c332328239a5d3601122d9a6c509897783fe471d6ae8c4177f15a94e00", "asset_id": "61820800098939192832753030122928509049472202336043763941922497250492288413079", "timestamp": "1769384329955", "hash": "145d56480cd45ce22632894cf1ae07ce32be5033", "bids": [{"price": "0.01", "size": "513.05"}, {"price": "0.02", "size": "160.48"}, {"price": "0.03", "size": "211.64"}, {"price": "0.04", "size": "39.24"}], "asks": [{"price": "0.99", "size": "514.81"}, {"price": "0.98", "size": "167.47"}, {"price": "0.97", "size": "182"}, {"price": "0.96", "size": "11.56"}, {"price": "0.95", "size": "5.47"}], "event_type": "book", "last_trade_price": ""}, {"market": "0x158a8f3a8ad95ccfddd0028d253e25a67378cded37b8d2d593090cc3772012d8", "asset_id": "93753690765016040867658759890142066756619484109370131484969171075130359576487", "timestamp": "1769384323619", "hash": "e6fdd330ce63fca0ecc5708d48e16b2dec36fbd7", "bids": [{"price": "0.01", "size": "96"}, {"price": "0.02", "size": "22.39"}, {"price": "0.06", "size": "216.66"}, {"price": "0.07", "size": "123"}, {"price": "0.08", "size": "74.54"}, {"price": "0.15", "size": "10"}], "asks": [{"price": "0.99", "size": "501.25"}, {"price": "0.98", "size": "250"}, {"price": "0.97", "size": "5.84"}, {"price": "0.96", "size": "5.99"}, {"price": "0.93", "size": "10.31"}, {"price": "0.26", "size": "10"}], "event_type": "book", "last_trade_price": ""}, {"market": "0xd01aad05105034923f0422e5260bf58436f8e24c8aced6492bed5c88c2e129c6", "asset_id": "38159868762044142945048106713629635405362946695355096830024708889387657375256", "timestamp": "1769382591057", "hash": "4fc909ec155321bc2e8fefcf5c0a4903fed6d913", "bids": [{"price": "0.01", "size": "101.22"}, {"price": "0.02", "size": "850"}, {"price": "0.03", "size": "8.31"}, {"price": "0.05", "size": "500"}, {"price": "0.08", "size": "300"}, {"price": "0.09", "size": "7.2"}, {"price": "0.16", "size": "104"}, {"price": "0.24", "size": "54.16"}, {"price": "0.25", "size": "44"}, {"price": "0.7", "size": "350"}], "asks": [{"price": "0.99", "size": "96"}, {"price": "0.98", "size": "157.9"}, {"price": "0.97", "size": "75"}, {"price": "0.96", "size": "21.04"}, {"price": "0.89", "size": "118.18"}, {"price": "0.88", "size": "91.66"}, {"price": "0.82", "size": "350"}, {"price": "0.81", "size": "5.26"}], "event_type": "book", "last_trade_price": ""}, {"market": "0x158a8f3a8ad95ccfddd0028d253e25a67378cded37b8d2d593090cc3772012d8", "asset_id": "101830561015214892306658497959293418366281905672019572865121114078857827770572", "timestamp": "1769384323619", "hash": "53934092cb906b33254623d002fc688831ab0305", "bids": [{"price": "0.01", "size": "501.25"}, {"price": "0.02", "size": "250"}, {"price": "0.03", "size": "5.84"}, {"price": "0.04", "size": "5.99"}, {"price": "0.07", "size": "10.31"}, {"price": "0.74", "size": "10"}], "asks": [{"price": "0.99", "size": "96"}, {"price": "0.98", "size": "22.39"}, {"price": "0.94", "size": "216.66"}, {"price": "0.93", "size": "123"}, {"price": "0.92", "size": "74.54"}, {"price": "0.85", "size": "10"}], "event_type": "book", "last_trade_price": ""}, {"market": "0x3a5ba3b55816e93493953950eb5e5d8662aa24ca4fc9c93e42ccddfee534f9f3", "asset_id": "64917660258742475247750879830700935355564695477433005739028090953713090259764", "timestamp": "1769384339377", "hash": "58a7297e343c1d155387b5f3416a289881c9e34a", "bids": [{"price": "0.01", "size": "106.71"}, {"price": "0.02", "size": "850"}, {"price": "0.03", "size": "10.22"}, {"price": "0.05", "size": "500"}, {"price": "0.1", "size": "530.86"}, {"price": "0.2", "size": "65"}, {"price": "0.21", "size": "52.38"}, {"price": "0.39", "size": "350"}, {"price": "0.4", "size": "102"}, {"price": "0.41", "size": "94"}], "asks": [{"price": "0.99", "size": "101.36"}, {"price": "0.98", "size": "850"}, {"price": "0.97", "size": "10.8"}, {"price": "0.95", "size": "500"}, {"price": "0.89", "size": "367.2"}, {"price": "0.77", "size": "56.52"}, {"price": "0.76", "size": "45.83"}, {"price": "0.51", "size": "350"}, {"price": "0.49", "size": "114"}], "event_type": "book", "last_trade_price": ""}]}
{"_local_timestamp": "2026-01-25T23:42:26.148119+00:00", "data": {"market": "0x8fe933aa570508adc8956f5dd3c9d41afbc631284ec124529ae0c26dac635446", "price_changes": [{"asset_id": "86332119585962018852719132016835574063875936148546577998280933119260844712660", "price": "0.02", "size": "700", "side": "BUY", "hash": "349edc49c4907b742cd97039b113958e412ed395", "best_bid": "0.66", "best_ask": "0.77"}, {"asset_id": "73893480722220167040070096228243301130549044330163976854141781082153721017653", "price": "0.98", "size": "700", "side": "SELL", "hash": "2ce528c553e22eb1c74d00cd64f366182d8f07dd", "best_bid": "0.23", "best_ask": "0.34"}], "timestamp": "1769384546032", "event_type": "price_change"}}
{"_local_timestamp": "2026-01-25T23:42:32.226153+00:00", "data": {"market": "0x8fe933aa570508adc8956f5dd3c9d41afbc631284ec124529ae0c26dac635446", "price_changes": [{"asset_id": "86332119585962018852719132016835574063875936148546577998280933119260844712660", "price": "0.02", "size": "850", "side": "BUY", "hash": "bfd4a457faeae2c35d418c090b35475d63822069", "best_bid": "0.66", "best_ask": "0.77"}, {"asset_id": "73893480722220167040070096228243301130549044330163976854141781082153721017653", "price": "0.98", "size": "850", "side": "SELL", "hash": "b377169279ef8e4c3bc14e759671bdb406134d91", "best_bid": "0.23", "best_ask": "0.34"}], "timestamp": "1769384552150", "event_type": "price_change"}}
{"_local_timestamp": "2026-01-25T23:43:28.104001+00:00", "data": {"market": "0xd01aad05105034923f0422e5260bf58436f8e24c8aced6492bed5c88c2e129c6", "price_changes": [{"asset_id": "35726829240123849822750699743612964214774567364298271747374550253582092812405", "price": "0.02", "size": "7.9", "side": "BUY", "hash": "12ef55e801e24cd9b8cf4c4e1a19071a8a0cf65e", "best_bid": "0.19", "best_ask": "0.3"}, {"asset_id": "38159868762044142945048106713629635405362946695355096830024708889387657375256", "price": "0.98", "size": "7.9", "side": "SELL", "hash": "eff9b6396432b89bcf968a25bd40a24f16535266", "best_bid": "0.7", "best_ask": "0.81"}], "timestamp": "1769384608003", "event_type": "price_change"}}
{"_local_timestamp": "2026-01-25T23:43:32.865023+00:00", "data": {"market": "0xd01aad05105034923f0422e5260bf58436f8e24c8aced6492bed5c88c2e129c6", "price_changes": [{"asset_id": "35726829240123849822750699743612964214774567364298271747374550253582092812405", "price": "0.02", "size": "157.9", "side": "BUY", "hash": "6c5e6d7f4b0b530e4a823fb0a98b0812fc0fb9b7", "best_bid": "0.19", "best_ask": "0.3"}, {"asset_id": "38159868762044142945048106713629635405362946695355096830024708889387657375256", "price": "0.98", "size": "157.9", "side": "SELL", "hash": "901d42d38c96960f0a6eabbe539c3b9e50549937", "best_bid": "0.7", "best_ask": "0.81"}], "timestamp": "1769384612794", "event_type": "price_change"}}
