{"_local_timestamp": "2026-01-25T23:41:13.222157+00:00", "data": [{"market": "0x7619cb275422ff3de0fa91401018ffc925c161b4371a16874427d1a1b5bc3204", "asset_id": "34453531592525011951703531973617642184140983680927331373552857976519125853088", "timestamp": "1769383265983", "hash": "1f2e374841dc40db304a951142fc56cff4d51819", "bids": [{"price": "0.01", "size": "550"}, {"price": "0.02", "size": "392"}], "asks": [{"price": "0.99", "size": "564.79"}, {"price": "0.98", "size": "159.39"}, {"price": "0.97", "size": "98.62"}, {"price": "0.95", "size": "11.78"}], "event_type": "book", "last_trade_price": ""}, {"market": "0xfe7655fcc0405e8ca416ff08ab37faffb8fa91abe582856561b53a9c5a0cc092", "asset_id": "79908415288698668654507242952732200470140187130899386491625855427435032453702", "timestamp": "1769382484889", "hash": "49bd59d9bf2d5b1272c843c3879b60a89cb0905d", "bids": [{"price": "0.01", "size": "568.81"}, {"price": "0.02", "size": "25.56"}, {"price": "0.03", "size": "116"}, {"price": "0.05", "size": "11.48"}], "asks": [{"price": "0.99", "size": "550"}, {"price": "0.98", "size": "142"}], "event_type": "book", "last_trade_price": ""}, {"market": "0x321c3abb96c0a27cd32e636e3e8a5ddbe35f00d0a531f7bdfc2c218822a18610", "asset_id": "22382035541163232004378534937872650532162909794795665723177138804112470604521", "timestamp": "1769382483675", "hash": "e2ebdbfefbd4f7d463363dbc111ae75c75262c50", "bids": [{"price": "0.01", "size": "462.39"}, {"price": "0.02", "size": "430.89"}, {"price": "0.03", "size": "10.67"}, {"price": "0.05", "size": "40"}, {"price": "0.06", "size": "73.29"}, {"price": "0.07", "size": "65.47"}, {"price": "0.08", "size": "250"}, {"price": "0.09", "size": "11.1"}], "asks": [{"price": "0.99", "size": "260.2"}, {"price": "0.98", "size": "159.46"}, {"price": "0.97", "size": "433.33"}, {"price": "0.96", "size": "143.77"}, {"price": "0.95", "size": "80"}, {"price": "0.94", "size": "33"}, {"price": "0.93", "size": "22.53"}, {"price": "0.88", "size": "174.99"}], "event_type": "book", "last_trade_price": ""}, {"market": "0x0f68f8634f3549b07d806ce4083cf76809f91f7158c4d3800420571df77d08a6", "asset_id": "87892647056888590368928083547517063003822950734965484639128889925385834873322", "timestamp": "1769382487345", "hash": "405c3e00af810ba287f8ff5ce9093ce8523d820c", "bids": [{"price": "0.01", "size": "572.04"}, {"price": "0.02", "size": "155.12"}, {"price": "0.03", "size": "83.97"}, {"price": "0.05", "size": "13.63"}], "asks": [{"price": "0.99", "size": "550"}, {"price": "0.98", "size": "388"}], "event_type": "book", "last_trade_price": ""}, {"market": "0xfe7655fcc0405e8ca416ff08ab37faffb8fa91abe582856561b53a9c5a0cc092", "asset_id": "96876254937468192650770776321953708537506882129202033448787601808567570561670", "timestamp": "1769382484889", "hash": "2c80f9f3e39761a993ba4c3ba59b41d15ab75b7f", "bids": [{"price": "0.01", "size": "550"}, {"price": "0.02", "size": "142"}], "asks": [{"price": "0.99", "size": "568.81"}, {"price": "0.98", "size": "25.56"}, {"price": "0.97", "size": "116"}, {"price": "0.95", "size": "11.48"}], "event_type": "book", "last_trade_price": ""}, {"market": "0x321c3abb96c0a27cd32e636e3e8a5ddbe35f00d0a531f7bdfc2c218822a18610", "asset_id": "106642379891286476080154979937238109337883108979761803873592882646091585548966", "timestamp": "1769382483675", "hash": "05901f49a1cee3b3ec84e1e0ecfdcba0fd224a09", "bids": [{"price": "0.01", "size": "260.2"}, {"price": "0.02", "size": "159.46"}, {"price": "0.03", "size": "433.33"}, {"price": "0.04", "size": "143.77"}, {"price": "0.05", "size": "80"}, {"price": "0.06", "size": "33"}, {"price": "0.07", "size": "22.53"}, {"price": "0.12", "size": "174.99"}], "asks": [{"price": "0.99", "size": "462.39"}, {"price": "0.98", "size": "430.89"}, {"price": "0.97", "size": "10.67"}, {"price": "0.95", "size": "40"}, {"price": "0.94", "size": "73.29"}, {"price": "0.93", "size": "65.47"}, {"price": "0.92", "size": "250"}, {"price": "0.91", "size": "11.1"}], "event_type": "book", "last_trade_price": ""}, {"market": "0x73c4ce3eda678344f60af21d04bbf95ab1e02766250fc21a4e0d2484e5850cd6", "asset_id": "48954943695728302837971028639632047833863286486771701750359830066554468450415", "timestamp": "1769382487345", "hash": "765d17bc8a2619b2e3d82b50d784a689dcc5a22f", "bids": [{"price": "0.01", "size": "550"}, {"price": "0.02", "size": "400"}], "asks": [{"price": "0.99", "size": "570.11"}, {"price": "0.98", "size": "157.03"}, {"price": "0.97", "size": "211.7"}, {"price": "0.95", "size": "13.41"}], "event_type": "book", "last_trade_price": ""}, {"market": "0x7619cb275422ff3de0fa91401018ffc925c161b4371a16874427d1a1b5bc3204", "asset_id": "99198534465449393776698315934776520182067523903002914756225057853458862356925", "timestamp": "1769383265983", "hash": "08e2ba16696a9e3114b9ad2af00715fbb75e50c5", "bids": [{"price": "0.01", "size": "564.79"}, {"price": "0.02", "size": "159.39"}, {"price": "0.03", "size": "98.62"}, {"price": "0.05", "size": "11.78"}], "asks": [{"price": "0.99", "size": "550"}, {"price": "0.98", "size": "392"}], "event_type": "book", "last_trade_price": ""}, {"market": "0x73c4ce3eda678344f60af21d04bbf95ab1e02766250fc21a4e0d2484e5850cd6", "asset_id": "83402973100018208168016344222167757482100931920352212490804729160208403138334", "timestamp": "1769382487345", "hash": "245056ba558a7131603bb2d4f0895a61bed90d26", "bids": [{"price": "0.01", "size": "570.11"}, {"price": "0.02", "size": "157.03"}, {"price": "0.03", "size": "211.7"}, {"price": "0.05", "size": "13.41"}], "asks": [{"price": "0.99", "size": "550"}, {"price": "0.98", "size": "400"}], "event_type": "book", "last_trade_price": ""}, {"market": "0x0f68f8634f3549b07d806ce4083cf76809f91f7158c4d3800420571df77d08a6", "asset_id": "104352245574586614606144562852672485889186950548876180346972700763540900579159", "timestamp": "1769382487345", "hash": "e7a6d329422df4616450daec414b5f225a4ff750", "bids": [{"price": "0.01", "size": "550"}, {"price": "0.02", "size": "388"}], "asks": [{"price": "0.99", "size": "572.04"}, {"price": "0.98", "size": "155.12"}, {"price": "0.97", "size": "83.97"}, {"price": "0.95", "size": "13.63"}], "event_type": "book", "last_trade_price": ""}, {"market": "0x17b7280ee9e34389c477f917866e47c83e65115c348dda3f2f701ab619e44ca9", "asset_id": "14401073635290527053412027181329006060194026144783703963644092846200102938811", "timestamp": "1769382589264", "hash": "bce1b9429c9b7de7162859165b6e00ab78be04ca", "bids": [{"price": "0.01", "size": "568.81"}, {"price": "0.02", "size": "158.94"}, {"price": "0.03", "size": "11.07"}, {"price": "0.04", "size": "93"}, {"price": "0.05", "size": "406.01"}], "asks": [{"price": "0.99", "size": "564.79"}, {"price": "0.98", "size": "156.69"}, {"price": "0.97", "size": "8.79"}, {"price": "0.94", "size": "27.57"}, {"price": "0.93", "size": "291.18"}], "event_type": "book", "last_trade_price": ""}, {"market": "0x17b7280ee9e34389c477f917866e47c83e65115c348dda3f2f701ab619e44ca9", "asset_id": "44806529659539907121635940135921765245905396334719360796800884637784434607397", "timestamp": "1769382589264", "hash": "65b9fa02377e9949a60c46ece8b16de95e0a5370", "bids": [{"price": "0.01", "size": "564.79"}, {"price": "0.02", "size": "156.69"}, {"price": "0.03", "size": "8.79"}, {"price": "0.06", "size": "27.57"}, {"price": "0.07", "size": "291.18"}], "asks": [{"price": "0.99", "size": "568.81"}, {"price": "0.98", "size": "158.94"}, {"price": "0.97", "size": "11.07"}, {"price": "0.96", "size": "93"}, {"price": "0.95", "size": "406.01"}], "event_type": "book", "last_trade_price": ""}]}
{"_local_timestamp": "2026-01-25T23:41:26.703004+00:00", "data": {"market": "0x0f68f8634f3549b07d806ce4083cf76809f91f7158c4d3800420571df77d08a6", "price_changes": [{"asset_id": "87892647056888590368928083547517063003822950734965484639128889925385834873322", "price": "0.01", "size": "559.8", "side": "BUY", "hash": "93ce6c41c03b8da43d59069c635513282da2519d", "best_bid": "0.05", "best_ask": "0.98"}, {"asset_id": "104352245574586614606144562852672485889186950548876180346972700763540900579159", "price": "0.99", "size": "559.8", "side": "SELL", "hash": "6afb3e73143fa8da54202ae1f27cff94dce5fba8", "best_bid": "0.02", "best_ask": "0.95"}], "timestamp": "1769384486630", "event_type": "price_change"}}
{"_local_timestamp": "2026-01-25T23:41:26.707685+00:00", "data": {"market": "0x0f68f8634f3549b07d806ce4083cf76809f91f7158c4d3800420571df77d08a6", "price_changes": [{"asset_id": "87892647056888590368928083547517063003822950734965484639128889925385834873322", "price": "0.03", "size": "75", "side": "BUY", "hash": "93ce6c41c03b8da43d59069c635513282da2519d", "best_bid": "0.05", "best_ask": "0.98"}, {"asset_id": "104352245574586614606144562852672485889186950548876180346972700763540900579159", "price": "0.97", "size": "75", "side": "SELL", "hash": "6afb3e73143fa8da54202ae1f27cff94dce5fba8", "best_bid": "0.02", "best_ask": "0.95"}], "timestamp": "1769384486630", "event_type": "price_change"}}
{"_local_timestamp": "2026-01-25T23:41:26.708101+00:00", "data": {"market": "0x0f68f8634f3549b07d806ce4083cf76809f91f7158c4d3800420571df77d08a6", "price_changes": [{"asset_id": "87892647056888590368928083547517063003822950734965484639128889925385834873322", "price": "0.05", "size": "5.47", "side": "BUY", "hash": "93ce6c41c03b8da43d59069c635513282da2519d", "best_bid": "0.05", "best_ask": "0.98"}, {"asset_id": "104352245574586614606144562852672485889186950548876180346972700763540900579159", "price": "0.95", "size": "5.47", "side": "SELL", "hash": "6afb3e73143fa8da54202ae1f27cff94dce5fba8", "best_bid": "0.02", "best_ask": "0.95"}], "timestamp": "1769384486630", "event_type": "price_change"}}
