{"_local_timestamp": "2026-01-25T23:33:52.489270+00:00", "data": [{"market": "0x31b421e450daa500d7bfee7de751409f40335956f704c471b2a1de186d493ed6", "asset_id": "47840166507003470407690635144750551849324112512246628466599313245271318760934", "timestamp": "1769382483676", "hash": "9e168a86e915087deebaf448b0b183bf652e4096", "bids": [{"price": "0.01", "size": "1247.55"}, {"price": "0.02", "size": "855.96"}, {"price": "0.03", "size": "14.05"}, {"price": "0.05", "size": "30"}, {"price": "0.06", "size": "120.7"}, {"price": "0.07", "size": "10.57"}], "asks": [{"price": "0.99", "size": "844.62"}, {"price": "0.98", "size": "157.3"}, {"price": "0.97", "size": "11.53"}, {"price": "0.96", "size": "300"}, {"price": "0.95", "size": "430"}, {"price": "0.94", "size": "33"}, {"price": "0.93", "size": "6.24"}, {"price": "0.9", "size": "130"}, {"price": "0.89", "size": "165"}, {"price": "0.88", "size": "7.7"}, {"price": "0.78", "size": "10"}], "event_type": "book", "last_trade_price": ""}, {"market": "0x3d999922ce12f719fd18132e777a7709fb26b4539bb2ad6f582dd841ce8f4a99", "asset_id": "13207661099141962947663495556733537928379449801618103434146507396593341086875", "timestamp": "1769383470244", "hash": "3ed34a4628e6a9997f36177c7ad0789112250ce7", "bids": [{"price": "0.01", "size": "844.54"}, {"price": "0.02", "size": "155.98"}, {"price": "0.03", "size": "11.48"}, {"price": "0.04", "size": "300"}, {"price": "0.05", "size": "355"}, {"price": "0.06", "size": "108"}, {"price": "0.07", "size": "6.54"}, {"price": "0.08", "size": "162.5"}, {"price": "0.1", "size": "55"}, {"price": "0.12", "size": "91.66"}, {"price": "0.13", "size": "7.17"}, {"price": "0.22", "size": "10"}], "asks": [{"price": "0.99", "size": "1247.55"}, {"price": "0.98", "size": "855.96"}, {"price": "0.97", "size": "264.05"}, {"price": "0.95", "size": "30"}, {"price": "0.94", "size": "21.47"}], "event_type": "book", "last_trade_price": ""}, {"market": "0x3d999922ce12f719fd18132e777a7709fb26b4539bb2ad6f582dd841ce8f4a99", "asset_id": "34637690715140526833280508422650590476834360383804489845637126247612996200004", "timestamp": "1769383470244", "hash": "1a9085dc61d4de585a55b5ddc905d14ed911082e", "bids": [{"price": "0.01", "size": "1247.55"}, {"price": "0.02", "size": "855.96"}, {"price": "0.03", "size": "264.05"}, {"price": "0.05", "size": "30"}, {"price": "0.06", "size": "21.47"}], "asks": [{"price": "0.99", "size": "844.54"}, {"price": "0.98", "size": "155.98"}, {"price": "0.97", "size": "11.48"}, {"price": "0.96", "size": "300"}, {"price": "0.95", "size": "355"}, {"price": "0.94", "size": "108"}, {"price": "0.93", "size": "6.54"}, {"price": "0.92", "size": "162.5"}, {"price": "0.9", "size": "55"}, {"price": "0.88", "size": "91.66"}, {"price": "0.87", "size": "7.17"}, {"price": "0.78", "size": "10"}], "event_type": "book", "last_trade_price": ""}, {"market": "0x59e9a862a2b249655c9ee7796c4e883f8b21d02b545d00ea1d6aa14a7c7bc263", "asset_id": "12017948103387442117202904006254714830026787961831250311865893301103344850816", "timestamp": "1769382932553", "hash": "cbab3e392f500d8510f436406e3f41076296adb5", "bids": [{"price": "0.01", "size": "123.8"}, {"price": "0.02", "size": "156.65"}, {"price": "0.03", "size": "11.76"}, {"price": "0.04", "size": "300"}, {"price": "0.05", "size": "430"}, {"price": "0.06", "size": "33"}, {"price": "0.07", "size": "6.01"}, {"price": "0.1", "size": "130"}, {"price": "0.11", "size": "65"}, {"price": "0.12", "size": "91.66"}, {"price": "0.13", "size": "7.35"}, {"price": "0.22", "size": "10"}], "asks": [{"price": "0.99", "size": "527.55"}, {"price": "0.98", "size": "461.64"}, {"price": "0.97", "size": "400"}, {"price": "0.96", "size": "7.7"}, {"price": "0.95", "size": "152.41"}, {"price": "0.94", "size": "41.7"}, {"price": "0.93", "size": "10.57"}], "event_type": "book", "last_trade_price": ""}, {"market": "0x31b421e450daa500d7bfee7de751409f40335956f704c471b2a1de186d493ed6", "asset_id": "79117537874276198527181208531132228514807909134268975156119138369249097603728", "timestamp": "1769382483676", "hash": "f6978fdc2e99f7e52595d91d18ad44750304f2c3", "bids": [{"price": "0.01", "size": "844.62"}, {"price": "0.02", "size": "157.3"}, {"price": "0.03", "size": "11.53"}, {"price": "0.04", "size": "300"}, {"price": "0.05", "size": "430"}, {"price": "0.06", "size": "33"}, {"price": "0.07", "size": "6.24"}, {"price": "0.1", "size": "130"}, {"price": "0.11", "size": "165"}, {"price": "0.12", "size": "7.7"}, {"price": "0.22", "size": "10"}], "asks": [{"price": "0.99", "size": "1247.55"}, {"price": "0.98", "size": "855.96"}, {"price": "0.97", "size": "14.05"}, {"price": "0.95", "size": "30"}, {"price": "0.94", "size": "120.7"}, {"price": "0.93", "size": "10.57"}], "event_type": "book", "last_trade_price": ""}, {"market": "0x59e9a862a2b249655c9ee7796c4e883f8b21d02b545d00ea1d6aa14a7c7bc263", "asset_id": "60264056648836886319566987873674829139392674638408926853316616876864409011192", "timestamp": "1769382932553", "hash": "4964ab05cc95819b50d098f9f57062a485347c96", "bids": [{"price": "0.01", "size": "527.55"}, {"price": "0.02", "size": "461.64"}, {"price": "0.03", "size": "400"}, {"price": "0.04", "size": "7.7"}, {"price": "0.05", "size": "152.41"}, {"price": "0.06", "size": "41.7"}, {"price": "0.07", "size": "10.57"}], "asks": [{"price": "0.99", "size": "123.8"}, {"price": "0.98", "size": "156.65"}, {"price": "0.97", "size": "11.76"}, {"price": "0.96", "size": "300"}, {"price": "0.95", "size": "430"}, {"price": "0.94", "size": "33"}, {"price": "0.93", "size": "6.01"}, {"price": "0.9", "size": "130"}, {"price": "0.89", "size": "65"}, {"price": "0.88", "size": "91.66"}, {"price": "0.87", "size": "7.35"}, {"price": "0.78", "size": "10"}], "event_type": "book", "last_trade_price": ""}]}
{"_local_timestamp": "2026-01-25T23:33:54.654758+00:00", "data": {"market": "0x31b421e450daa500d7bfee7de751409f40335956f704c471b2a1de186d493ed6", "price_changes": [{"asset_id": "79117537874276198527181208531132228514807909134268975156119138369249097603728", "price": "0.12", "size": "0", "side": "BUY", "hash": "ddc22867a6c677831b03e1c19becaf68b8cad6d3", "best_bid": "0.22", "best_ask": "0.93"}, {"asset_id": "47840166507003470407690635144750551849324112512246628466599313245271318760934", "price": "0.88", "size": "0", "side": "SELL", "hash": "357f995174e471729eac844046582da096ff8aed", "best_bid": "0.07", "best_ask": "0.78"}], "timestamp": "1769384034580", "event_type": "price_change"}}
{"_local_timestamp": "2026-01-25T23:33:56.257951+00:00", "data": {"market": "0x31b421e450daa500d7bfee7de751409f40335956f704c471b2a1de186d493ed6", "price_changes": [{"asset_id": "79117537874276198527181208531132228514807909134268975156119138369249097603728", "price": "0.13", "size": "7.11", "side": "BUY", "hash": "b09def62c1d802c6f5c894a31567e6df43df9e25", "best_bid": "0.22", "best_ask": "0.93"}, {"asset_id": "47840166507003470407690635144750551849324112512246628466599313245271318760934", "price": "0.87", "size": "7.11", "side": "SELL", "hash": "bd6de4aea71ef5d18570138e3ad585fd377b6183", "best_bid": "0.07", "best_ask": "0.78"}], "timestamp": "1769384036175", "event_type": "price_change"}}
{"_local_timestamp": "2026-01-25T23:33:56.427635+00:00", "data": {"market": "0x3d999922ce12f719fd18132e777a7709fb26b4539bb2ad6f582dd841ce8f4a99", "price_changes": [{"asset_id": "13207661099141962947663495556733537928379449801618103434146507396593341086875", "price": "0.13", "size": "0", "side": "BUY", "hash": "223c390b67d52f80ca4c1494fcb5ac9d9f683528", "best_bid": "0.22", "best_ask": "0.94"}, {"asset_id": "34637690715140526833280508422650590476834360383804489845637126247612996200004", "price": "0.87", "size": "0", "side": "SELL", "hash": "e7e565f7fd9fcb108b954cc5e55f15b3b551ff5d", "best_bid": "0.06", "best_ask": "0.78"}], "timestamp": "1769384036356", "event_type": "price_change"}}
{"_local_timestamp": "2026-01-25T23:33:56.428076+00:00", "data": {"market": "0x59e9a862a2b249655c9ee7796c4e883f8b21d02b545d00ea1d6aa14a7c7bc263", "price_changes": [{"asset_id": "12017948103387442117202904006254714830026787961831250311865893301103344850816", "price": "0.13", "size": "0", "side": "BUY", "hash": "9459cfc11ad3eb1cebfe0d6e1b2df01922b4d95d", "best_bid": "0.22", "best_ask": "0.93"}, {"asset_id": "60264056648836886319566987873674829139392674638408926853316616876864409011192", "price": "0.87", "size": "0", "side": "SELL", "hash": "e23086e074b5b909a845a9168d0d4c6ccb7c2e0b", "best_bid": "0.07", "best_ask": "0.78"}], "timestamp": "1769384036356", "event_type": "price_change"}}
{"_local_timestamp": "2026-01-25T23:33:57.711036+00:00", "data": {"market": "0x3d999922ce12f719fd18132e777a7709fb26b4539bb2ad6f582dd841ce8f4a99", "price_changes": [{"asset_id": "13207661099141962947663495556733537928379449801618103434146507396593341086875", "price": "0.13", "size": "7.17", "side": "BUY", "hash": "80b34b47ba691b4a6eaba869ad60348a190800be", "best_bid": "0.22", "best_ask": "0.94"}, {"asset_id": "34637690715140526833280508422650590476834360383804489845637126247612996200004", "price": "0.87", "size": "7.17", "side": "SELL", "hash": "09eab9d4932ac291f2c6bfee0bad8e8ee3517fd5", "best_bid": "0.06", "best_ask": "0.78"}], "timestamp": "1769384037643", "event_type": "price_change"}}
{"_local_timestamp": "2026-01-25T23:33:57.716815+00:00", "data": {"market": "0x59e9a862a2b249655c9ee7796c4e883f8b21d02b545d00ea1d6aa14a7c7bc263", "price_changes": [{"asset_id": "12017948103387442117202904006254714830026787961831250311865893301103344850816", "price": "0.13", "size": "7.35", "side": "BUY", "hash": "0328f91fc286c4b9577ce0e91832fc4c48968aea", "best_bid": "0.22", "best_ask": "0.93"}, {"asset_id": "60264056648836886319566987873674829139392674638408926853316616876864409011192", "price": "0.87", "size": "7.35", "side": "SELL", "hash": "3d97e243421c758ad895e4ed95f0dd99edc50036", "best_bid": "0.07", "best_ask": "0.78"}], "timestamp": "1769384037643", "event_type": "price_change"}}
