{"_local_timestamp": "2026-01-25T23:34:06.189748+00:00", "data": [{"market": "0xb961a5693b6d73b7cddaf919865954faf5adc9aa40030b400c944407848d3f09", "asset_id": "75523945934191002577651023951973138863354937362610628387941734491514497268881", "timestamp": "1769382511257", "hash": "bcabdd266258afcf6e01e2b39551549c16d837ee", "bids": [{"price": "0.01", "size": "266.61"}, {"price": "0.02", "size": "150"}, {"price": "0.03", "size": "9.54"}, {"price": "0.05", "size": "80"}, {"price": "0.06", "size": "33"}, {"price": "0.07", "size": "7.81"}, {"price": "0.08", "size": "162.5"}, {"price": "0.09", "size": "61.11"}, {"price": "0.1", "size": "60"}, {"price": "0.15", "size": "133.33"}, {"price": "0.16", "size": "6.25"}], "asks": [{"price": "0.99", "size": "462.39"}, {"price": "0.98", "size": "430.89"}, {"price": "0.97", "size": "10.67"}, {"price": "0.95", "size": "40"}, {"price": "0.94", "size": "73.29"}, {"price": "0.93", "size": "68.47"}, {"price": "0.92", "size": "250"}, {"price": "0.91", "size": "11.1"}], "event_type": "book", "last_trade_price": ""}, {"market": "0x3890197fdf8be58cc6fe7bda68cf7db5b5ded823b832b675cefeef7c4966add1", "asset_id": "10971206625573033633767861344754439245240900093680281249132141744545344021206", "timestamp": "1769383079937", "hash": "9c8290c0e952624bbea9444ab7bf6245ac758196", "bids": [{"price": "0.01", "size": "569.87"}, {"price": "0.02", "size": "156.69"}, {"price": "0.03", "size": "84.18"}, {"price": "0.05", "size": "15.11"}], "asks": [{"price": "0.99", "size": "550"}, {"price": "0.98", "size": "400"}], "event_type": "book", "last_trade_price": ""}, {"market": "0x06e6bfcadb7be721057421cb1e743310d7a77a47d3e0d106b67cc16990a95394", "asset_id": "6476850212067780245784891552115271315230639258826310806803979842498631458677", "timestamp": "1769382493505", "hash": "6c1ff40d2e95ca71dafb1daeaa5f0729ed5a57f1", "bids": [{"price": "0.01", "size": "572.79"}, {"price": "0.02", "size": "160.48"}, {"price": "0.03", "size": "198.65"}, {"price": "0.05", "size": "12.73"}], "asks": [{"price": "0.99", "size": "550"}, {"price": "0.98", "size": "375"}], "event_type": "book", "last_trade_price": ""}, {"market": "0x6025384a4ad570136ff3a2a4b59265010e8ce6ee0ae018023785d31e0f850b66", "asset_id": "81449640183441243458052858019091980346103348067128220725025985544994028177513", "timestamp": "1769382489468", "hash": "e1a55cb8629c614cee53efb1c81acbdd243dda92", "bids": [{"price": "0.01", "size": "550"}, {"price": "0.02", "size": "150"}], "asks": [{"price": "0.99", "size": "571.08"}, {"price": "0.98", "size": "27.03"}, {"price": "0.97", "size": "116"}, {"price": "0.96", "size": "5.47"}], "event_type": "book", "last_trade_price": ""}, {"market": "0x3890197fdf8be58cc6fe7bda68cf7db5b5ded823b832b675cefeef7c4966add1", "asset_id": "45092827248006217581056152036714445072385634897598110921927679749556717674095", "timestamp": "1769383079937", "hash": "7b25575aaa2fb42d99683434e67510b15a4f7d03", "bids": [{"price": "0.01", "size": "550"}, {"price": "0.02", "size": "400"}], "asks": [{"price": "0.99", "size": "569.87"}, {"price": "0.98", "size": "156.69"}, {"price": "0.97", "size": "84.18"}, {"price": "0.95", "size": "15.11"}], "event_type": "book", "last_trade_price": ""}, {"market": "0x8d8bafb56ba489785be7704476fd8afd3c712b6d3e493b255e135243890e1e20", "asset_id": "25448559062413001093544006167679402123302595549136595768965776261160167292788", "timestamp": "1769383098416", "hash": "dc87670c8397e9187672ec537e36ab892d1cfbc0", "bids": [{"price": "0.01", "size": "564.79"}, {"price": "0.02", "size": "157.03"}, {"price": "0.03", "size": "12.74"}, {"price": "0.05", "size": "32"}, {"price": "0.06", "size": "344.28"}], "asks": [{"price": "0.99", "size": "572.04"}, {"price": "0.98", "size": "160.48"}, {"price": "0.97", "size": "81.65"}, {"price": "0.96", "size": "509.25"}], "event_type": "book", "last_trade_price": ""}, {"market": "0x8d8bafb56ba489785be7704476fd8afd3c712b6d3e493b255e135243890e1e20", "asset_id": "68812230487812701459193980257928439864756331972411713840404392382208479682700", "timestamp": "1769383098416", "hash": "d9e3d811d07d9c9f62b9b6097e5f6a61323cd13c", "bids": [{"price": "0.01", "size": "572.04"}, {"price": "0.02", "size": "160.48"}, {"price": "0.03", "size": "81.65"}, {"price": "0.04", "size": "509.25"}], "asks": [{"price": "0.99", "size": "564.79"}, {"price": "0.98", "size": "157.03"}, {"price": "0.97", "size": "12.74"}, {"price": "0.95", "size": "32"}, {"price": "0.94", "size": "344.28"}], "event_type": "book", "last_trade_price": ""}, {"market": "0x06e6bfcadb7be721057421cb1e743310d7a77a47d3e0d106b67cc16990a95394", "asset_id": "73356738251605900678164237472372897226491905208533410246662829945504807552910", "timestamp": "1769382493505", "hash": "c7d12b758d86e999eaf2e028828c78d3e81dcfe8", "bids": [{"price": "0.01", "size": "550"}, {"price": "0.02", "size": "375"}], "asks": [{"price": "0.99", "size": "572.79"}, {"price": "0.98", "size": "160.48"}, {"price": "0.97", "size": "198.65"}, {"price": "0.95", "size": "12.73"}], "event_type": "book", "last_trade_price": ""}, {"market": "0xb961a5693b6d73b7cddaf919865954faf5adc9aa40030b400c944407848d3f09", "asset_id": "103787645321247330850321255527422099084923358623670605437371793489335794088095", "timestamp": "1769382511257", "hash": "54c9a97ad6f9f69f9ba804727f6b111dbbc2d795", "bids": [{"price": "0.01", "size": "462.39"}, {"price": "0.02", "size": "430.89"}, {"price": "0.03", "size": "10.67"}, {"price": "0.05", "size": "40"}, {"price": "0.06", "size": "73.29"}, {"price": "0.07", "size": "68.47"}, {"price": "0.08", "size": "250"}, {"price": "0.09", "size": "11.1"}], "asks": [{"price": "0.99", "size": "266.61"}, {"price": "0.98", "size": "150"}, {"price": "0.97", "size": "9.54"}, {"price": "0.95", "size": "80"}, {"price": "0.94", "size": "33"}, {"price": "0.93", "size": "7.81"}, {"price": "0.92", "size": "162.5"}, {"price": "0.91", "size": "61.11"}, {"price": "0.9", "size": "60"}, {"price": "0.85", "size": "133.33"}, {"price": "0.84", "size": "6.25"}], "event_type": "book", "last_trade_price": ""}, {"market": "0x22f32e45dc83d1a99e867768f8d4803f006cd61887c7f36b143146352adfd01d", "asset_id": "59078062945629302754806648021414713373382988973448581028034732072204789148568", "timestamp": "1769382630431", "hash": "682bf7f8d7606917acf575192e1a6804e8b8e8a9", "bids": [{"price": "0.01", "size": "550"}, {"price": "0.02", "size": "400"}], "asks": [{"price": "0.99", "size": "568.34"}, {"price": "0.98", "size": "160.56"}, {"price": "0.97", "size": "88.58"}, {"price": "0.95", "size": "11.22"}], "event_type": "book", "last_trade_price": ""}, {"market": "0x22f32e45dc83d1a99e867768f8d4803f006cd61887c7f36b143146352adfd01d", "asset_id": "41248233462607205918018874246194915286521962131995890622399616375091678084761", "timestamp": "1769382630431", "hash": "028dbc3384bcb35dfbede473389764248391dbec", "bids": [{"price": "0.01", "size": "568.34"}, {"price": "0.02", "size": "160.56"}, {"price": "0.03", "size": "88.58"}, {"price": "0.05", "size": "11.22"}], "asks": [{"price": "0.99", "size": "550"}, {"price": "0.98", "size": "400"}], "event_type": "book", "last_trade_price": ""}, {"market": "0x6025384a4ad570136ff3a2a4b59265010e8ce6ee0ae018023785d31e0f850b66", "asset_id": "66370958235392924856977994299984004192325581269000333860969861266988336605366", "timestamp": "1769382489468", "hash": "93f51cdf24ba003eac949cdd3ac25f8770737527", "bids": [{"price": "0.01", "size": "571.08"}, {"price": "0.02", "size": "27.03"}, {"price": "0.03", "size": "116"}, {"price": "0.04", "size": "5.47"}], "asks": [{"price": "0.99", "size": "550"}, {"price": "0.98", "size": "150"}], "event_type": "book", "last_trade_price": ""}]}
