{"_local_timestamp": "2026-01-25T23:41:28.987643+00:00", "data": [{"market": "0xaa05acd0703fc61b6b67451a9d1fc1b13c0d3a479058528b844450764d1b89c2", "asset_id": "95603552603610858654865711094440176053776934922381350810648751448196388515290", "timestamp": "1769384339340", "hash": "38907f172abb7595f68f7e02cf4fe7c299bfb831", "bids": [{"price": "0.01", "size": "214.93"}, {"price": "0.02", "size": "50"}, {"price": "0.03", "size": "274.27"}, {"price": "0.04", "size": "1237"}, {"price": "0.05", "size": "960"}, {"price": "0.06", "size": "33"}, {"price": "0.07", "size": "6.19"}, {"price": "0.08", "size": "300"}, {"price": "0.15", "size": "7.65"}, {"price": "0.16", "size": "132"}, {"price": "0.72", "size": "100"}], "asks": [{"price": "0.99", "size": "600"}, {"price": "0.98", "size": "560.97"}, {"price": "0.97", "size": "966"}, {"price": "0.96", "size": "49"}, {"price": "0.95", "size": "64"}, {"price": "0.94", "size": "7.45"}, {"price": "0.85", "size": "10"}, {"price": "0.83", "size": "50"}, {"price": "0.82", "size": "100"}], "event_type": "book", "last_trade_price": ""}, {"market": "0xaa05acd0703fc61b6b67451a9d1fc1b13c0d3a479058528b844450764d1b89c2", "asset_id": "30563473793939181167542319155303314166614691649173455624275181053402792683289", "timestamp": "1769384339340", "hash": "a41c3672ba0b74b2f5c7aae3a09cce2c1585fcbe", "bids": [{"price": "0.01", "size": "600"}, {"price": "0.02", "size": "560.97"}, {"price": "0.03", "size": "966"}, {"price": "0.04", "size": "49"}, {"price": "0.05", "size": "64"}, {"price": "0.06", "size": "7.45"}, {"price": "0.15", "size": "10"}, {"price": "0.17", "size": "50"}, {"price": "0.18", "size": "100"}], "asks": [{"price": "0.99", "size": "214.93"}, {"price": "0.98", "size": "50"}, {"price": "0.97", "size": "274.27"}, {"price": "0.96", "size": "1237"}, {"price": "0.95", "size": "960"}, {"price": "0.94", "size": "33"}, {"price": "0.93", "size": "6.19"}, {"price": "0.92", "size": "300"}, {"price": "0.85", "size": "7.65"}, {"price": "0.84", "size": "132"}, {"price": "0.28", "size": "100"}], "event_type": "book", "last_trade_price": ""}, {"market": "0x68b5af73c7434702ef60379b98260261fafad89ec4d72bf22ad496995cbbda45", "asset_id": "33244363850148823540133369191996701731496259206696752152385036579375277900867", "timestamp": "1769384280816", "hash": "b7fea4617f6637ca4e91c818d1159254dde9a950", "bids": [{"price": "0.01", "size": "611.55"}, {"price": "0.02", "size": "550"}, {"price": "0.03", "size": "972.61"}, {"price": "0.05", "size": "40"}, {"price": "0.06", "size": "53"}, {"price": "0.07", "size": "5.04"}, {"price": "0.17", "size": "10"}, {"price": "0.2", "size": "150"}], "asks": [{"price": "0.99", "size": "415.01"}, {"price": "0.98", "size": "50"}, {"price": "0.97", "size": "90.99"}, {"price": "0.96", "size": "1562"}, {"price": "0.95", "size": "700"}, {"price": "0.94", "size": "33"}, {"price": "0.93", "size": "6.23"}, {"price": "0.92", "size": "300"}, {"price": "0.82", "size": "6.35"}, {"price": "0.8", "size": "79"}, {"price": "0.3", "size": "150"}], "event_type": "book", "last_trade_price": ""}, {"market": "0xc79ddfd2e75cb8259d9841771658f1104d7d22c46665dc7874b222fc8e1ee416", "asset_id": "73239899320580581795268388011084010459457818324677996826195163845210580224109", "timestamp": "1769384424975", "hash": "e102b0aafcc0310dbece94af741f7ac8d76f0d6b", "bids": [{"price": "0.01", "size": "600"}, {"price": "0.02", "size": "556.67"}, {"price": "0.03", "size": "966"}, {"price": "0.04", "size": "49"}, {"price": "0.05", "size": "540"}, {"price": "0.06", "size": "8.88"}, {"price": "0.14", "size": "218"}, {"price": "0.36", "size": "10"}, {"price": "0.48", "size": "150"}, {"price": "0.49", "size": "5"}], "asks": [{"price": "0.99", "size": "217.6"}, {"price": "0.98", "size": "50"}, {"price": "0.97", "size": "270.79"}, {"price": "0.96", "size": "1237"}, {"price": "0.95", "size": "960"}, {"price": "0.94", "size": "40.19"}, {"price": "0.88", "size": "294.23"}, {"price": "0.58", "size": "150"}, {"price": "0.57", "size": "5"}], "event_type": "book", "last_trade_price": ""}, {"market": "0x68b5af73c7434702ef60379b98260261fafad89ec4d72bf22ad496995cbbda45", "asset_id": "61140580917133813163629458010542913077729698560859268731126583635125754069256", "timestamp": "1769384280816", "hash": "bfadb030e7ab92f704436dd372ab5fd6c20312fb", "bids": [{"price": "0.01", "size": "415.01"}, {"price": "0.02", "size": "50"}, {"price": "0.03", "size": "90.99"}, {"price": "0.04", "size": "1562"}, {"price": "0.05", "size": "700"}, {"price": "0.06", "size": "33"}, {"price": "0.07", "size": "6.23"}, {"price": "0.08", "size": "300"}, {"price": "0.18", "size": "6.35"}, {"price": "0.2", "size": "79"}, {"price": "0.7", "size": "150"}], "asks": [{"price": "0.99", "size": "611.55"}, {"price": "0.98", "size": "550"}, {"price": "0.97", "size": "972.61"}, {"price": "0.95", "size": "40"}, {"price": "0.94", "size": "53"}, {"price": "0.93", "size": "5.04"}, {"price": "0.83", "size": "10"}, {"price": "0.8", "size": "150"}], "event_type": "book", "last_trade_price": ""}, {"market": "0xc79ddfd2e75cb8259d9841771658f1104d7d22c46665dc7874b222fc8e1ee416", "asset_id": "100491083402032186331461558732066539537667784958274761901390882190495196078589", "timestamp": "1769384424975", "hash": "aa22f6c2fb19a71b09260b6a01fa6df241b29799", "bids": [{"price": "0.01", "size": "217.6"}, {"price": "0.02", "size": "50"}, {"price": "0.03", "size": "270.79"}, {"price": "0.04", "size": "1237"}, {"price": "0.05", "size": "960"}, {"price": "0.06", "size": "40.19"}, {"price": "0.12", "size": "294.23"}, {"price": "0.42", "size": "150"}, {"price": "0.43", "size": "5"}], "asks": [{"price": "0.99", "size": "600"}, {"price": "0.98", "size": "556.67"}, {"price": "0.97", "size": "966"}, {"price": "0.96", "size": "49"}, {"price": "0.95", "size": "540"}, {"price": "0.94", "size": "8.88"}, {"price": "0.86", "size": "218"}, {"price": "0.64", "size": "10"}, {"price": "0.52", "size": "150"}, {"price": "0.51", "size": "5"}], "event_type": "book", "last_trade_price": ""}]}
{"_local_timestamp": "2026-01-25T23:41:57.202424+00:00", "data": {"market": "0x68b5af73c7434702ef60379b98260261fafad89ec4d72bf22ad496995cbbda45", "price_changes": [{"asset_id": "61140580917133813163629458010542913077729698560859268731126583635125754069256", "price": "0.21", "size": "158", "side": "BUY", "hash": "975bc7de2877b3d745e13f119e763639446f68b6", "best_bid": "0.7", "best_ask": "0.8"}, {"asset_id": "33244363850148823540133369191996701731496259206696752152385036579375277900867", "price": "0.79", "size": "158", "side": "SELL", "hash": "7ebe824b3d660c34a7d7071b69be2df47cef3ede", "best_bid": "0.2", "best_ask": "0.3"}], "timestamp": "1769384517137", "event_type": "price_change"}}
{"_local_timestamp": "2026-01-25T23:41:57.207296+00:00", "data": {"market": "0xaa05acd0703fc61b6b67451a9d1fc1b13c0d3a479058528b844450764d1b89c2", "price_changes": [{"asset_id": "95603552603610858654865711094440176053776934922381350810648751448196388515290", "price": "0.16", "size": "290", "side": "BUY", "hash": "573aa82fa51e410998532fee8b56e7d55f16f6f7", "best_bid": "0.72", "best_ask": "0.82"}, {"asset_id": "30563473793939181167542319155303314166614691649173455624275181053402792683289", "price": "0.84", "size": "290", "side": "SELL", "hash": "682bdc80fc49d959f3c215974e1ab98252253109", "best_bid": "0.18", "best_ask": "0.28"}], "timestamp": "1769384517137", "event_type": "price_change"}}
{"_local_timestamp": "2026-01-25T23:41:57.207686+00:00", "data": {"market": "0xaa05acd0703fc61b6b67451a9d1fc1b13c0d3a479058528b844450764d1b89c2", "price_changes": [{"asset_id": "95603552603610858654865711094440176053776934922381350810648751448196388515290", "price": "0.17", "size": "316.66", "side": "BUY", "hash": "a73ccf402abeabe4825ff7b83e9967c92c99e99f", "best_bid": "0.72", "best_ask": "0.82"}, {"asset_id": "30563473793939181167542319155303314166614691649173455624275181053402792683289", "price": "0.83", "size": "316.66", "side": "SELL", "hash": "cb0a705d3b7fde7e5167b0a2c503580670a623a9", "best_bid": "0.18", "best_ask": "0.28"}], "timestamp": "1769384517138", "event_type": "price_change"}}
