{"_local_timestamp": "2026-01-25T23:33:38.118128+00:00", "data": [{"market": "0xf75f210bbfb262f579fe986a5385b26fe1f7e3db288f9f41dcd86ed9e12338cf", "asset_id": "32085014511497226419775273857957292227225368540971852142354862405161350878128", "timestamp": "1769383685640", "hash": "6aace9991edfb8b95a28e0162af699b7c858ab14", "bids": [{"price": "0.01", "size": "23"}, {"price": "0.25", "size": "574.02"}], "asks": [{"price": "0.99", "size": "68.29"}, {"price": "0.83", "size": "5.2"}, {"price": "0.69", "size": "16.4"}, {"price": "0.68", "size": "75"}, {"price": "0.58", "size": "32"}], "event_type": "book", "last_trade_price": "0.670"}, {"market": "0xe6f71c1bbbec47f1d992fb2fc5262dbc4750428eb8338d649b2b98441fcb2b57", "asset_id": "104821683043299974369324346682009404903351981367710233854598011708307300399912", "timestamp": "1769383641498", "hash": "e582eafeeaf27297ac4c4f24c2fb50bab551439f", "bids": [{"price": "0.01", "size": "21.63"}, {"price": "0.02", "size": "7.52"}, {"price": "0.07", "size": "7.37"}, {"price": "0.1", "size": "181.99"}, {"price": "0.26", "size": "135.89"}], "asks": [{"price": "0.99", "size": "207.99"}, {"price": "0.44", "size": "21.59"}, {"price": "0.42", "size": "3000"}, {"price": "0.28", "size": "1362.42"}], "event_type": "book", "last_trade_price": "0.740"}, {"market": "0xf75f210bbfb262f579fe986a5385b26fe1f7e3db288f9f41dcd86ed9e12338cf", "asset_id": "60852910075690344905689704333502037083233613544225782737026727009827948999131", "timestamp": "1769383685640", "hash": "9f34810a9ffcc6090da943fb0a4afc37a9cdce74", "bids": [{"price": "0.01", "size": "68.29"}, {"price": "0.17", "size": "5.2"}, {"price": "0.31", "size": "16.4"}, {"price": "0.32", "size": "75"}, {"price": "0.42", "size": "32"}], "asks": [{"price": "0.99", "size": "23"}, {"price": "0.75", "size": "574.02"}], "event_type": "book", "last_trade_price": "0.670"}, {"market": "0xe6f71c1bbbec47f1d992fb2fc5262dbc4750428eb8338d649b2b98441fcb2b57", "asset_id": "69620495033228144484119679446517455078157264379653231899829297280094206933219", "timestamp": "1769383641498", "hash": "ba523721880399c5cd4843b57be29003ae6134a7", "bids": [{"price": "0.01", "size": "207.99"}, {"price": "0.56", "size": "21.59"}, {"price": "0.58", "size": "3000"}, {"price": "0.72", "size": "1362.42"}], "asks": [{"price": "0.99", "size": "21.63"}, {"price": "0.98", "size": "7.52"}, {"price": "0.93", "size": "7.37"}, {"price": "0.9", "size": "181.99"}, {"price": "0.74", "size": "135.89"}], "event_type": "book", "last_trade_price": "0.740"}, {"market": "0x48a5bfbc06c708a785977eed61a0cca188a9029c68f639ad17bc8d64eaf0cfa6", "asset_id": "18239271567819507183360781253451305273919400484006748656567009733142364933287", "timestamp": "1769383098003", "hash": "74132ee17f33af2ef6c3552e4b5fea06391d4d69", "bids": [{"price": "0.01", "size": "8"}, {"price": "0.36", "size": "524.8"}, {"price": "0.38", "size": "2590.3"}], "asks": [{"price": "0.99", "size": "46.74"}, {"price": "0.88", "size": "10.48"}, {"price": "0.61", "size": "1000"}, {"price": "0.49", "size": "44.23"}, {"price": "0.48", "size": "1000"}, {"price": "0.45", "size": "21823.88"}, {"price": "0.44", "size": "10569.55"}, {"price": "0.43", "size": "279.22"}, {"price": "0.42", "size": "233.44"}, {"price": "0.41", "size": "696"}], "event_type": "book", "last_trade_price": "0.420"}, {"market": "0x48a5bfbc06c708a785977eed61a0cca188a9029c68f639ad17bc8d64eaf0cfa6", "asset_id": "517272364554817763436496114447464601322578277663869248460400502955826502276", "timestamp": "1769383098003", "hash": "4013bc8a48bc5ec697949a30de8d8c8a14d7de5c", "bids": [{"price": "0.01", "size": "46.74"}, {"price": "0.12", "size": "10.48"}, {"price": "0.39", "size": "1000"}, {"price": "0.51", "size": "44.23"}, {"price": "0.52", "size": "1000"}, {"price": "0.55", "size": "21823.88"}, {"price": "0.56", "size": "10569.55"}, {"price": "0.57", "size": "279.22"}, {"price": "0.58", "size": "233.44"}, {"price": "0.59", "size": "696"}], "asks": [{"price": "0.99", "size": "8"}, {"price": "0.64", "size": "524.8"}, {"price": "0.62", "size": "2590.3"}], "event_type": "book", "last_trade_price": "0.420"}]}
