{"_local_timestamp": "2026-01-25T23:34:24.385885+00:00", "data": [{"market": "0xf08ecaa729b0e4f249461572a30cee6723a28729015c877399e6589f004a89e6", "asset_id": "91926997375759926872784371348077961421541394645608677714601227754315465575307", "timestamp": "1769381899967", "hash": "2fb5f49a792161337bf821d64e400f861984fa57", "bids": [{"price": "0.01", "size": "1255.17"}, {"price": "0.02", "size": "709.15"}, {"price": "0.05", "size": "500"}, {"price": "0.06", "size": "12.75"}, {"price": "0.14", "size": "218"}, {"price": "0.55", "size": "100"}], "asks": [{"price": "0.99", "size": "1055.93"}, {"price": "0.98", "size": "700"}, {"price": "0.97", "size": "5.34"}, {"price": "0.95", "size": "500"}, {"price": "0.94", "size": "13"}, {"price": "0.87", "size": "237"}, {"price": "0.65", "size": "100"}], "event_type": "book", "last_trade_price": ""}, {"market": "0xea28f0c41bebeb3585d470edfa963bee3412f0c75d12e1467b303fd0a8855ee7", "asset_id": "16427402208654265302590227521832188831191098781828413875033254393126533937143", "timestamp": "1769382484882", "hash": "5382c8cbd1da17a9ae2ef2e9bf3f7a60a2eac806", "bids": [{"price": "0.01", "size": "470.97"}, {"price": "0.02", "size": "141.94"}, {"price": "0.03", "size": "20.38"}, {"price": "0.04", "size": "5.47"}], "asks": [{"price": "0.99", "size": "285.01"}, {"price": "0.98", "size": "32.49"}], "event_type": "book", "last_trade_price": ""}, {"market": "0xb14d07a3797017ce8d9be545a416eb1433ead08fb0c0eae1238d9021f409207a", "asset_id": "86812086480147692802561187441143188092904329474410821959960096730987297283469", "timestamp": "1769382484887", "hash": "bbf42ec10f2fa12e40774d20706f63178113b299", "bids": [{"price": "0.01", "size": "473.64"}, {"price": "0.02", "size": "140.03"}, {"price": "0.03", "size": "20.76"}, {"price": "0.04", "size": "5.47"}], "asks": [{"price": "0.99", "size": "285.01"}, {"price": "0.98", "size": "32.49"}], "event_type": "book", "last_trade_price": ""}, {"market": "0xf08ecaa729b0e4f249461572a30cee6723a28729015c877399e6589f004a89e6", "asset_id": "83562157329892178826373608504407779501735606598581970308189152926383037225623", "timestamp": "1769381899967", "hash": "63e240f070eef1dd14287008fa10d573dd30ce1f", "bids": [{"price": "0.01", "size": "1055.93"}, {"price": "0.02", "size": "700"}, {"price": "0.03", "size": "5.34"}, {"price": "0.05", "size": "500"}, {"price": "0.06", "size": "13"}, {"price": "0.13", "size": "237"}, {"price": "0.35", "size": "100"}], "asks": [{"price": "0.99", "size": "1255.17"}, {"price": "0.98", "size": "709.15"}, {"price": "0.95", "size": "500"}, {"price": "0.94", "size": "12.75"}, {"price": "0.86", "size": "218"}, {"price": "0.45", "size": "100"}], "event_type": "book", "last_trade_price": ""}, {"market": "0xea28f0c41bebeb3585d470edfa963bee3412f0c75d12e1467b303fd0a8855ee7", "asset_id": "96617845402401489150717421086199472903551940810836146125337908276813415701482", "timestamp": "1769382484882", "hash": "49f472bb331996fcce43010a33584cc8ca321c43", "bids": [{"price": "0.01", "size": "285.01"}, {"price": "0.02", "size": "32.49"}], "asks": [{"price": "0.99", "size": "470.97"}, {"price": "0.98", "size": "141.94"}, {"price": "0.97", "size": "20.38"}, {"price": "0.96", "size": "5.47"}], "event_type": "book", "last_trade_price": ""}, {"market": "0xee7d51050f11f0ab4cf677bb7351a90b808a87e9c79658faf95243d0ceddba70", "asset_id": "27544258962895807150883057737978492935095529668968869230812849403142988747197", "timestamp": "1769381486602", "hash": "4786e9e0bb7debae42a7d12af471dc8b02c56ea3", "bids": [{"price": "0.01", "size": "1260.4"}, {"price": "0.02", "size": "700"}, {"price": "0.03", "size": "10.13"}, {"price": "0.04", "size": "14"}, {"price": "0.05", "size": "11.84"}, {"price": "0.34", "size": "100"}], "asks": [{"price": "0.99", "size": "1055.17"}, {"price": "0.98", "size": "709.15"}, {"price": "0.95", "size": "500"}, {"price": "0.94", "size": "12.75"}, {"price": "0.86", "size": "218"}, {"price": "0.44", "size": "100"}], "event_type": "book", "last_trade_price": ""}, {"market": "0x7552c40ee392ed2aa71fe4f14700ecb13601d367524eb323b60a6443b7426a1b", "asset_id": "97131282180330029989372938770519404771921379818640443435677185900890490212338", "timestamp": "1769382483671", "hash": "295dd881545a580792664bb3a3cfa5453ff188aa", "bids": [{"price": "0.01", "size": "614.79"}, {"price": "0.02", "size": "26.16"}, {"price": "0.05", "size": "127"}, {"price": "0.06", "size": "43.95"}], "asks": [{"price": "0.99", "size": "618.81"}, {"price": "0.98", "size": "25.56"}, {"price": "0.97", "size": "16"}, {"price": "0.96", "size": "48"}, {"price": "0.95", "size": "106.01"}], "event_type": "book", "last_trade_price": ""}, {"market": "0xee7d51050f11f0ab4cf677bb7351a90b808a87e9c79658faf95243d0ceddba70", "asset_id": "108661143631057249744269560577104808533453969879336091698909529197220874334673", "timestamp": "1769381486602", "hash": "c684975de4cbc8cc37073657cd07e75238226246", "bids": [{"price": "0.01", "size": "1055.17"}, {"price": "0.02", "size": "709.15"}, {"price": "0.05", "size": "500"}, {"price": "0.06", "size": "12.75"}, {"price": "0.14", "size": "218"}, {"price": "0.56", "size": "100"}], "asks": [{"price": "0.99", "size": "1260.4"}, {"price": "0.98", "size": "700"}, {"price": "0.97", "size": "10.13"}, {"price": "0.96", "size": "14"}, {"price": "0.95", "size": "11.84"}, {"price": "0.66", "size": "100"}], "event_type": "book", "last_trade_price": ""}, {"market": "0x7552c40ee392ed2aa71fe4f14700ecb13601d367524eb323b60a6443b7426a1b", "asset_id": "85603011571254079297381995141455261615092605926744756691433698984049535251242", "timestamp": "1769382483671", "hash": "8854345562b8d54f2444d9eb8fc42763c9c15946", "bids": [{"price": "0.01", "size": "618.81"}, {"price": "0.02", "size": "25.56"}, {"price": "0.03", "size": "16"}, {"price": "0.04", "size": "48"}, {"price": "0.05", "size": "106.01"}], "asks": [{"price": "0.99", "size": "614.79"}, {"price": "0.98", "size": "26.16"}, {"price": "0.95", "size": "127"}, {"price": "0.94", "size": "43.95"}], "event_type": "book", "last_trade_price": ""}, {"market": "0xb14d07a3797017ce8d9be545a416eb1433ead08fb0c0eae1238d9021f409207a", "asset_id": "107209562985694839413555246243043378675682857310260719067339184670289331029495", "timestamp": "1769382484887", "hash": "c5eb1e0623ebe46d9707afaf125a2ffb862b9951", "bids": [{"price": "0.01", "size": "285.01"}, {"price": "0.02", "size": "32.49"}], "asks": [{"price": "0.99", "size": "473.64"}, {"price": "0.98", "size": "140.03"}, {"price": "0.97", "size": "20.76"}, {"price": "0.96", "size": "5.47"}], "event_type": "book", "last_trade_price": ""}]}
