{"_local_timestamp": "2026-01-25T23:33:35.467318+00:00", "data": [{"market": "0x58e630bc7bddda7a8e1dc226838e80994fe901e53f278b443db2476bd54b819d", "asset_id": "86408163884697696703165801163787205376108867217320035890938103109181935177627", "timestamp": "1769383159005", "hash": "de404dc849db8b28a9f53d815b1de71f0ed8cf90", "bids": [{"price": "0.01", "size": "10058"}, {"price": "0.1", "size": "61.5"}, {"price": "0.61", "size": "40.84"}, {"price": "0.62", "size": "7.36"}], "asks": [{"price": "0.99", "size": "10058"}, {"price": "0.9", "size": "97.34"}, {"price": "0.89", "size": "68"}, {"price": "0.88", "size": "3000"}, {"price": "0.7", "size": "1034"}, {"price": "0.68", "size": "1450.5"}], "event_type": "book", "last_trade_price": "0.320"}, {"market": "0x91b7259f19dd61c1fed7b76cb6b5bdd56e8575f3534d93be403c6a67ba38e797", "asset_id": "17675297940685534158884445854460824091275418695559873234581305338984346394213", "timestamp": "1769383159005", "hash": "87ee64b05d68e40ea28635c5531abf543c68dd9f", "bids": [{"price": "0.01", "size": "10008"}, {"price": "0.63", "size": "10"}], "asks": [{"price": "0.99", "size": "10008"}, {"price": "0.98", "size": "57.18"}, {"price": "0.74", "size": "93.53"}], "event_type": "book", "last_trade_price": ""}, {"market": "0x5b9a62f744acda654597b1068a7b370efbc7e8354e3573fe824e070fab1cc07e", "asset_id": "62053584892691746067703675779417389701480749982031913908481637882742247684776", "timestamp": "1769380905757", "hash": "c37a97263b9abddc8bdbc376ba81c883f2e04304", "bids": [{"price": "0.01", "size": "10034.2"}, {"price": "0.02", "size": "47.92"}, {"price": "0.05", "size": "20"}, {"price": "0.06", "size": "10.55"}, {"price": "0.07", "size": "300"}], "asks": [{"price": "0.99", "size": "10016.27"}, {"price": "0.98", "size": "34.66"}, {"price": "0.9", "size": "3000"}, {"price": "0.89", "size": "36.22"}], "event_type": "book", "last_trade_price": ""}, {"market": "0x5b9a62f744acda654597b1068a7b370efbc7e8354e3573fe824e070fab1cc07e", "asset_id": "5272640078663096878943934833413134217511489201987544720256815536877809881641", "timestamp": "1769380905757", "hash": "f356c60dd4a5d725538c73543be06bde292d2bfc", "bids": [{"price": "0.01", "size": "10016.27"}, {"price": "0.02", "size": "34.66"}, {"price": "0.1", "size": "3000"}, {"price": "0.11", "size": "36.22"}], "asks": [{"price": "0.99", "size": "10034.2"}, {"price": "0.98", "size": "47.92"}, {"price": "0.95", "size": "20"}, {"price": "0.94", "size": "10.55"}, {"price": "0.93", "size": "300"}], "event_type": "book", "last_trade_price": ""}, {"market": "0x91b7259f19dd61c1fed7b76cb6b5bdd56e8575f3534d93be403c6a67ba38e797", "asset_id": "24483867080090165026528250760094720025492015812130804540567085260912765068330", "timestamp": "1769383159005", "hash": "b258b403c7d75e309bbb97f9298451d3fe8a820e", "bids": [{"price": "0.01", "size": "10008"}, {"price": "0.02", "size": "57.18"}, {"price": "0.26", "size": "93.53"}], "asks": [{"price": "0.99", "size": "10008"}, {"price": "0.37", "size": "10"}], "event_type": "book", "last_trade_price": ""}, {"market": "0x58e630bc7bddda7a8e1dc226838e80994fe901e53f278b443db2476bd54b819d", "asset_id": "6849575780198233190434160568862278286986653414765360675356700769503101508758", "timestamp": "1769383159005", "hash": "959d6c66fbf375d3787c3199cedb9ebb423ba230", "bids": [{"price": "0.01", "size": "10058"}, {"price": "0.1", "size": "97.34"}, {"price": "0.11", "size": "68"}, {"price": "0.12", "size": "3000"}, {"price": "0.3", "size": "1034"}, {"price": "0.32", "size": "1450.5"}], "asks": [{"price": "0.99", "size": "10058"}, {"price": "0.9", "size": "61.5"}, {"price": "0.39", "size": "40.84"}, {"price": "0.38", "size": "7.36"}], "event_type": "book", "last_trade_price": "0.320"}]}
