{"_local_timestamp": "2026-01-25T23:34:24.913381+00:00", "data": [{"market": "0x2407a2ba34eef6dfe1d27b8cca327a8c3efa9bf07e910e69270dc680f582dcb1", "asset_id": "90853430655407508033950756984467379056185651435183975998805584635804241090184", "timestamp": "1769382483677", "hash": "8b2ed1e06c8e8b710b55aa9f86ee12a0cbd653b1", "bids": [{"price": "0.01", "size": "618.81"}, {"price": "0.02", "size": "25.56"}, {"price": "0.03", "size": "16"}, {"price": "0.04", "size": "50"}, {"price": "0.05", "size": "106.01"}], "asks": [{"price": "0.99", "size": "614.79"}, {"price": "0.98", "size": "26.16"}, {"price": "0.96", "size": "49"}, {"price": "0.95", "size": "124"}, {"price": "0.94", "size": "10.95"}], "event_type": "book", "last_trade_price": ""}, {"market": "0xae30dc2e0fa6b22b8fa00b8edca6293f02a020f36418e17aca385b753707d823", "asset_id": "107363173383928304567536448429836110578551992139325966587448739468326170896250", "timestamp": "1769383953732", "hash": "da8e0f0535a83f9946a586d0a2ebf5efdb46d1f7", "bids": [{"price": "0.01", "size": "1055.05"}, {"price": "0.02", "size": "708.93"}, {"price": "0.05", "size": "500"}, {"price": "0.06", "size": "12.84"}, {"price": "0.14", "size": "219"}, {"price": "0.65", "size": "100"}], "asks": [{"price": "0.99", "size": "1258.96"}, {"price": "0.98", "size": "700"}, {"price": "0.97", "size": "7.57"}, {"price": "0.96", "size": "15"}, {"price": "0.95", "size": "13.66"}, {"price": "0.75", "size": "100"}], "event_type": "book", "last_trade_price": ""}, {"market": "0xaecddbe2665cefbb289958c2fa9dda7aad3107cd721056c5fb908a90f6b9ec4d", "asset_id": "42401702776994011999542124018890561542586518422291937581833890131719154955820", "timestamp": "1769381899975", "hash": "dfd34b9f87813aa21c9bf3bb7334db26a5387d60", "bids": [{"price": "0.01", "size": "1255.21"}, {"price": "0.02", "size": "709.44"}, {"price": "0.05", "size": "500"}, {"price": "0.06", "size": "12.64"}, {"price": "0.14", "size": "219"}, {"price": "0.45", "size": "100"}, {"price": "0.48", "size": "19.37"}], "asks": [{"price": "0.99", "size": "1055.12"}, {"price": "0.98", "size": "709.55"}, {"price": "0.95", "size": "500"}, {"price": "0.94", "size": "12.62"}, {"price": "0.86", "size": "219"}, {"price": "0.55", "size": "100"}, {"price": "0.53", "size": "18.93"}], "event_type": "book", "last_trade_price": ""}, {"market": "0xae30dc2e0fa6b22b8fa00b8edca6293f02a020f36418e17aca385b753707d823", "asset_id": "105644452490984106007818494932837320705552715298311225114497872318469020484416", "timestamp": "1769383953732", "hash": "765e353824b8141887ca56bec8e4923f77f350db", "bids": [{"price": "0.01", "size": "1258.96"}, {"price": "0.02", "size": "700"}, {"price": "0.03", "size": "7.57"}, {"price": "0.04", "size": "15"}, {"price": "0.05", "size": "13.66"}, {"price": "0.25", "size": "100"}], "asks": [{"price": "0.99", "size": "1055.05"}, {"price": "0.98", "size": "708.93"}, {"price": "0.95", "size": "500"}, {"price": "0.94", "size": "12.84"}, {"price": "0.86", "size": "219"}, {"price": "0.35", "size": "100"}], "event_type": "book", "last_trade_price": ""}, {"market": "0x301c51f478d0108d163dbc6036d17a88af0fd47c3ad2a8a042ab2de981ce99bc", "asset_id": "13324047006825812994539034596524883608613329101223159184741135363917771537582", "timestamp": "1769383953733", "hash": "db42a5012eea0aadb22284823595a8b1cd4baa3f", "bids": [{"price": "0.01", "size": "285.01"}, {"price": "0.02", "size": "32.49"}], "asks": [{"price": "0.99", "size": "470.74"}, {"price": "0.98", "size": "139.03"}, {"price": "0.97", "size": "12.74"}, {"price": "0.96", "size": "12.21"}], "event_type": "book", "last_trade_price": ""}, {"market": "0x301c51f478d0108d163dbc6036d17a88af0fd47c3ad2a8a042ab2de981ce99bc", "asset_id": "93191408586926878785087562975920024729482646513260221001635029431860770635173", "timestamp": "1769383953733", "hash": "30f07a3f4b7583ac62b93e625a85bbe69834edae", "bids": [{"price": "0.01", "size": "470.74"}, {"price": "0.02", "size": "139.03"}, {"price": "0.03", "size": "12.74"}, {"price": "0.04", "size": "12.21"}], "asks": [{"price": "0.99", "size": "285.01"}, {"price": "0.98", "size": "32.49"}], "event_type": "book", "last_trade_price": ""}, {"market": "0xe71167e383fae414637c1d07aec4fc48d44d13684ec2597749d669cab8a93c87", "asset_id": "99573673844683297609160740305155044164115706624686445587915496270792451478283", "timestamp": "1769383063686", "hash": "c8916ccd3bee9bb12a475509e8069583c8d41970", "bids": [{"price": "0.01", "size": "1050"}, {"price": "0.02", "size": "23.33"}, {"price": "0.03", "size": "16"}, {"price": "0.04", "size": "13.33"}, {"price": "0.21", "size": "100"}], "asks": [{"price": "0.99", "size": "1255.03"}, {"price": "0.98", "size": "708.88"}, {"price": "0.95", "size": "500"}, {"price": "0.94", "size": "12.86"}, {"price": "0.86", "size": "219"}, {"price": "0.31", "size": "100"}], "event_type": "book", "last_trade_price": ""}, {"market": "0xaecddbe2665cefbb289958c2fa9dda7aad3107cd721056c5fb908a90f6b9ec4d", "asset_id": "62821176059110878411441498850789520518208360595406643569536473795390306211323", "timestamp": "1769381899975", "hash": "e00ac429d3b24c959a4237772b393197ebdd8305", "bids": [{"price": "0.01", "size": "1055.12"}, {"price": "0.02", "size": "709.55"}, {"price": "0.05", "size": "500"}, {"price": "0.06", "size": "12.62"}, {"price": "0.14", "size": "219"}, {"price": "0.45", "size": "100"}, {"price": "0.47", "size": "18.93"}], "asks": [{"price": "0.99", "size": "1255.21"}, {"price": "0.98", "size": "709.44"}, {"price": "0.95", "size": "500"}, {"price": "0.94", "size": "12.64"}, {"price": "0.86", "size": "219"}, {"price": "0.55", "size": "100"}, {"price": "0.52", "size": "19.37"}], "event_type": "book", "last_trade_price": ""}, {"market": "0x2407a2ba34eef6dfe1d27b8cca327a8c3efa9bf07e910e69270dc680f582dcb1", "asset_id": "8574021698225487798571961393731418298444829102643856845698170835139587176052", "timestamp": "1769382483677", "hash": "2a284fdce045d5cf3dd4038099eb22bb5518c49c", "bids": [{"price": "0.01", "size": "614.79"}, {"price": "0.02", "size": "26.16"}, {"price": "0.04", "size": "49"}, {"price": "0.05", "size": "124"}, {"price": "0.06", "size": "10.95"}], "asks": [{"price": "0.99", "size": "618.81"}, {"price": "0.98", "size": "25.56"}, {"price": "0.97", "size": "16"}, {"price": "0.96", "size": "50"}, {"price": "0.95", "size": "106.01"}], "event_type": "book", "last_trade_price": ""}, {"market": "0xe71167e383fae414637c1d07aec4fc48d44d13684ec2597749d669cab8a93c87", "asset_id": "11547888830200563688554449873551348206660392189413460465717978893393780350632", "timestamp": "1769383063686", "hash": "56b26681d3b6fbd31beb495c7fe3156922c98388", "bids": [{"price": "0.01", "size": "1255.03"}, {"price": "0.02", "size": "708.88"}, {"price": "0.05", "size": "500"}, {"price": "0.06", "size": "12.86"}, {"price": "0.14", "size": "219"}, {"price": "0.69", "size": "100"}], "asks": [{"price": "0.99", "size": "1050"}, {"price": "0.98", "size": "23.33"}, {"price": "0.97", "size": "16"}, {"price": "0.96", "size": "13.33"}, {"price": "0.79", "size": "100"}], "event_type": "book", "last_trade_price": ""}]}
