{"_local_timestamp": "2026-01-25T23:34:24.300289+00:00", "data": [{"market": "0x64e02471de669f239347439f8f1af22b65ef921f5c3797a9028992a2a2575237", "asset_id": "107279764980932495213483725380849736665131113675875457983716336994405874651068", "timestamp": "1769383963196", "hash": "6330e9824f2dcfad9cac12b1a76710181d9c6006", "bids": [{"price": "0.01", "size": "1055.1"}, {"price": "0.02", "size": "709.02"}, {"price": "0.05", "size": "500"}, {"price": "0.06", "size": "12.8"}, {"price": "0.14", "size": "219"}, {"price": "0.61", "size": "100"}], "asks": [{"price": "0.99", "size": "1259.81"}, {"price": "0.98", "size": "700"}, {"price": "0.97", "size": "7.23"}, {"price": "0.96", "size": "15"}, {"price": "0.95", "size": "13.7"}, {"price": "0.71", "size": "100"}], "event_type": "book", "last_trade_price": ""}, {"market": "0x1e3ff1e7788eaa9f0766b7d49b33779bdae894eeda6e7f78e8b346daffaeafac", "asset_id": "111480644936207089369669891275708905297655506321486449716722748912461228583117", "timestamp": "1769382484882", "hash": "9e8222e468f0d4504cc22cfef3235b311a3b0874", "bids": [{"price": "0.01", "size": "285.01"}, {"price": "0.02", "size": "32.49"}], "asks": [{"price": "0.99", "size": "472.04"}, {"price": "0.98", "size": "249.27"}, {"price": "0.97", "size": "22.6"}], "event_type": "book", "last_trade_price": ""}, {"market": "0xc52a1b15a5c6b8b9b773d92ed6640b45e75b11a25781cf3154a0da79e662b61d", "asset_id": "53542237062392598305253375055065679703847250606208181037090467478418969536467", "timestamp": "1769382483680", "hash": "ddcf4e09cb1e0243b6eefcdc1e1b9912f099f01a", "bids": [{"price": "0.01", "size": "618.81"}, {"price": "0.02", "size": "25.56"}, {"price": "0.03", "size": "16"}, {"price": "0.04", "size": "48"}, {"price": "0.05", "size": "106.01"}], "asks": [{"price": "0.99", "size": "614.79"}, {"price": "0.98", "size": "26.16"}, {"price": "0.96", "size": "49"}, {"price": "0.95", "size": "149"}, {"price": "0.94", "size": "10.95"}], "event_type": "book", "last_trade_price": ""}, {"market": "0x1e3ff1e7788eaa9f0766b7d49b33779bdae894eeda6e7f78e8b346daffaeafac", "asset_id": "39859034334599349570568413853846777470443921791469456472491546888859354258219", "timestamp": "1769382484882", "hash": "d95585a34b0016a413c8a09be974682251da4ac4", "bids": [{"price": "0.01", "size": "472.04"}, {"price": "0.02", "size": "249.27"}, {"price": "0.03", "size": "22.6"}], "asks": [{"price": "0.99", "size": "285.01"}, {"price": "0.98", "size": "32.49"}], "event_type": "book", "last_trade_price": ""}, {"market": "0x75e505c400edd912d8cde063536ade558602ba3a6470eff3fa9eab6ff209302b", "asset_id": "39551112325969718447944542447743728225656312120857813111968707843323416259904", "timestamp": "1769382483704", "hash": "e95fe9860163d3e84fb14085571212994a803846", "bids": [{"price": "0.01", "size": "285.01"}, {"price": "0.02", "size": "32.49"}], "asks": [{"price": "0.99", "size": "472.05"}, {"price": "0.98", "size": "144.48"}, {"price": "0.97", "size": "18.99"}, {"price": "0.96", "size": "5.47"}], "event_type": "book", "last_trade_price": ""}, {"market": "0x75e505c400edd912d8cde063536ade558602ba3a6470eff3fa9eab6ff209302b", "asset_id": "22481073311628973934845523061315696051067735984429034409273064641894088713889", "timestamp": "1769382483704", "hash": "a80d66c840e56cca9c11871de541cc00224b8c1b", "bids": [{"price": "0.01", "size": "472.05"}, {"price": "0.02", "size": "144.48"}, {"price": "0.03", "size": "18.99"}, {"price": "0.04", "size": "5.47"}], "asks": [{"price": "0.99", "size": "285.01"}, {"price": "0.98", "size": "32.49"}], "event_type": "book", "last_trade_price": ""}, {"market": "0xc52a1b15a5c6b8b9b773d92ed6640b45e75b11a25781cf3154a0da79e662b61d", "asset_id": "14109891446384713522859475443649467803532455827952120028999303793385334933467", "timestamp": "1769382483680", "hash": "9f2888703ed9174ff011ff344ebc179aa5cb5aa6", "bids": [{"price": "0.01", "size": "614.79"}, {"price": "0.02", "size": "26.16"}, {"price": "0.04", "size": "49"}, {"price": "0.05", "size": "149"}, {"price": "0.06", "size": "10.95"}], "asks": [{"price": "0.99", "size": "618.81"}, {"price": "0.98", "size": "25.56"}, {"price": "0.97", "size": "16"}, {"price": "0.96", "size": "48"}, {"price": "0.95", "size": "106.01"}], "event_type": "book", "last_trade_price": ""}, {"market": "0x9fea1df1c8e006bf66bcdcf58125875b28791de316a3f5cf242a195558734137", "asset_id": "33607510437348002577998915119086816053695743497947031804754902696274822264076", "timestamp": "1769381899963", "hash": "c3c2c99aea76994e6e3c2b483733dc4d6aab4609", "bids": [{"price": "0.01", "size": "1055.59"}, {"price": "0.02", "size": "709.89"}, {"price": "0.05", "size": "500"}, {"price": "0.06", "size": "12.43"}, {"price": "0.13", "size": "237"}, {"price": "0.4", "size": "100"}], "asks": [{"price": "0.99", "size": "1255.29"}, {"price": "0.98", "size": "709.35"}, {"price": "0.95", "size": "500"}, {"price": "0.94", "size": "12.66"}, {"price": "0.87", "size": "238"}, {"price": "0.5", "size": "100"}], "event_type": "book", "last_trade_price": ""}, {"market": "0x64e02471de669f239347439f8f1af22b65ef921f5c3797a9028992a2a2575237", "asset_id": "88595925877054433113772397004016484590399656021045306681683412179388690788427", "timestamp": "1769383963196", "hash": "62ea94589f7687f8ec88177a4d4c4ae4384ed7f1", "bids": [{"price": "0.01", "size": "1259.81"}, {"price": "0.02", "size": "700"}, {"price": "0.03", "size": "7.23"}, {"price": "0.04", "size": "15"}, {"price": "0.05", "size": "13.7"}, {"price": "0.29", "size": "100"}], "asks": [{"price": "0.99", "size": "1055.1"}, {"price": "0.98", "size": "709.02"}, {"price": "0.95", "size": "500"}, {"price": "0.94", "size": "12.8"}, {"price": "0.86", "size": "219"}, {"price": "0.39", "size": "100"}], "event_type": "book", "last_trade_price": ""}, {"market": "0x9fea1df1c8e006bf66bcdcf58125875b28791de316a3f5cf242a195558734137", "asset_id": "89666568745625855495730414681304088680385084163478600792898130531461888859", "timestamp": "1769381899963", "hash": "5a559117a973f8fbdcb9e8bddff49e1dc570b1ba", "bids": [{"price": "0.01", "size": "1255.29"}, {"price": "0.02", "size": "709.35"}, {"price": "0.05", "size": "500"}, {"price": "0.06", "size": "12.66"}, {"price": "0.13", "size": "238"}, {"price": "0.5", "size": "100"}], "asks": [{"price": "0.99", "size": "1055.59"}, {"price": "0.98", "size": "709.89"}, {"price": "0.95", "size": "500"}, {"price": "0.94", "size": "12.43"}, {"price": "0.87", "size": "237"}, {"price": "0.6", "size": "100"}], "event_type": "book", "last_trade_price": ""}]}
