{"_local_timestamp": "2026-01-25T23:41:29.596337+00:00", "data": [{"market": "0x28d07c6eb33fed4804b2bf68f930d59265eab40e4e11a7750edb0972b584733d", "asset_id": "48916322135582411252311796265622902791769855952537229724740830282789992081831", "timestamp": "1769383961285", "hash": "2b0dd8f5caa0f450cfc3cfdf95112682aeddd658", "bids": [{"price": "0.01", "size": "470.74"}, {"price": "0.02", "size": "141.03"}, {"price": "0.03", "size": "21.73"}, {"price": "0.04", "size": "5.47"}], "asks": [{"price": "0.99", "size": "285.01"}, {"price": "0.98", "size": "32.49"}], "event_type": "book", "last_trade_price": ""}, {"market": "0x28d07c6eb33fed4804b2bf68f930d59265eab40e4e11a7750edb0972b584733d", "asset_id": "16354868014004470373305314308619672650229512686486808874394519312841699914042", "timestamp": "1769383961285", "hash": "8a420e66a48f6caba268df6c2ccffa6102f3e6a0", "bids": [{"price": "0.01", "size": "285.01"}, {"price": "0.02", "size": "32.49"}], "asks": [{"price": "0.99", "size": "470.74"}, {"price": "0.98", "size": "141.03"}, {"price": "0.97", "size": "21.73"}, {"price": "0.96", "size": "5.47"}], "event_type": "book", "last_trade_price": ""}, {"market": "0xb7528d744c12ed51852758a5cbd1bdc8f9983cbd12a94f5fb2f44b8c800126ff", "asset_id": "25920806373398388197651384497229427880063165429081722655808713003150984044340", "timestamp": "1769383962954", "hash": "95c803e032254a82b5f6862cc62a79b506d069c5", "bids": [{"price": "0.01", "size": "473.64"}, {"price": "0.02", "size": "38.17"}, {"price": "0.03", "size": "5.47"}], "asks": [{"price": "0.99", "size": "285.01"}, {"price": "0.98", "size": "32.49"}], "event_type": "book", "last_trade_price": ""}, {"market": "0xceced613398d1cc6bd22e403e5c6b50ec33d8ca5ae3bbe0c29856a11b6d18676", "asset_id": "81594816009445347789442036020198421470024010898570200051580993890196081800612", "timestamp": "1769383096114", "hash": "e0d98bf788ad74db63ef5bf43e6bc3054a3f5407", "bids": [{"price": "0.01", "size": "1260.44"}, {"price": "0.02", "size": "700"}, {"price": "0.03", "size": "29.85"}, {"price": "0.34", "size": "100"}], "asks": [{"price": "0.99", "size": "1055.17"}, {"price": "0.98", "size": "700"}, {"price": "0.97", "size": "8.75"}, {"price": "0.95", "size": "500"}, {"price": "0.92", "size": "300"}, {"price": "0.91", "size": "7.61"}, {"price": "0.44", "size": "100"}], "event_type": "book", "last_trade_price": ""}, {"market": "0xceced613398d1cc6bd22e403e5c6b50ec33d8ca5ae3bbe0c29856a11b6d18676", "asset_id": "108823977025255366183868939969593031721462630907882746121464892508532832594026", "timestamp": "1769383096114", "hash": "e6af55f72acaaea4984cb6a5d747934b13a4d7d1", "bids": [{"price": "0.01", "size": "1055.17"}, {"price": "0.02", "size": "700"}, {"price": "0.03", "size": "8.75"}, {"price": "0.05", "size": "500"}, {"price": "0.08", "size": "300"}, {"price": "0.09", "size": "7.61"}, {"price": "0.56", "size": "100"}], "asks": [{"price": "0.99", "size": "1260.44"}, {"price": "0.98", "size": "700"}, {"price": "0.97", "size": "29.85"}, {"price": "0.66", "size": "100"}], "event_type": "book", "last_trade_price": ""}, {"market": "0xb7528d744c12ed51852758a5cbd1bdc8f9983cbd12a94f5fb2f44b8c800126ff", "asset_id": "6081652307638588300322815945926447077724405790132502527302711231614216934855", "timestamp": "1769383962954", "hash": "84d14bf80f030f9f55285273a911c1c765af126e", "bids": [{"price": "0.01", "size": "285.01"}, {"price": "0.02", "size": "32.49"}], "asks": [{"price": "0.99", "size": "473.64"}, {"price": "0.98", "size": "38.17"}, {"price": "0.97", "size": "5.47"}], "event_type": "book", "last_trade_price": ""}, {"market": "0xf1774184bf8b6776c15f1901763d96178c285954f11b7137f4466bbd5845cc55", "asset_id": "30207647089468932233550880104932114711118603579887973675242601848953955540237", "timestamp": "1769382483679", "hash": "fd7b4b0dc966caf2c11ce2b5b57bfd33360141ef", "bids": [{"price": "0.01", "size": "614.79"}, {"price": "0.02", "size": "26.16"}, {"price": "0.04", "size": "49"}, {"price": "0.05", "size": "100"}, {"price": "0.06", "size": "10.95"}], "asks": [{"price": "0.99", "size": "618.81"}, {"price": "0.98", "size": "25.56"}, {"price": "0.97", "size": "16"}, {"price": "0.96", "size": "37"}, {"price": "0.95", "size": "106.01"}], "event_type": "book", "last_trade_price": ""}, {"market": "0xf1774184bf8b6776c15f1901763d96178c285954f11b7137f4466bbd5845cc55", "asset_id": "109462179019944304163471887472523171506105091190292941430927208296932531313166", "timestamp": "1769382483679", "hash": "bde7bcad0a072dc81e79ce77cd4a1c9f258bc4d2", "bids": [{"price": "0.01", "size": "618.81"}, {"price": "0.02", "size": "25.56"}, {"price": "0.03", "size": "16"}, {"price": "0.04", "size": "37"}, {"price": "0.05", "size": "106.01"}], "asks": [{"price": "0.99", "size": "614.79"}, {"price": "0.98", "size": "26.16"}, {"price": "0.96", "size": "49"}, {"price": "0.95", "size": "100"}, {"price": "0.94", "size": "10.95"}], "event_type": "book", "last_trade_price": ""}, {"market": "0x19c708b863cf14703cc0c28c3c1371002668cb36d5d6d946ac8caef5a91d0374", "asset_id": "4121473526363099018875596453510126606527861988987510214268953609327213814573", "timestamp": "1769381982194", "hash": "6b00c02f941001616d496d451e92d35730a5aad2", "bids": [{"price": "0.01", "size": "1055.32"}, {"price": "0.02", "size": "710.28"}, {"price": "0.05", "size": "500"}, {"price": "0.06", "size": "12.35"}, {"price": "0.36", "size": "100"}], "asks": [{"price": "0.99", "size": "1255.21"}, {"price": "0.98", "size": "700"}, {"price": "0.97", "size": "8.81"}, {"price": "0.95", "size": "500"}, {"price": "0.92", "size": "300"}, {"price": "0.91", "size": "7.59"}, {"price": "0.46", "size": "100"}], "event_type": "book", "last_trade_price": ""}, {"market": "0x19c708b863cf14703cc0c28c3c1371002668cb36d5d6d946ac8caef5a91d0374", "asset_id": "114642270522799839022155033353994261410976380167372912902729092864962472663005", "timestamp": "1769381982194", "hash": "96ee815d032c45ccb799e83e55789665d9b83cc3", "bids": [{"price": "0.01", "size": "1255.21"}, {"price": "0.02", "size": "700"}, {"price": "0.03", "size": "8.81"}, {"price": "0.05", "size": "500"}, {"price": "0.08", "size": "300"}, {"price": "0.09", "size": "7.59"}, {"price": "0.54", "size": "100"}], "asks": [{"price": "0.99", "size": "1055.32"}, {"price": "0.98", "size": "710.28"}, {"price": "0.95", "size": "500"}, {"price": "0.94", "size": "12.35"}, {"price": "0.64", "size": "100"}], "event_type": "book", "last_trade_price": ""}]}
