{"_local_timestamp": "2026-01-25T23:41:28.987643+00:00", "data": [{"market": "0xaa05acd0703fc61b6b67451a9d1fc1b13c0d3a479058528b844450764d1b89c2", "asset_id": "95603552603610858654865711094440176053776934922381350810648751448196388515290", "timestamp": "1769384339340", "hash": "38907f172abb7595f68f7e02cf4fe7c299bfb831", "bids": [{"price": "0.01", "size": "214.93"}, {"price": "0.02", "size": "50"}, {"price": "0.03", "size": "274.27"}, {"price": "0.04", "size": "1237"}, {"price": "0.05", "size": "960"}, {"price": "0.06", "size": "33"}, {"price": "0.07", "size": "6.19"}, {"price": "0.08", "size": "300"}, {"price": "0.15", "size": "7.65"}, {"price": "0.16", "size": "132"}, {"price": "0.72", "size": "100"}], "asks": [{"price": "0.99", "size": "600"}, {"price": "0.98", "size": "560.97"}, {"price": "0.97", "size": "966"}, {"price": "0.96", "size": "49"}, {"price": "0.95", "size": "64"}, {"price": "0.94", "size": "7.45"}, {"price": "0.85", "size": "10"}, {"price": "0.83", "size": "50"}, {"price": "0.82", "size": "100"}], "event_type": "book", "last_trade_price": ""}, {"market": "0xaa05acd0703fc61b6b67451a9d1fc1b13c0d3a479058528b844450764d1b89c2", "asset_id": "30563473793939181167542319155303314166614691649173455624275181053402792683289", "timestamp": "1769384339340", "hash": "a41c3672ba0b74b2f5c7aae3a09cce2c1585fcbe", "bids": [{"price": "0.01", "size": "600"}, {"price": "0.02", "size": "560.97"}, {"price": "0.03", "size": "966"}, {"price": "0.04", "size": "49"}, {"price": "0.05", "size": "64"}, {"price": "0.06", "size": "7.45"}, {"price": "0.15", "size": "10"}, {"price": "0.17", "size": "50"}, {"price": "0.18", "size": "100"}], "asks": [{"price": "0.99", "size": "214.93"}, {"price": "0.98", "size": "50"}, {"price": "0.97", "size": "274.27"}, {"price": "0.96", "size": "1237"}, {"price": "0.95", "size": "960"}, {"price": "0.94", "size": "33"}, {"price": "0.93", "size": "6.19"}, {"price": "0.92", "size": "300"}, {"price": "0.85", "size": "7.65"}, {"price": "0.84", "size": "132"}, {"price": "0.28", "size": "100"}], "event_type": "book", "last_trade_price": ""}, {"market": "0x68b5af73c7434702ef60379b98260261fafad89ec4d72bf22ad496995cbbda45", "asset_id": "33244363850148823540133369191996701731496259206696752152385036579375277900867", "timestamp": "1769384280816", "hash": "b7fea4617f6637ca4e91c818d1159254dde9a950", "bids": [{"price": "0.01", "size": "611.55"}, {"price": "0.02", "size": "550"}, {"price": "0.03", "size": "972.61"}, {"price": "0.05", "size": "40"}, {"price": "0.06", "size": "53"}, {"price": "0.07", "size": "5.04"}, {"price": "0.17", "size": "10"}, {"price": "0.2", "size": "150"}], "asks": [{"price": "0.99", "size": "415.01"}, {"price": "0.98", "size": "50"}, {"price": "0.97", "size": "90.99"}, {"price": "0.96", "size": "1562"}, {"price": "0.95", "size": "700"}, {"price": "0.94", "size": "33"}, {"price": "0.93", "size": "6.23"}, {"price": "0.92", "size": "300"}, {"price": "0.82", "size": "6.35"}, {"price": "0.8", "size": "79"}, {"price": "0.3", "size": "150"}], "event_type": "book", "last_trade_price": ""}, {"market": "0xc79ddfd2e75cb8259d9841771658f1104d7d22c46665dc7874b222fc8e1ee416", "asset_id": "73239899320580581795268388011084010459457818324677996826195163845210580224109", "timestamp": "1769384424975", "hash": "e102b0aafcc0310dbece94af741f7ac8d76f0d6b", "bids": [{"price": "0.01", "size": "600"}, {"price": "0.02", "size": "556.67"}, {"price": "0.03", "size": "966"}, {"price": "0.04", "size": "49"}, {"price": "0.05", "size": "540"}, {"price": "0.06", "size": "8.88"}, {"price": "0.14", "size": "218"}, {"price": "0.36", "size": "10"}, {"price": "0.48", "size": "150"}, {"price": "0.49", "size": "5"}], "asks": [{"price": "0.99", "size": "217.6"}, {"price": "0.98", "size": "50"}, {"price": "0.97", "size": "270.79"}, {"price": "0.96", "size": "1237"}, {"price": "0.95", "size": "960"}, {"price": "0.94", "size": "40.19"}, {"price": "0.88", "size": "294.23"}, {"price": "0.58", "size": "150"}, {"price": "0.57", "size": "5"}], "event_type": "book", "last_trade_price": ""}, {"market": "0x68b5af73c7434702ef60379b98260261fafad89ec4d72bf22ad496995cbbda45", "asset_id": "61140580917133813163629458010542913077729698560859268731126583635125754069256", "timestamp": "1769384280816", "hash": "bfadb030e7ab92f704436dd372ab5fd6c20312fb", "bids": [{"price": "0.01", "size": "415.01"}, {"price": "0.02", "size": "50"}, {"price": "0.03", "size": "90.99"}, {"price": "0.04", "size": "1562"}, {"price": "0.05", "size": "700"}, {"price": "0.06", "size": "33"}, {"price": "0.07", "size": "6.23"}, {"price": "0.08", "size": "300"}, {"price": "0.18", "size": "6.35"}, {"price": "0.2", "size": "79"}, {"price": "0.7", "size": "150"}], "asks": [{"price": "0.99", "size": "611.55"}, {"price": "0.98", "size": "550"}, {"price": "0.97", "size": "972.61"}, {"price": "0.95", "size": "40"}, {"price": "0.94", "size": "53"}, {"price": "0.93", "size": "5.04"}, {"price": "0.83", "size": "10"}, {"price": "0.8", "size": "150"}], "event_type": "book", "last_trade_price": ""}, {"market": "0xc79ddfd2e75cb8259d9841771658f1104d7d22c46665dc7874b222fc8e1ee416", "asset_id": "100491083402032186331461558732066539537667784958274761901390882190495196078589", "timestamp": "1769384424975", "hash": "aa22f6c2fb19a71b09260b6a01fa6df241b29799", "bids": [{"price": "0.01", "size": "217.6"}, {"price": "0.02", "size": "50"}, {"price": "0.03", "size": "270.79"}, {"price": "0.04", "size": "1237"}, {"price": "0.05", "size": "960"}, {"price": "0.06", "size": "40.19"}, {"price": "0.12", "size": "294.23"}, {"price": "0.42", "size": "150"}, {"price": "0.43", "size": "5"}], "asks": [{"price": "0.99", "size": "600"}, {"price": "0.98", "size": "556.67"}, {"price": "0.97", "size": "966"}, {"price": "0.96", "size": "49"}, {"price": "0.95", "size": "540"}, {"price": "0.94", "size": "8.88"}, {"price": "0.86", "size": "218"}, {"price": "0.64", "size": "10"}, {"price": "0.52", "size": "150"}, {"price": "0.51", "size": "5"}], "event_type": "book", "last_trade_price": ""}]}
{"_local_timestamp": "2026-01-25T23:41:57.202424+00:00", "data": {"market": "0x68b5af73c7434702ef60379b98260261fafad89ec4d72bf22ad496995cbbda45", "price_changes": [{"asset_id": "61140580917133813163629458010542913077729698560859268731126583635125754069256", "price": "0.21", "size": "158", "side": "BUY", "hash": "975bc7de2877b3d745e13f119e763639446f68b6", "best_bid": "0.7", "best_ask": "0.8"}, {"asset_id": "33244363850148823540133369191996701731496259206696752152385036579375277900867", "price": "0.79", "size": "158", "side": "SELL", "hash": "7ebe824b3d660c34a7d7071b69be2df47cef3ede", "best_bid": "0.2", "best_ask": "0.3"}], "timestamp": "1769384517137", "event_type": "price_change"}}
{"_local_timestamp": "2026-01-25T23:41:57.207296+00:00", "data": {"market": "0xaa05acd0703fc61b6b67451a9d1fc1b13c0d3a479058528b844450764d1b89c2", "price_changes": [{"asset_id": "95603552603610858654865711094440176053776934922381350810648751448196388515290", "price": "0.16", "size": "290", "side": "BUY", "hash": "573aa82fa51e410998532fee8b56e7d55f16f6f7", "best_bid": "0.72", "best_ask": "0.82"}, {"asset_id": "30563473793939181167542319155303314166614691649173455624275181053402792683289", "price": "0.84", "size": "290", "side": "SELL", "hash": "682bdc80fc49d959f3c215974e1ab98252253109", "best_bid": "0.18", "best_ask": "0.28"}], "timestamp": "1769384517137", "event_type": "price_change"}}
{"_local_timestamp": "2026-01-25T23:41:57.207686+00:00", "data": {"market": "0xaa05acd0703fc61b6b67451a9d1fc1b13c0d3a479058528b844450764d1b89c2", "price_changes": [{"asset_id": "95603552603610858654865711094440176053776934922381350810648751448196388515290", "price": "0.17", "size": "316.66", "side": "BUY", "hash": "a73ccf402abeabe4825ff7b83e9967c92c99e99f", "best_bid": "0.72", "best_ask": "0.82"}, {"asset_id": "30563473793939181167542319155303314166614691649173455624275181053402792683289", "price": "0.83", "size": "316.66", "side": "SELL", "hash": "cb0a705d3b7fde7e5167b0a2c503580670a623a9", "best_bid": "0.18", "best_ask": "0.28"}], "timestamp": "1769384517138", "event_type": "price_change"}}
{"_local_timestamp": "2026-01-25T23:42:14.841438+00:00", "data": {"market": "0xaa05acd0703fc61b6b67451a9d1fc1b13c0d3a479058528b844450764d1b89c2", "price_changes": [{"asset_id": "95603552603610858654865711094440176053776934922381350810648751448196388515290", "price": "0.16", "size": "132", "side": "BUY", "hash": "26de440dd3929cb99c2203dead9a1f1977e46256", "best_bid": "0.72", "best_ask": "0.82"}, {"asset_id": "30563473793939181167542319155303314166614691649173455624275181053402792683289", "price": "0.84", "size": "132", "side": "SELL", "hash": "431e1dc6367f33c803dd32fa6290b26ccaf211d0", "best_bid": "0.18", "best_ask": "0.28"}], "timestamp": "1769384534752", "event_type": "price_change"}}
{"_local_timestamp": "2026-01-25T23:42:48.123902+00:00", "data": {"market": "0xaa05acd0703fc61b6b67451a9d1fc1b13c0d3a479058528b844450764d1b89c2", "price_changes": [{"asset_id": "30563473793939181167542319155303314166614691649173455624275181053402792683289", "price": "0.17", "size": "0", "side": "BUY", "hash": "47f59d29907bd39a1cebe44fe4002ea5ed460959", "best_bid": "0.18", "best_ask": "0.28"}, {"asset_id": "95603552603610858654865711094440176053776934922381350810648751448196388515290", "price": "0.83", "size": "0", "side": "SELL", "hash": "604ea89fcbc176368f747c5bb28efc1473b9ae37", "best_bid": "0.72", "best_ask": "0.82"}], "timestamp": "1769384568000", "event_type": "price_change"}}
{"_local_timestamp": "2026-01-25T23:42:48.128076+00:00", "data": {"market": "0xc79ddfd2e75cb8259d9841771658f1104d7d22c46665dc7874b222fc8e1ee416", "price_changes": [{"asset_id": "100491083402032186331461558732066539537667784958274761901390882190495196078589", "price": "0.42", "size": "100", "side": "BUY", "hash": "c1ea5f6bca0ff0844321f8482a6ba64ef9a8f84f", "best_bid": "0.43", "best_ask": "0.51"}, {"asset_id": "73239899320580581795268388011084010459457818324677996826195163845210580224109", "price": "0.58", "size": "100", "side": "SELL", "hash": "a5592d4be608652bb61e84f439ef012383f5f1d8", "best_bid": "0.49", "best_ask": "0.57"}], "timestamp": "1769384568000", "event_type": "price_change"}}
{"_local_timestamp": "2026-01-25T23:43:18.807313+00:00", "data": {"market": "0x68b5af73c7434702ef60379b98260261fafad89ec4d72bf22ad496995cbbda45", "price_changes": [{"asset_id": "61140580917133813163629458010542913077729698560859268731126583635125754069256", "price": "0.21", "size": "0", "side": "BUY", "hash": "2fe5a44082c840ae4150a1042d6e6f1c9b239914", "best_bid": "0.7", "best_ask": "0.8"}, {"asset_id": "33244363850148823540133369191996701731496259206696752152385036579375277900867", "price": "0.79", "size": "0", "side": "SELL", "hash": "bd6b4f046c971692697bbfa3e1f3cdf5447b850d", "best_bid": "0.2", "best_ask": "0.3"}], "timestamp": "1769384598683", "event_type": "price_change"}}
{"_local_timestamp": "2026-01-25T23:43:48.868020+00:00", "data": {"market": "0xc79ddfd2e75cb8259d9841771658f1104d7d22c46665dc7874b222fc8e1ee416", "price_changes": [{"asset_id": "100491083402032186331461558732066539537667784958274761901390882190495196078589", "price": "0.42", "size": "150", "side": "BUY", "hash": "2f61ea5f8f2bfc640068e69b3c723d0abb0ad4b9", "best_bid": "0.43", "best_ask": "0.51"}, {"asset_id": "73239899320580581795268388011084010459457818324677996826195163845210580224109", "price": "0.58", "size": "150", "side": "SELL", "hash": "de3f0397de2ce64816f2cacbe078996225e6a1e3", "best_bid": "0.49", "best_ask": "0.57"}], "timestamp": "1769384628778", "event_type": "price_change"}}
{"_local_timestamp": "2026-01-25T23:43:51.201202+00:00", "data": {"market": "0xaa05acd0703fc61b6b67451a9d1fc1b13c0d3a479058528b844450764d1b89c2", "price_changes": [{"asset_id": "30563473793939181167542319155303314166614691649173455624275181053402792683289", "price": "0.17", "size": "50", "side": "BUY", "hash": "699764be5be68348252747c29f10a3f7911e9896", "best_bid": "0.18", "best_ask": "0.28"}, {"asset_id": "95603552603610858654865711094440176053776934922381350810648751448196388515290", "price": "0.83", "size": "50", "side": "SELL", "hash": "c33c6b7b164617834ed2eddedff7e05e6459828e", "best_bid": "0.72", "best_ask": "0.82"}], "timestamp": "1769384630947", "event_type": "price_change"}}
{"_local_timestamp": "2026-01-25T23:44:31.418159+00:00", "data": {"market": "0x68b5af73c7434702ef60379b98260261fafad89ec4d72bf22ad496995cbbda45", "price_changes": [{"asset_id": "61140580917133813163629458010542913077729698560859268731126583635125754069256", "price": "0.01", "size": "407.29", "side": "BUY", "hash": "06454175132898578329e96f0ff77d9e509bd253", "best_bid": "0.7", "best_ask": "0.8"}, {"asset_id": "33244363850148823540133369191996701731496259206696752152385036579375277900867", "price": "0.99", "size": "407.29", "side": "SELL", "hash": "e6560dc93c7f7c0ba3d5f50aea817a13c4bdd186", "best_bid": "0.2", "best_ask": "0.3"}], "timestamp": "1769384671353", "event_type": "price_change"}}
{"_local_timestamp": "2026-01-25T23:44:31.419289+00:00", "data": {"market": "0xaa05acd0703fc61b6b67451a9d1fc1b13c0d3a479058528b844450764d1b89c2", "price_changes": [{"asset_id": "95603552603610858654865711094440176053776934922381350810648751448196388515290", "price": "0.15", "size": "0", "side": "BUY", "hash": "bdfcff365698f440252d207b26da50623690657f", "best_bid": "0.72", "best_ask": "0.82"}, {"asset_id": "30563473793939181167542319155303314166614691649173455624275181053402792683289", "price": "0.85", "size": "0", "side": "SELL", "hash": "661a51a6d277ad86d425b81f5480ffc7708bd8ac", "best_bid": "0.18", "best_ask": "0.28"}], "timestamp": "1769384671353", "event_type": "price_change"}}
{"_local_timestamp": "2026-01-25T23:44:31.419645+00:00", "data": {"market": "0xc79ddfd2e75cb8259d9841771658f1104d7d22c46665dc7874b222fc8e1ee416", "price_changes": [{"asset_id": "100491083402032186331461558732066539537667784958274761901390882190495196078589", "price": "0.01", "size": "208.22", "side": "BUY", "hash": "8387bf8e86990ea2cf251160d27dfe5545ce2d16", "best_bid": "0.43", "best_ask": "0.51"}, {"asset_id": "73239899320580581795268388011084010459457818324677996826195163845210580224109", "price": "0.99", "size": "208.22", "side": "SELL", "hash": "5ec3e73030cb2c243c341010f846d75a766210a3", "best_bid": "0.49", "best_ask": "0.57"}], "timestamp": "1769384671353", "event_type": "price_change"}}
{"_local_timestamp": "2026-01-25T23:44:31.419936+00:00", "data": {"market": "0x68b5af73c7434702ef60379b98260261fafad89ec4d72bf22ad496995cbbda45", "price_changes": [{"asset_id": "61140580917133813163629458010542913077729698560859268731126583635125754069256", "price": "0.03", "size": "82", "side": "BUY", "hash": "06454175132898578329e96f0ff77d9e509bd253", "best_bid": "0.7", "best_ask": "0.8"}, {"asset_id": "33244363850148823540133369191996701731496259206696752152385036579375277900867", "price": "0.97", "size": "82", "side": "SELL", "hash": "e6560dc93c7f7c0ba3d5f50aea817a13c4bdd186", "best_bid": "0.2", "best_ask": "0.3"}], "timestamp": "1769384671353", "event_type": "price_change"}}
{"_local_timestamp": "2026-01-25T23:44:31.420324+00:00", "data": {"market": "0xc79ddfd2e75cb8259d9841771658f1104d7d22c46665dc7874b222fc8e1ee416", "price_changes": [{"asset_id": "100491083402032186331461558732066539537667784958274761901390882190495196078589", "price": "0.03", "size": "265.33", "side": "BUY", "hash": "8387bf8e86990ea2cf251160d27dfe5545ce2d16", "best_bid": "0.43", "best_ask": "0.51"}, {"asset_id": "73239899320580581795268388011084010459457818324677996826195163845210580224109", "price": "0.97", "size": "265.33", "side": "SELL", "hash": "5ec3e73030cb2c243c341010f846d75a766210a3", "best_bid": "0.49", "best_ask": "0.57"}], "timestamp": "1769384671353", "event_type": "price_change"}}
{"_local_timestamp": "2026-01-25T23:44:31.420666+00:00", "data": {"market": "0xc79ddfd2e75cb8259d9841771658f1104d7d22c46665dc7874b222fc8e1ee416", "price_changes": [{"asset_id": "100491083402032186331461558732066539537667784958274761901390882190495196078589", "price": "0.06", "size": "33", "side": "BUY", "hash": "8387bf8e86990ea2cf251160d27dfe5545ce2d16", "best_bid": "0.43", "best_ask": "0.51"}, {"asset_id": "73239899320580581795268388011084010459457818324677996826195163845210580224109", "price": "0.94", "size": "33", "side": "SELL", "hash": "5ec3e73030cb2c243c341010f846d75a766210a3", "best_bid": "0.49", "best_ask": "0.57"}], "timestamp": "1769384671353", "event_type": "price_change"}}
{"_local_timestamp": "2026-01-25T23:44:31.421081+00:00", "data": {"market": "0x68b5af73c7434702ef60379b98260261fafad89ec4d72bf22ad496995cbbda45", "price_changes": [{"asset_id": "61140580917133813163629458010542913077729698560859268731126583635125754069256", "price": "0.07", "size": "0", "side": "BUY", "hash": "06454175132898578329e96f0ff77d9e509bd253", "best_bid": "0.7", "best_ask": "0.8"}, {"asset_id": "33244363850148823540133369191996701731496259206696752152385036579375277900867", "price": "0.93", "size": "0", "side": "SELL", "hash": "e6560dc93c7f7c0ba3d5f50aea817a13c4bdd186", "best_bid": "0.2", "best_ask": "0.3"}], "timestamp": "1769384671353", "event_type": "price_change"}}
{"_local_timestamp": "2026-01-25T23:44:31.421436+00:00", "data": {"market": "0xc79ddfd2e75cb8259d9841771658f1104d7d22c46665dc7874b222fc8e1ee416", "price_changes": [{"asset_id": "100491083402032186331461558732066539537667784958274761901390882190495196078589", "price": "0.12", "size": "284", "side": "BUY", "hash": "8387bf8e86990ea2cf251160d27dfe5545ce2d16", "best_bid": "0.43", "best_ask": "0.51"}, {"asset_id": "73239899320580581795268388011084010459457818324677996826195163845210580224109", "price": "0.88", "size": "284", "side": "SELL", "hash": "5ec3e73030cb2c243c341010f846d75a766210a3", "best_bid": "0.49", "best_ask": "0.57"}], "timestamp": "1769384671353", "event_type": "price_change"}}
{"_local_timestamp": "2026-01-25T23:44:31.421811+00:00", "data": {"market": "0x68b5af73c7434702ef60379b98260261fafad89ec4d72bf22ad496995cbbda45", "price_changes": [{"asset_id": "61140580917133813163629458010542913077729698560859268731126583635125754069256", "price": "0.18", "size": "0", "side": "BUY", "hash": "06454175132898578329e96f0ff77d9e509bd253", "best_bid": "0.7", "best_ask": "0.8"}, {"asset_id": "33244363850148823540133369191996701731496259206696752152385036579375277900867", "price": "0.82", "size": "0", "side": "SELL", "hash": "e6560dc93c7f7c0ba3d5f50aea817a13c4bdd186", "best_bid": "0.2", "best_ask": "0.3"}], "timestamp": "1769384671353", "event_type": "price_change"}}
{"_local_timestamp": "2026-01-25T23:44:32.695314+00:00", "data": {"market": "0xaa05acd0703fc61b6b67451a9d1fc1b13c0d3a479058528b844450764d1b89c2", "price_changes": [{"asset_id": "95603552603610858654865711094440176053776934922381350810648751448196388515290", "price": "0.18", "size": "6.38", "side": "BUY", "hash": "122f07acb73c65586cc9a1b1f5076cc898c2eb79", "best_bid": "0.72", "best_ask": "0.82"}, {"asset_id": "30563473793939181167542319155303314166614691649173455624275181053402792683289", "price": "0.82", "size": "6.38", "side": "SELL", "hash": "405993669d44fd0379cb10f71f8e0762753e7a4c", "best_bid": "0.18", "best_ask": "0.28"}], "timestamp": "1769384672627", "event_type": "price_change"}}
{"_local_timestamp": "2026-01-25T23:44:32.942080+00:00", "data": {"market": "0xc79ddfd2e75cb8259d9841771658f1104d7d22c46665dc7874b222fc8e1ee416", "price_changes": [{"asset_id": "100491083402032186331461558732066539537667784958274761901390882190495196078589", "price": "0.07", "size": "5.63", "side": "BUY", "hash": "5cde281042bb5fc5367ce10ad442b4efea47bb81", "best_bid": "0.43", "best_ask": "0.51"}, {"asset_id": "73239899320580581795268388011084010459457818324677996826195163845210580224109", "price": "0.93", "size": "5.63", "side": "SELL", "hash": "c91ce665ef9c4e064b23fc4133816340eff472e7", "best_bid": "0.49", "best_ask": "0.57"}], "timestamp": "1769384672858", "event_type": "price_change"}}
{"_local_timestamp": "2026-01-25T23:44:32.942535+00:00", "data": {"market": "0x68b5af73c7434702ef60379b98260261fafad89ec4d72bf22ad496995cbbda45", "price_changes": [{"asset_id": "61140580917133813163629458010542913077729698560859268731126583635125754069256", "price": "0.05", "size": "705.03", "side": "BUY", "hash": "ab8e57516f4175d40b54214f0b6f69d1b931c3d0", "best_bid": "0.7", "best_ask": "0.8"}, {"asset_id": "33244363850148823540133369191996701731496259206696752152385036579375277900867", "price": "0.95", "size": "705.03", "side": "SELL", "hash": "7ae25a3dcdf97b2f90869f432c3f65834af8af0d", "best_bid": "0.2", "best_ask": "0.3"}], "timestamp": "1769384672858", "event_type": "price_change"}}
{"_local_timestamp": "2026-01-25T23:44:32.942896+00:00", "data": {"market": "0xc79ddfd2e75cb8259d9841771658f1104d7d22c46665dc7874b222fc8e1ee416", "price_changes": [{"asset_id": "100491083402032186331461558732066539537667784958274761901390882190495196078589", "price": "0.04", "size": "1242.79", "side": "BUY", "hash": "e6cfb3e979615eec3a3abdecc9207cf2929864ba", "best_bid": "0.43", "best_ask": "0.51"}, {"asset_id": "73239899320580581795268388011084010459457818324677996826195163845210580224109", "price": "0.96", "size": "1242.79", "side": "SELL", "hash": "5ec9795548cbd794c2759ebca02278b933d9413a", "best_bid": "0.49", "best_ask": "0.57"}], "timestamp": "1769384672860", "event_type": "price_change"}}
{"_local_timestamp": "2026-01-25T23:44:32.943252+00:00", "data": {"market": "0x68b5af73c7434702ef60379b98260261fafad89ec4d72bf22ad496995cbbda45", "price_changes": [{"asset_id": "61140580917133813163629458010542913077729698560859268731126583635125754069256", "price": "0.02", "size": "60.69", "side": "BUY", "hash": "797586be7823bc753997cdbe3b1d55711e9b4d56", "best_bid": "0.7", "best_ask": "0.8"}, {"asset_id": "33244363850148823540133369191996701731496259206696752152385036579375277900867", "price": "0.98", "size": "60.69", "side": "SELL", "hash": "57c9c68168a5e33fb867a380b71986ca0f1130b6", "best_bid": "0.2", "best_ask": "0.3"}], "timestamp": "1769384672860", "event_type": "price_change"}}
{"_local_timestamp": "2026-01-25T23:44:32.943588+00:00", "data": {"market": "0xc79ddfd2e75cb8259d9841771658f1104d7d22c46665dc7874b222fc8e1ee416", "price_changes": [{"asset_id": "100491083402032186331461558732066539537667784958274761901390882190495196078589", "price": "0.02", "size": "58.44", "side": "BUY", "hash": "6a649f10ce4f46dfd2ba7de6d30d84db2edb2f97", "best_bid": "0.43", "best_ask": "0.51"}, {"asset_id": "73239899320580581795268388011084010459457818324677996826195163845210580224109", "price": "0.98", "size": "58.44", "side": "SELL", "hash": "e0b6626d7c960d5e6a1e722ce35ffb84e9b630e9", "best_bid": "0.49", "best_ask": "0.57"}], "timestamp": "1769384672862", "event_type": "price_change"}}
{"_local_timestamp": "2026-01-25T23:44:32.943901+00:00", "data": {"market": "0x68b5af73c7434702ef60379b98260261fafad89ec4d72bf22ad496995cbbda45", "price_changes": [{"asset_id": "61140580917133813163629458010542913077729698560859268731126583635125754069256", "price": "0.19", "size": "5.1", "side": "BUY", "hash": "5b925b8f4a64c5f170f11881cca37a048534a2b9", "best_bid": "0.7", "best_ask": "0.8"}, {"asset_id": "33244363850148823540133369191996701731496259206696752152385036579375277900867", "price": "0.81", "size": "5.1", "side": "SELL", "hash": "141f97ee2f18333da242e4f8777da8bd126fda57", "best_bid": "0.2", "best_ask": "0.3"}], "timestamp": "1769384672862", "event_type": "price_change"}}
{"_local_timestamp": "2026-01-25T23:44:32.944256+00:00", "data": {"market": "0xc79ddfd2e75cb8259d9841771658f1104d7d22c46665dc7874b222fc8e1ee416", "price_changes": [{"asset_id": "100491083402032186331461558732066539537667784958274761901390882190495196078589", "price": "0.13", "size": "8.63", "side": "BUY", "hash": "953a580be77c5826b6c90f3a26709482c099f5b6", "best_bid": "0.43", "best_ask": "0.51"}, {"asset_id": "73239899320580581795268388011084010459457818324677996826195163845210580224109", "price": "0.87", "size": "8.63", "side": "SELL", "hash": "1522b46903073dd256cddf72a61e9cc1de17ccf5", "best_bid": "0.49", "best_ask": "0.57"}], "timestamp": "1769384672864", "event_type": "price_change"}}
{"_local_timestamp": "2026-01-25T23:44:32.944579+00:00", "data": {"market": "0x68b5af73c7434702ef60379b98260261fafad89ec4d72bf22ad496995cbbda45", "price_changes": [{"asset_id": "61140580917133813163629458010542913077729698560859268731126583635125754069256", "price": "0.09", "size": "5.46", "side": "BUY", "hash": "bfee0557f8e047e3558183cd87dd7d0a70943f53", "best_bid": "0.7", "best_ask": "0.8"}, {"asset_id": "33244363850148823540133369191996701731496259206696752152385036579375277900867", "price": "0.91", "size": "5.46", "side": "SELL", "hash": "cde99ea6c52489d2444d6d86754f97b1cb2d6d14", "best_bid": "0.2", "best_ask": "0.3"}], "timestamp": "1769384672865", "event_type": "price_change"}}
{"_local_timestamp": "2026-01-25T23:45:57.267942+00:00", "data": {"market": "0xc79ddfd2e75cb8259d9841771658f1104d7d22c46665dc7874b222fc8e1ee416", "price_changes": [{"asset_id": "73239899320580581795268388011084010459457818324677996826195163845210580224109", "price": "0.14", "size": "100", "side": "BUY", "hash": "04612d4c2839e6ca1b9e767cb446dfc2bc25106d", "best_bid": "0.49", "best_ask": "0.57"}, {"asset_id": "100491083402032186331461558732066539537667784958274761901390882190495196078589", "price": "0.86", "size": "100", "side": "SELL", "hash": "239c29aebd1828ccc8c9bf3a8e46c0e6d71ccd5f", "best_bid": "0.43", "best_ask": "0.51"}], "timestamp": "1769384756837", "event_type": "price_change"}}
{"_local_timestamp": "2026-01-25T23:45:57.268660+00:00", "data": {"market": "0xc79ddfd2e75cb8259d9841771658f1104d7d22c46665dc7874b222fc8e1ee416", "price_changes": [{"asset_id": "100491083402032186331461558732066539537667784958274761901390882190495196078589", "price": "0.12", "size": "100", "side": "BUY", "hash": "e47148bf24901476c181e124255e3831b8f1cae5", "best_bid": "0.43", "best_ask": "0.51"}, {"asset_id": "73239899320580581795268388011084010459457818324677996826195163845210580224109", "price": "0.88", "size": "100", "side": "SELL", "hash": "40dedfe66c51a44f13ed4bd012dda918fb4cdfd0", "best_bid": "0.49", "best_ask": "0.57"}], "timestamp": "1769384756839", "event_type": "price_change"}}
{"_local_timestamp": "2026-01-25T23:45:57.269004+00:00", "data": {"market": "0x68b5af73c7434702ef60379b98260261fafad89ec4d72bf22ad496995cbbda45", "price_changes": [{"asset_id": "61140580917133813163629458010542913077729698560859268731126583635125754069256", "price": "0.2", "size": "0", "side": "BUY", "hash": "642074e589bb9bb225127c287ece08459bdf34ad", "best_bid": "0.7", "best_ask": "0.8"}, {"asset_id": "33244363850148823540133369191996701731496259206696752152385036579375277900867", "price": "0.8", "size": "0", "side": "SELL", "hash": "2157b69e51f89b84c659281a1f0112536bb35db1", "best_bid": "0.2", "best_ask": "0.3"}], "timestamp": "1769384756843", "event_type": "price_change"}}
{"_local_timestamp": "2026-01-25T23:45:57.269340+00:00", "data": {"market": "0xaa05acd0703fc61b6b67451a9d1fc1b13c0d3a479058528b844450764d1b89c2", "price_changes": [{"asset_id": "95603552603610858654865711094440176053776934922381350810648751448196388515290", "price": "0.16", "size": "0", "side": "BUY", "hash": "70650354025d0514792d18da5c8d24b9b5fb2102", "best_bid": "0.72", "best_ask": "0.82"}, {"asset_id": "30563473793939181167542319155303314166614691649173455624275181053402792683289", "price": "0.84", "size": "0", "side": "SELL", "hash": "d92ca108dd3cd3f4c75481806c29f611bebe62c2", "best_bid": "0.18", "best_ask": "0.28"}], "timestamp": "1769384756840", "event_type": "price_change"}}
{"_local_timestamp": "2026-01-25T23:46:04.005180+00:00", "data": {"market": "0xaa05acd0703fc61b6b67451a9d1fc1b13c0d3a479058528b844450764d1b89c2", "price_changes": [{"asset_id": "95603552603610858654865711094440176053776934922381350810648751448196388515290", "price": "0.18", "size": "323.04", "side": "BUY", "hash": "97a26d00e3b43e9de966eca7a45fc7f38c535caf", "best_bid": "0.72", "best_ask": "0.82"}, {"asset_id": "30563473793939181167542319155303314166614691649173455624275181053402792683289", "price": "0.82", "size": "323.04", "side": "SELL", "hash": "797398198a2ce0c3f4e1f9b3ed68e4d1f9bfd675", "best_bid": "0.18", "best_ask": "0.28"}], "timestamp": "1769384763931", "event_type": "price_change"}}
{"_local_timestamp": "2026-01-25T23:46:04.005670+00:00", "data": {"market": "0xaa05acd0703fc61b6b67451a9d1fc1b13c0d3a479058528b844450764d1b89c2", "price_changes": [{"asset_id": "95603552603610858654865711094440176053776934922381350810648751448196388515290", "price": "0.19", "size": "316.66", "side": "BUY", "hash": "b9a8e7476d26bfd2bae033053107a75481fbcda3", "best_bid": "0.72", "best_ask": "0.82"}, {"asset_id": "30563473793939181167542319155303314166614691649173455624275181053402792683289", "price": "0.81", "size": "316.66", "side": "SELL", "hash": "750b61786e7159267c2a6b189aa3f1c6f14c4dbd", "best_bid": "0.18", "best_ask": "0.28"}], "timestamp": "1769384763931", "event_type": "price_change"}}
{"_local_timestamp": "2026-01-25T23:46:14.565309+00:00", "data": {"market": "0xaa05acd0703fc61b6b67451a9d1fc1b13c0d3a479058528b844450764d1b89c2", "price_changes": [{"asset_id": "95603552603610858654865711094440176053776934922381350810648751448196388515290", "price": "0.17", "size": "0", "side": "BUY", "hash": "35dd1f8aa2c8602ea2c4ce0f338c548603b9853f", "best_bid": "0.72", "best_ask": "0.82"}, {"asset_id": "30563473793939181167542319155303314166614691649173455624275181053402792683289", "price": "0.83", "size": "0", "side": "SELL", "hash": "c85b9320cfb11d731fe2ade57a0d51605067300a", "best_bid": "0.18", "best_ask": "0.28"}], "timestamp": "1769384774502", "event_type": "price_change"}}
{"_local_timestamp": "2026-01-25T23:46:27.124430+00:00", "data": {"market": "0xaa05acd0703fc61b6b67451a9d1fc1b13c0d3a479058528b844450764d1b89c2", "price_changes": [{"asset_id": "95603552603610858654865711094440176053776934922381350810648751448196388515290", "price": "0.18", "size": "6.38", "side": "BUY", "hash": "8a12d39a7ac338c77450d6fb300c99c37a326ff2", "best_bid": "0.72", "best_ask": "0.82"}, {"asset_id": "30563473793939181167542319155303314166614691649173455624275181053402792683289", "price": "0.82", "size": "6.38", "side": "SELL", "hash": "d4fdeae60baa5fdba73e08487a73abe5e4f8fdf7", "best_bid": "0.18", "best_ask": "0.28"}], "timestamp": "1769384787047", "event_type": "price_change"}}
