{"_local_timestamp": "2026-01-25T23:33:24.417807+00:00", "data": [{"market": "0x01677ae80095732d69ef484b859460b69d21714dd370b9e4f377469c35fac05d", "asset_id": "68739301635490954357204661162889053285360701620191509408384059255744322268568", "timestamp": "1769384001656", "hash": "79db914148ad218c515ab253b1914e694f0034d0", "bids": [{"price": "0.01", "size": "513320.04"}, {"price": "0.02", "size": "1255.33"}, {"price": "0.03", "size": "9810"}, {"price": "0.04", "size": "6.56"}, {"price": "0.05", "size": "5000"}, {"price": "0.06", "size": "6500"}, {"price": "0.09", "size": "54"}, {"price": "0.1", "size": "5.8"}, {"price": "0.16", "size": "100"}, {"price": "0.25", "size": "100"}, {"price": "0.26", "size": "64.66"}, {"price": "0.27", "size": "40.74"}, {"price": "0.3", "size": "45.55"}, {"price": "0.31", "size": "29"}, {"price": "0.44", "size": "12.17"}], "asks": [{"price": "0.99", "size": "5010.25"}, {"price": "0.98", "size": "3450"}, {"price": "0.97", "size": "5.87"}, {"price": "0.94", "size": "1500"}, {"price": "0.92", "size": "425"}, {"price": "0.9", "size": "7.21"}, {"price": "0.89", "size": "290.9"}, {"price": "0.88", "size": "325"}, {"price": "0.87", "size": "62"}, {"price": "0.86", "size": "200"}, {"price": "0.83", "size": "152.94"}, {"price": "0.8", "size": "470"}, {"price": "0.78", "size": "90.9"}, {"price": "0.77", "size": "100"}, {"price": "0.75", "size": "8"}, {"price": "0.69", "size": "50"}, {"price": "0.63", "size": "10"}, {"price": "0.6", "size": "10"}, {"price": "0.59", "size": "31.7"}, {"price": "0.58", "size": "26.19"}, {"price": "0.51", "size": "325.35"}, {"price": "0.48", "size": "249.14"}], "event_type": "book", "last_trade_price": "0.520"}, {"market": "0x01677ae80095732d69ef484b859460b69d21714dd370b9e4f377469c35fac05d", "asset_id": "48930008382267207749565142085327250707630266537480934495692610670232335488898", "timestamp": "1769384001656", "hash": "c310dc82945da95f2c5c9b73d2f283897cebe87f", "bids": [{"price": "0.01", "size": "5010.25"}, {"price": "0.02", "size": "3450"}, {"price": "0.03", "size": "5.87"}, {"price": "0.06", "size": "1500"}, {"price": "0.08", "size": "425"}, {"price": "0.1", "size": "7.21"}, {"price": "0.11", "size": "290.9"}, {"price": "0.12", "size": "325"}, {"price": "0.13", "size": "62"}, {"price": "0.14", "size": "200"}, {"price": "0.17", "size": "152.94"}, {"price": "0.2", "size": "470"}, {"price": "0.22", "size": "90.9"}, {"price": "0.23", "size": "100"}, {"price": "0.25", "size": "8"}, {"price": "0.31", "size": "50"}, {"price": "0.37", "size": "10"}, {"price": "0.4", "size": "10"}, {"price": "0.41", "size": "31.7"}, {"price": "0.42", "size": "26.19"}, {"price": "0.49", "size": "325.35"}, {"price": "0.52", "size": "249.14"}], "asks": [{"price": "0.99", "size": "513320.04"}, {"price": "0.98", "size": "1255.33"}, {"price": "0.97", "size": "9810"}, {"price": "0.96", "size": "6.56"}, {"price": "0.95", "size": "5000"}, {"price": "0.94", "size": "6500"}, {"price": "0.91", "size": "54"}, {"price": "0.9", "size": "5.8"}, {"price": "0.84", "size": "100"}, {"price": "0.75", "size": "100"}, {"price": "0.74", "size": "64.66"}, {"price": "0.73", "size": "40.74"}, {"price": "0.7", "size": "45.55"}, {"price": "0.69", "size": "29"}, {"price": "0.56", "size": "12.17"}], "event_type": "book", "last_trade_price": "0.520"}]}
{"_local_timestamp": "2026-01-25T23:33:38.661239+00:00", "data": {"market": "0x01677ae80095732d69ef484b859460b69d21714dd370b9e4f377469c35fac05d", "price_changes": [{"asset_id": "68739301635490954357204661162889053285360701620191509408384059255744322268568", "price": "0.44", "size": "0", "side": "BUY", "hash": "f70549536df24197da1bf42bab5501e726f3a4eb", "best_bid": "0.31", "best_ask": "0.48"}, {"asset_id": "48930008382267207749565142085327250707630266537480934495692610670232335488898", "price": "0.56", "size": "0", "side": "SELL", "hash": "5ecb7fc71a7293bddd733112740bd6616a463a1c", "best_bid": "0.52", "best_ask": "0.69"}], "timestamp": "1769384018570", "event_type": "price_change"}}
{"_local_timestamp": "2026-01-25T23:33:38.679542+00:00", "data": {"market": "0x01677ae80095732d69ef484b859460b69d21714dd370b9e4f377469c35fac05d", "price_changes": [{"asset_id": "68739301635490954357204661162889053285360701620191509408384059255744322268568", "price": "0.43", "size": "12.17", "side": "BUY", "hash": "89e8e7cba06073476a6e07620c606c7111456896", "best_bid": "0.43", "best_ask": "0.48"}, {"asset_id": "48930008382267207749565142085327250707630266537480934495692610670232335488898", "price": "0.57", "size": "12.17", "side": "SELL", "hash": "a8424817500e591499e290bd4f07f832f2514b2d", "best_bid": "0.52", "best_ask": "0.57"}], "timestamp": "1769384018608", "event_type": "price_change"}}
{"_local_timestamp": "2026-01-25T23:33:38.689196+00:00", "data": {"market": "0x01677ae80095732d69ef484b859460b69d21714dd370b9e4f377469c35fac05d", "price_changes": [{"asset_id": "48930008382267207749565142085327250707630266537480934495692610670232335488898", "price": "0.14", "size": "0", "side": "BUY", "hash": "77c2d791c9baef1a05ec3e903c13d9b9123c6e15", "best_bid": "0.52", "best_ask": "0.57"}, {"asset_id": "68739301635490954357204661162889053285360701620191509408384059255744322268568", "price": "0.86", "size": "0", "side": "SELL", "hash": "d4ffc9338aebe122db054322fd296496aa1dc8ce", "best_bid": "0.43", "best_ask": "0.48"}], "timestamp": "1769384018610", "event_type": "price_change"}}
{"_local_timestamp": "2026-01-25T23:33:38.691712+00:00", "data": {"market": "0x01677ae80095732d69ef484b859460b69d21714dd370b9e4f377469c35fac05d", "price_changes": [{"asset_id": "48930008382267207749565142085327250707630266537480934495692610670232335488898", "price": "0.2", "size": "350", "side": "BUY", "hash": "77c2d791c9baef1a05ec3e903c13d9b9123c6e15", "best_bid": "0.52", "best_ask": "0.57"}, {"asset_id": "68739301635490954357204661162889053285360701620191509408384059255744322268568", "price": "0.8", "size": "350", "side": "SELL", "hash": "d4ffc9338aebe122db054322fd296496aa1dc8ce", "best_bid": "0.43", "best_ask": "0.48"}], "timestamp": "1769384018610", "event_type": "price_change"}}
{"_local_timestamp": "2026-01-25T23:33:38.694031+00:00", "data": {"market": "0x01677ae80095732d69ef484b859460b69d21714dd370b9e4f377469c35fac05d", "price_changes": [{"asset_id": "48930008382267207749565142085327250707630266537480934495692610670232335488898", "price": "0.08", "size": "0", "side": "BUY", "hash": "77c2d791c9baef1a05ec3e903c13d9b9123c6e15", "best_bid": "0.52", "best_ask": "0.57"}, {"asset_id": "68739301635490954357204661162889053285360701620191509408384059255744322268568", "price": "0.92", "size": "0", "side": "SELL", "hash": "d4ffc9338aebe122db054322fd296496aa1dc8ce", "best_bid": "0.43", "best_ask": "0.48"}], "timestamp": "1769384018610", "event_type": "price_change"}}
{"_local_timestamp": "2026-01-25T23:33:38.698077+00:00", "data": {"market": "0x01677ae80095732d69ef484b859460b69d21714dd370b9e4f377469c35fac05d", "price_changes": [{"asset_id": "48930008382267207749565142085327250707630266537480934495692610670232335488898", "price": "0.22", "size": "0", "side": "BUY", "hash": "77c2d791c9baef1a05ec3e903c13d9b9123c6e15", "best_bid": "0.52", "best_ask": "0.57"}, {"asset_id": "68739301635490954357204661162889053285360701620191509408384059255744322268568", "price": "0.78", "size": "0", "side": "SELL", "hash": "d4ffc9338aebe122db054322fd296496aa1dc8ce", "best_bid": "0.43", "best_ask": "0.48"}], "timestamp": "1769384018610", "event_type": "price_change"}}
{"_local_timestamp": "2026-01-25T23:33:38.698758+00:00", "data": {"market": "0x01677ae80095732d69ef484b859460b69d21714dd370b9e4f377469c35fac05d", "price_changes": [{"asset_id": "48930008382267207749565142085327250707630266537480934495692610670232335488898", "price": "0.17", "size": "0", "side": "BUY", "hash": "77c2d791c9baef1a05ec3e903c13d9b9123c6e15", "best_bid": "0.52", "best_ask": "0.57"}, {"asset_id": "68739301635490954357204661162889053285360701620191509408384059255744322268568", "price": "0.83", "size": "0", "side": "SELL", "hash": "d4ffc9338aebe122db054322fd296496aa1dc8ce", "best_bid": "0.43", "best_ask": "0.48"}], "timestamp": "1769384018610", "event_type": "price_change"}}
{"_local_timestamp": "2026-01-25T23:33:38.699089+00:00", "data": {"market": "0x01677ae80095732d69ef484b859460b69d21714dd370b9e4f377469c35fac05d", "price_changes": [{"asset_id": "48930008382267207749565142085327250707630266537480934495692610670232335488898", "price": "0.06", "size": "900", "side": "BUY", "hash": "77c2d791c9baef1a05ec3e903c13d9b9123c6e15", "best_bid": "0.52", "best_ask": "0.57"}, {"asset_id": "68739301635490954357204661162889053285360701620191509408384059255744322268568", "price": "0.94", "size": "900", "side": "SELL", "hash": "d4ffc9338aebe122db054322fd296496aa1dc8ce", "best_bid": "0.43", "best_ask": "0.48"}], "timestamp": "1769384018610", "event_type": "price_change"}}
{"_local_timestamp": "2026-01-25T23:33:38.700247+00:00", "data": {"market": "0x01677ae80095732d69ef484b859460b69d21714dd370b9e4f377469c35fac05d", "price_changes": [{"asset_id": "48930008382267207749565142085327250707630266537480934495692610670232335488898", "price": "0.11", "size": "0", "side": "BUY", "hash": "77c2d791c9baef1a05ec3e903c13d9b9123c6e15", "best_bid": "0.52", "best_ask": "0.57"}, {"asset_id": "68739301635490954357204661162889053285360701620191509408384059255744322268568", "price": "0.89", "size": "0", "side": "SELL", "hash": "d4ffc9338aebe122db054322fd296496aa1dc8ce", "best_bid": "0.43", "best_ask": "0.48"}], "timestamp": "1769384018610", "event_type": "price_change"}}
{"_local_timestamp": "2026-01-25T23:33:38.729622+00:00", "data": {"market": "0x01677ae80095732d69ef484b859460b69d21714dd370b9e4f377469c35fac05d", "price_changes": [{"asset_id": "48930008382267207749565142085327250707630266537480934495692610670232335488898", "price": "0.24", "size": "83.33", "side": "BUY", "hash": "662b502e53e6aa6f04f25cd301a9f91210553f2f", "best_bid": "0.52", "best_ask": "0.57"}, {"asset_id": "68739301635490954357204661162889053285360701620191509408384059255744322268568", "price": "0.76", "size": "83.33", "side": "SELL", "hash": "eb494b21d1d07b71deb8e69bf0b4481cd3440973", "best_bid": "0.43", "best_ask": "0.48"}], "timestamp": "1769384018657", "event_type": "price_change"}}
{"_local_timestamp": "2026-01-25T23:33:38.742281+00:00", "data": {"market": "0x01677ae80095732d69ef484b859460b69d21714dd370b9e4f377469c35fac05d", "price_changes": [{"asset_id": "48930008382267207749565142085327250707630266537480934495692610670232335488898", "price": "0.24", "size": "0", "side": "BUY", "hash": "9e4cafcbab34b2e3b6ef86c72d4ba652365c3778", "best_bid": "0.52", "best_ask": "0.57"}, {"asset_id": "68739301635490954357204661162889053285360701620191509408384059255744322268568", "price": "0.76", "size": "0", "side": "SELL", "hash": "576bc95820cf3cbb7533c8296ea6ace621a90d25", "best_bid": "0.43", "best_ask": "0.48"}], "timestamp": "1769384018676", "event_type": "price_change"}}
{"_local_timestamp": "2026-01-25T23:33:38.775729+00:00", "data": {"market": "0x01677ae80095732d69ef484b859460b69d21714dd370b9e4f377469c35fac05d", "price_changes": [{"asset_id": "48930008382267207749565142085327250707630266537480934495692610670232335488898", "price": "0.21", "size": "114.28", "side": "BUY", "hash": "aa78699093d0180494775e7b781e272c96b74e2b", "best_bid": "0.52", "best_ask": "0.57"}, {"asset_id": "68739301635490954357204661162889053285360701620191509408384059255744322268568", "price": "0.79", "size": "114.28", "side": "SELL", "hash": "bb9b376172c9cd1493829c3c09c94d5bd1095fb3", "best_bid": "0.43", "best_ask": "0.48"}], "timestamp": "1769384018701", "event_type": "price_change"}}
{"_local_timestamp": "2026-01-25T23:33:38.792874+00:00", "data": {"market": "0x01677ae80095732d69ef484b859460b69d21714dd370b9e4f377469c35fac05d", "price_changes": [{"asset_id": "48930008382267207749565142085327250707630266537480934495692610670232335488898", "price": "0.23", "size": "186.95", "side": "BUY", "hash": "86a5124221c08c2566a959a6cc30a838950f3838", "best_bid": "0.52", "best_ask": "0.57"}, {"asset_id": "68739301635490954357204661162889053285360701620191509408384059255744322268568", "price": "0.77", "size": "186.95", "side": "SELL", "hash": "7def6bb0212c0b2ae06c326e29b96e3e34ff65e7", "best_bid": "0.43", "best_ask": "0.48"}], "timestamp": "1769384018722", "event_type": "price_change"}}
{"_local_timestamp": "2026-01-25T23:33:38.815375+00:00", "data": {"market": "0x01677ae80095732d69ef484b859460b69d21714dd370b9e4f377469c35fac05d", "price_changes": [{"asset_id": "48930008382267207749565142085327250707630266537480934495692610670232335488898", "price": "0.18", "size": "144.44", "side": "BUY", "hash": "221ab3f4600ce979cb393c032bee7020ce99b675", "best_bid": "0.52", "best_ask": "0.57"}, {"asset_id": "68739301635490954357204661162889053285360701620191509408384059255744322268568", "price": "0.82", "size": "144.44", "side": "SELL", "hash": "8e6ee031e1530d65fb33ccbf0da5fe8272efc4ff", "best_bid": "0.43", "best_ask": "0.48"}], "timestamp": "1769384018743", "event_type": "price_change"}}
{"_local_timestamp": "2026-01-25T23:33:38.834757+00:00", "data": {"market": "0x01677ae80095732d69ef484b859460b69d21714dd370b9e4f377469c35fac05d", "price_changes": [{"asset_id": "48930008382267207749565142085327250707630266537480934495692610670232335488898", "price": "0.2", "size": "470", "side": "BUY", "hash": "8fd3af5ab6a4396ba9f42196789b941871b9515d", "best_bid": "0.52", "best_ask": "0.57"}, {"asset_id": "68739301635490954357204661162889053285360701620191509408384059255744322268568", "price": "0.8", "size": "470", "side": "SELL", "hash": "7807f3436126e0585afb49acc2944644899485a5", "best_bid": "0.43", "best_ask": "0.48"}], "timestamp": "1769384018763", "event_type": "price_change"}}
{"_local_timestamp": "2026-01-25T23:33:38.858002+00:00", "data": {"market": "0x01677ae80095732d69ef484b859460b69d21714dd370b9e4f377469c35fac05d", "price_changes": [{"asset_id": "48930008382267207749565142085327250707630266537480934495692610670232335488898", "price": "0.15", "size": "186.66", "side": "BUY", "hash": "e386784b5178c4a9415d95630a6c9987ab779a47", "best_bid": "0.52", "best_ask": "0.57"}, {"asset_id": "68739301635490954357204661162889053285360701620191509408384059255744322268568", "price": "0.85", "size": "186.66", "side": "SELL", "hash": "10aa8b126ba42530686401fdb5a231a9de5d017f", "best_bid": "0.43", "best_ask": "0.48"}], "timestamp": "1769384018779", "event_type": "price_change"}}
{"_local_timestamp": "2026-01-25T23:33:38.876052+00:00", "data": {"market": "0x01677ae80095732d69ef484b859460b69d21714dd370b9e4f377469c35fac05d", "price_changes": [{"asset_id": "48930008382267207749565142085327250707630266537480934495692610670232335488898", "price": "0.17", "size": "152.94", "side": "BUY", "hash": "9fa70b04fc51b055350998c9b48ef69f036434f8", "best_bid": "0.52", "best_ask": "0.57"}, {"asset_id": "68739301635490954357204661162889053285360701620191509408384059255744322268568", "price": "0.83", "size": "152.94", "side": "SELL", "hash": "6253a7b2d692bc4dcb6350f3ff46c0ae18e84c1b", "best_bid": "0.43", "best_ask": "0.48"}], "timestamp": "1769384018805", "event_type": "price_change"}}
{"_local_timestamp": "2026-01-25T23:33:38.886341+00:00", "data": {"market": "0x01677ae80095732d69ef484b859460b69d21714dd370b9e4f377469c35fac05d", "price_changes": [{"asset_id": "48930008382267207749565142085327250707630266537480934495692610670232335488898", "price": "0.12", "size": "591.66", "side": "BUY", "hash": "7c0a072864f02e7abc7196e7c1434088b980f58d", "best_bid": "0.52", "best_ask": "0.57"}, {"asset_id": "68739301635490954357204661162889053285360701620191509408384059255744322268568", "price": "0.88", "size": "591.66", "side": "SELL", "hash": "59bfa26aa03acab7b8a19dc6c0e98abc2ed2ab78", "best_bid": "0.43", "best_ask": "0.48"}], "timestamp": "1769384018817", "event_type": "price_change"}}
{"_local_timestamp": "2026-01-25T23:33:38.929348+00:00", "data": {"market": "0x01677ae80095732d69ef484b859460b69d21714dd370b9e4f377469c35fac05d", "price_changes": [{"asset_id": "48930008382267207749565142085327250707630266537480934495692610670232335488898", "price": "0.14", "size": "200", "side": "BUY", "hash": "8e966e92cea250f5fd9e5a361cd8e5466a0d79cd", "best_bid": "0.52", "best_ask": "0.57"}, {"asset_id": "68739301635490954357204661162889053285360701620191509408384059255744322268568", "price": "0.86", "size": "200", "side": "SELL", "hash": "37e10d972844cea3c0cd870c4b5e448b2fe721de", "best_bid": "0.43", "best_ask": "0.48"}], "timestamp": "1769384018853", "event_type": "price_change"}}
{"_local_timestamp": "2026-01-25T23:33:38.930846+00:00", "data": {"market": "0x01677ae80095732d69ef484b859460b69d21714dd370b9e4f377469c35fac05d", "price_changes": [{"asset_id": "48930008382267207749565142085327250707630266537480934495692610670232335488898", "price": "0.09", "size": "377.77", "side": "BUY", "hash": "cdf006c195c0bde96d7f0f6c87bdfd5a4eb6b91c", "best_bid": "0.52", "best_ask": "0.57"}, {"asset_id": "68739301635490954357204661162889053285360701620191509408384059255744322268568", "price": "0.91", "size": "377.77", "side": "SELL", "hash": "ed6a10308991d51d1579be8b64b40332ce862e47", "best_bid": "0.43", "best_ask": "0.48"}], "timestamp": "1769384018861", "event_type": "price_change"}}
{"_local_timestamp": "2026-01-25T23:33:38.971076+00:00", "data": {"market": "0x01677ae80095732d69ef484b859460b69d21714dd370b9e4f377469c35fac05d", "price_changes": [{"asset_id": "48930008382267207749565142085327250707630266537480934495692610670232335488898", "price": "0.06", "size": "1500", "side": "BUY", "hash": "baf6d26fbe398fdfcb194fa0c85c450d73b50efc", "best_bid": "0.52", "best_ask": "0.57"}, {"asset_id": "68739301635490954357204661162889053285360701620191509408384059255744322268568", "price": "0.94", "size": "1500", "side": "SELL", "hash": "02db2183a4f3453fb2fdefbaed9c1717cc98f924", "best_bid": "0.43", "best_ask": "0.48"}], "timestamp": "1769384018901", "event_type": "price_change"}}
{"_local_timestamp": "2026-01-25T23:33:38.971556+00:00", "data": {"market": "0x01677ae80095732d69ef484b859460b69d21714dd370b9e4f377469c35fac05d", "price_changes": [{"asset_id": "48930008382267207749565142085327250707630266537480934495692610670232335488898", "price": "0.11", "size": "290.9", "side": "BUY", "hash": "c1ad36169a410223b8769a5da9df1b2d55c59c62", "best_bid": "0.52", "best_ask": "0.57"}, {"asset_id": "68739301635490954357204661162889053285360701620191509408384059255744322268568", "price": "0.89", "size": "290.9", "side": "SELL", "hash": "919b42be11ac89eb6f728d5fdd1c1a4a01b72b0c", "best_bid": "0.43", "best_ask": "0.48"}], "timestamp": "1769384018905", "event_type": "price_change"}}
{"_local_timestamp": "2026-01-25T23:33:39.029453+00:00", "data": {"market": "0x01677ae80095732d69ef484b859460b69d21714dd370b9e4f377469c35fac05d", "price_changes": [{"asset_id": "48930008382267207749565142085327250707630266537480934495692610670232335488898", "price": "0.09", "size": "755.54", "side": "BUY", "hash": "20f0faf37d709d7040529f38b3877c4f7ec3ff08", "best_bid": "0.52", "best_ask": "0.57"}, {"asset_id": "68739301635490954357204661162889053285360701620191509408384059255744322268568", "price": "0.91", "size": "755.54", "side": "SELL", "hash": "a80b7bfcda77692805650d93d7fa572f8ade99f7", "best_bid": "0.43", "best_ask": "0.48"}], "timestamp": "1769384018960", "event_type": "price_change"}}
{"_local_timestamp": "2026-01-25T23:33:39.044853+00:00", "data": {"market": "0x01677ae80095732d69ef484b859460b69d21714dd370b9e4f377469c35fac05d", "price_changes": [{"asset_id": "48930008382267207749565142085327250707630266537480934495692610670232335488898", "price": "0.23", "size": "100", "side": "BUY", "hash": "c6208411c196a0628a218e5d527f8fbe8359d501", "best_bid": "0.52", "best_ask": "0.57"}, {"asset_id": "68739301635490954357204661162889053285360701620191509408384059255744322268568", "price": "0.77", "size": "100", "side": "SELL", "hash": "fc1927292c53208cf002c2cf76b4665293b5cffd", "best_bid": "0.43", "best_ask": "0.48"}], "timestamp": "1769384018976", "event_type": "price_change"}}
{"_local_timestamp": "2026-01-25T23:33:39.047810+00:00", "data": {"market": "0x01677ae80095732d69ef484b859460b69d21714dd370b9e4f377469c35fac05d", "price_changes": [{"asset_id": "48930008382267207749565142085327250707630266537480934495692610670232335488898", "price": "0.06", "size": "900", "side": "BUY", "hash": "c6208411c196a0628a218e5d527f8fbe8359d501", "best_bid": "0.52", "best_ask": "0.57"}, {"asset_id": "68739301635490954357204661162889053285360701620191509408384059255744322268568", "price": "0.94", "size": "900", "side": "SELL", "hash": "fc1927292c53208cf002c2cf76b4665293b5cffd", "best_bid": "0.43", "best_ask": "0.48"}], "timestamp": "1769384018976", "event_type": "price_change"}}
{"_local_timestamp": "2026-01-25T23:33:39.054233+00:00", "data": {"market": "0x01677ae80095732d69ef484b859460b69d21714dd370b9e4f377469c35fac05d", "price_changes": [{"asset_id": "48930008382267207749565142085327250707630266537480934495692610670232335488898", "price": "0.21", "size": "0", "side": "BUY", "hash": "c6208411c196a0628a218e5d527f8fbe8359d501", "best_bid": "0.52", "best_ask": "0.57"}, {"asset_id": "68739301635490954357204661162889053285360701620191509408384059255744322268568", "price": "0.79", "size": "0", "side": "SELL", "hash": "fc1927292c53208cf002c2cf76b4665293b5cffd", "best_bid": "0.43", "best_ask": "0.48"}], "timestamp": "1769384018976", "event_type": "price_change"}}
{"_local_timestamp": "2026-01-25T23:33:39.056422+00:00", "data": {"market": "0x01677ae80095732d69ef484b859460b69d21714dd370b9e4f377469c35fac05d", "price_changes": [{"asset_id": "48930008382267207749565142085327250707630266537480934495692610670232335488898", "price": "0.17", "size": "0", "side": "BUY", "hash": "c6208411c196a0628a218e5d527f8fbe8359d501", "best_bid": "0.52", "best_ask": "0.57"}, {"asset_id": "68739301635490954357204661162889053285360701620191509408384059255744322268568", "price": "0.83", "size": "0", "side": "SELL", "hash": "fc1927292c53208cf002c2cf76b4665293b5cffd", "best_bid": "0.43", "best_ask": "0.48"}], "timestamp": "1769384018976", "event_type": "price_change"}}
{"_local_timestamp": "2026-01-25T23:33:39.059977+00:00", "data": {"market": "0x01677ae80095732d69ef484b859460b69d21714dd370b9e4f377469c35fac05d", "price_changes": [{"asset_id": "48930008382267207749565142085327250707630266537480934495692610670232335488898", "price": "0.14", "size": "0", "side": "BUY", "hash": "c6208411c196a0628a218e5d527f8fbe8359d501", "best_bid": "0.52", "best_ask": "0.57"}, {"asset_id": "68739301635490954357204661162889053285360701620191509408384059255744322268568", "price": "0.86", "size": "0", "side": "SELL", "hash": "fc1927292c53208cf002c2cf76b4665293b5cffd", "best_bid": "0.43", "best_ask": "0.48"}], "timestamp": "1769384018976", "event_type": "price_change"}}
{"_local_timestamp": "2026-01-25T23:33:39.063809+00:00", "data": {"market": "0x01677ae80095732d69ef484b859460b69d21714dd370b9e4f377469c35fac05d", "price_changes": [{"asset_id": "48930008382267207749565142085327250707630266537480934495692610670232335488898", "price": "0.09", "size": "0", "side": "BUY", "hash": "c6208411c196a0628a218e5d527f8fbe8359d501", "best_bid": "0.52", "best_ask": "0.57"}, {"asset_id": "68739301635490954357204661162889053285360701620191509408384059255744322268568", "price": "0.91", "size": "0", "side": "SELL", "hash": "fc1927292c53208cf002c2cf76b4665293b5cffd", "best_bid": "0.43", "best_ask": "0.48"}], "timestamp": "1769384018976", "event_type": "price_change"}}
{"_local_timestamp": "2026-01-25T23:33:39.065126+00:00", "data": {"market": "0x01677ae80095732d69ef484b859460b69d21714dd370b9e4f377469c35fac05d", "price_changes": [{"asset_id": "48930008382267207749565142085327250707630266537480934495692610670232335488898", "price": "0.2", "size": "350", "side": "BUY", "hash": "c6208411c196a0628a218e5d527f8fbe8359d501", "best_bid": "0.52", "best_ask": "0.57"}, {"asset_id": "68739301635490954357204661162889053285360701620191509408384059255744322268568", "price": "0.8", "size": "350", "side": "SELL", "hash": "fc1927292c53208cf002c2cf76b4665293b5cffd", "best_bid": "0.43", "best_ask": "0.48"}], "timestamp": "1769384018976", "event_type": "price_change"}}
{"_local_timestamp": "2026-01-25T23:33:39.066459+00:00", "data": {"market": "0x01677ae80095732d69ef484b859460b69d21714dd370b9e4f377469c35fac05d", "price_changes": [{"asset_id": "48930008382267207749565142085327250707630266537480934495692610670232335488898", "price": "0.15", "size": "0", "side": "BUY", "hash": "c6208411c196a0628a218e5d527f8fbe8359d501", "best_bid": "0.52", "best_ask": "0.57"}, {"asset_id": "68739301635490954357204661162889053285360701620191509408384059255744322268568", "price": "0.85", "size": "0", "side": "SELL", "hash": "fc1927292c53208cf002c2cf76b4665293b5cffd", "best_bid": "0.43", "best_ask": "0.48"}], "timestamp": "1769384018976", "event_type": "price_change"}}
{"_local_timestamp": "2026-01-25T23:33:39.066823+00:00", "data": {"market": "0x01677ae80095732d69ef484b859460b69d21714dd370b9e4f377469c35fac05d", "price_changes": [{"asset_id": "48930008382267207749565142085327250707630266537480934495692610670232335488898", "price": "0.11", "size": "0", "side": "BUY", "hash": "c6208411c196a0628a218e5d527f8fbe8359d501", "best_bid": "0.52", "best_ask": "0.57"}, {"asset_id": "68739301635490954357204661162889053285360701620191509408384059255744322268568", "price": "0.89", "size": "0", "side": "SELL", "hash": "fc1927292c53208cf002c2cf76b4665293b5cffd", "best_bid": "0.43", "best_ask": "0.48"}], "timestamp": "1769384018976", "event_type": "price_change"}}
{"_local_timestamp": "2026-01-25T23:33:39.068755+00:00", "data": {"market": "0x01677ae80095732d69ef484b859460b69d21714dd370b9e4f377469c35fac05d", "price_changes": [{"asset_id": "48930008382267207749565142085327250707630266537480934495692610670232335488898", "price": "0.18", "size": "0", "side": "BUY", "hash": "c6208411c196a0628a218e5d527f8fbe8359d501", "best_bid": "0.52", "best_ask": "0.57"}, {"asset_id": "68739301635490954357204661162889053285360701620191509408384059255744322268568", "price": "0.82", "size": "0", "side": "SELL", "hash": "fc1927292c53208cf002c2cf76b4665293b5cffd", "best_bid": "0.43", "best_ask": "0.48"}], "timestamp": "1769384018976", "event_type": "price_change"}}
{"_local_timestamp": "2026-01-25T23:33:39.071024+00:00", "data": {"market": "0x01677ae80095732d69ef484b859460b69d21714dd370b9e4f377469c35fac05d", "price_changes": [{"asset_id": "48930008382267207749565142085327250707630266537480934495692610670232335488898", "price": "0.12", "size": "325", "side": "BUY", "hash": "c6208411c196a0628a218e5d527f8fbe8359d501", "best_bid": "0.52", "best_ask": "0.57"}, {"asset_id": "68739301635490954357204661162889053285360701620191509408384059255744322268568", "price": "0.88", "size": "325", "side": "SELL", "hash": "fc1927292c53208cf002c2cf76b4665293b5cffd", "best_bid": "0.43", "best_ask": "0.48"}], "timestamp": "1769384018976", "event_type": "price_change"}}
{"_local_timestamp": "2026-01-25T23:33:39.103993+00:00", "data": {"market": "0x01677ae80095732d69ef484b859460b69d21714dd370b9e4f377469c35fac05d", "price_changes": [{"asset_id": "48930008382267207749565142085327250707630266537480934495692610670232335488898", "price": "0.06", "size": "1500", "side": "BUY", "hash": "2ad5ee6d83483cd434a4dae10325d35f1449a3b7", "best_bid": "0.52", "best_ask": "0.57"}, {"asset_id": "68739301635490954357204661162889053285360701620191509408384059255744322268568", "price": "0.94", "size": "1500", "side": "SELL", "hash": "e70901a83c4822270543ff835d5e3975afc267bc", "best_bid": "0.43", "best_ask": "0.48"}], "timestamp": "1769384019020", "event_type": "price_change"}}
{"_local_timestamp": "2026-01-25T23:33:40.592386+00:00", "data": {"market": "0x01677ae80095732d69ef484b859460b69d21714dd370b9e4f377469c35fac05d", "price_changes": [{"asset_id": "48930008382267207749565142085327250707630266537480934495692610670232335488898", "price": "0.21", "size": "50", "side": "BUY", "hash": "bb104f74a379f8a62d9b45d531da371a52841e90", "best_bid": "0.52", "best_ask": "0.57"}, {"asset_id": "68739301635490954357204661162889053285360701620191509408384059255744322268568", "price": "0.79", "size": "50", "side": "SELL", "hash": "f858c93174ad479c84ba376680d05e9f3b8dbf77", "best_bid": "0.43", "best_ask": "0.48"}], "timestamp": "1769384020518", "event_type": "price_change"}}
{"_local_timestamp": "2026-01-25T23:33:47.752109+00:00", "data": {"market": "0x01677ae80095732d69ef484b859460b69d21714dd370b9e4f377469c35fac05d", "price_changes": [{"asset_id": "68739301635490954357204661162889053285360701620191509408384059255744322268568", "price": "0.43", "size": "0", "side": "BUY", "hash": "fbb7b95e072e8db4222706eb03cc4a419a64d0ee", "best_bid": "0.31", "best_ask": "0.48"}, {"asset_id": "48930008382267207749565142085327250707630266537480934495692610670232335488898", "price": "0.57", "size": "0", "side": "SELL", "hash": "8643af2ee0f7c3f9d3b758e08de827475219e3af", "best_bid": "0.52", "best_ask": "0.69"}], "timestamp": "1769384027683", "event_type": "price_change"}}
{"_local_timestamp": "2026-01-25T23:33:47.783982+00:00", "data": {"market": "0x01677ae80095732d69ef484b859460b69d21714dd370b9e4f377469c35fac05d", "price_changes": [{"asset_id": "48930008382267207749565142085327250707630266537480934495692610670232335488898", "price": "0.06", "size": "900", "side": "BUY", "hash": "15a70753b7fec4b3c36b39b8bb5f5fb4d3215696", "best_bid": "0.52", "best_ask": "0.69"}, {"asset_id": "68739301635490954357204661162889053285360701620191509408384059255744322268568", "price": "0.94", "size": "900", "side": "SELL", "hash": "678fca5f8deb40e3ca8458ca9882770286d032d4", "best_bid": "0.31", "best_ask": "0.48"}], "timestamp": "1769384027718", "event_type": "price_change"}}
{"_local_timestamp": "2026-01-25T23:33:47.786618+00:00", "data": {"market": "0x01677ae80095732d69ef484b859460b69d21714dd370b9e4f377469c35fac05d", "price_changes": [{"asset_id": "68739301635490954357204661162889053285360701620191509408384059255744322268568", "price": "0.42", "size": "12.17", "side": "BUY", "hash": "5063c4bac64f692385e8e0ff54dc491f23df36fc", "best_bid": "0.42", "best_ask": "0.48"}, {"asset_id": "48930008382267207749565142085327250707630266537480934495692610670232335488898", "price": "0.58", "size": "12.17", "side": "SELL", "hash": "4e380593369766a37386eb09c8542e5390f3970f", "best_bid": "0.52", "best_ask": "0.58"}], "timestamp": "1769384027720", "event_type": "price_change"}}
{"_local_timestamp": "2026-01-25T23:33:47.825250+00:00", "data": {"market": "0x01677ae80095732d69ef484b859460b69d21714dd370b9e4f377469c35fac05d", "price_changes": [{"asset_id": "48930008382267207749565142085327250707630266537480934495692610670232335488898", "price": "0.24", "size": "83.33", "side": "BUY", "hash": "21e8f5a10670f01963f0387e43e20508c24e6a7b", "best_bid": "0.52", "best_ask": "0.58"}, {"asset_id": "68739301635490954357204661162889053285360701620191509408384059255744322268568", "price": "0.76", "size": "83.33", "side": "SELL", "hash": "4653f824298f184c5f4a2f16d6a756ffc3a24f97", "best_bid": "0.42", "best_ask": "0.48"}], "timestamp": "1769384027760", "event_type": "price_change"}}
{"_local_timestamp": "2026-01-25T23:33:47.849495+00:00", "data": {"market": "0x01677ae80095732d69ef484b859460b69d21714dd370b9e4f377469c35fac05d", "price_changes": [{"asset_id": "48930008382267207749565142085327250707630266537480934495692610670232335488898", "price": "0.24", "size": "0", "side": "BUY", "hash": "d088f3a4258a12f11a7a5ebf93e1c1fdb1b673d5", "best_bid": "0.52", "best_ask": "0.58"}, {"asset_id": "68739301635490954357204661162889053285360701620191509408384059255744322268568", "price": "0.76", "size": "0", "side": "SELL", "hash": "f7f36a337257b8a2aa3d5aec49842af11eb924a1", "best_bid": "0.42", "best_ask": "0.48"}], "timestamp": "1769384027779", "event_type": "price_change"}}
{"_local_timestamp": "2026-01-25T23:33:47.868726+00:00", "data": {"market": "0x01677ae80095732d69ef484b859460b69d21714dd370b9e4f377469c35fac05d", "price_changes": [{"asset_id": "48930008382267207749565142085327250707630266537480934495692610670232335488898", "price": "0.21", "size": "164.28", "side": "BUY", "hash": "e6cf281db0880567e2bd3b8b72ff74bf7ed5cd4d", "best_bid": "0.52", "best_ask": "0.58"}, {"asset_id": "68739301635490954357204661162889053285360701620191509408384059255744322268568", "price": "0.79", "size": "164.28", "side": "SELL", "hash": "5444549bcafc982f883949896c16c97cd84de757", "best_bid": "0.42", "best_ask": "0.48"}], "timestamp": "1769384027797", "event_type": "price_change"}}
{"_local_timestamp": "2026-01-25T23:33:47.891490+00:00", "data": {"market": "0x01677ae80095732d69ef484b859460b69d21714dd370b9e4f377469c35fac05d", "price_changes": [{"asset_id": "48930008382267207749565142085327250707630266537480934495692610670232335488898", "price": "0.23", "size": "186.95", "side": "BUY", "hash": "83b5ab4896500f8d289939c651af869ae31e58a7", "best_bid": "0.52", "best_ask": "0.58"}, {"asset_id": "68739301635490954357204661162889053285360701620191509408384059255744322268568", "price": "0.77", "size": "186.95", "side": "SELL", "hash": "0b3bd1598db8f75ca53b62f3736b37b2bd79e793", "best_bid": "0.42", "best_ask": "0.48"}], "timestamp": "1769384027821", "event_type": "price_change"}}
{"_local_timestamp": "2026-01-25T23:33:47.927578+00:00", "data": {"market": "0x01677ae80095732d69ef484b859460b69d21714dd370b9e4f377469c35fac05d", "price_changes": [{"asset_id": "48930008382267207749565142085327250707630266537480934495692610670232335488898", "price": "0.18", "size": "144.44", "side": "BUY", "hash": "c4a1e5fbe4270e30e0566c50e0c69e710a204cc7", "best_bid": "0.52", "best_ask": "0.58"}, {"asset_id": "68739301635490954357204661162889053285360701620191509408384059255744322268568", "price": "0.82", "size": "144.44", "side": "SELL", "hash": "38f2931959cafaac40f912e4828a378de449ade0", "best_bid": "0.42", "best_ask": "0.48"}], "timestamp": "1769384027846", "event_type": "price_change"}}
{"_local_timestamp": "2026-01-25T23:33:47.934069+00:00", "data": {"market": "0x01677ae80095732d69ef484b859460b69d21714dd370b9e4f377469c35fac05d", "price_changes": [{"asset_id": "48930008382267207749565142085327250707630266537480934495692610670232335488898", "price": "0.2", "size": "470", "side": "BUY", "hash": "f4328e4e1d48c1f2c7ee4a6603bd9db73c3a1584", "best_bid": "0.52", "best_ask": "0.58"}, {"asset_id": "68739301635490954357204661162889053285360701620191509408384059255744322268568", "price": "0.8", "size": "470", "side": "SELL", "hash": "4760b149e07df70f949a14fc0ce0aee4d839dbe9", "best_bid": "0.42", "best_ask": "0.48"}], "timestamp": "1769384027868", "event_type": "price_change"}}
{"_local_timestamp": "2026-01-25T23:33:47.955069+00:00", "data": {"market": "0x01677ae80095732d69ef484b859460b69d21714dd370b9e4f377469c35fac05d", "price_changes": [{"asset_id": "48930008382267207749565142085327250707630266537480934495692610670232335488898", "price": "0.15", "size": "186.66", "side": "BUY", "hash": "8bae479e2ed143427456eeb9703067f288523cb2", "best_bid": "0.52", "best_ask": "0.58"}, {"asset_id": "68739301635490954357204661162889053285360701620191509408384059255744322268568", "price": "0.85", "size": "186.66", "side": "SELL", "hash": "a9093afc2c71328eac00cc3191277c8941f66c5c", "best_bid": "0.42", "best_ask": "0.48"}], "timestamp": "1769384027887", "event_type": "price_change"}}
{"_local_timestamp": "2026-01-25T23:33:47.973558+00:00", "data": {"market": "0x01677ae80095732d69ef484b859460b69d21714dd370b9e4f377469c35fac05d", "price_changes": [{"asset_id": "48930008382267207749565142085327250707630266537480934495692610670232335488898", "price": "0.17", "size": "152.94", "side": "BUY", "hash": "b6c7d84e40dc9ec457155545e34d5e326d36bd8f", "best_bid": "0.52", "best_ask": "0.58"}, {"asset_id": "68739301635490954357204661162889053285360701620191509408384059255744322268568", "price": "0.83", "size": "152.94", "side": "SELL", "hash": "e305aa50130c19bca2fb39bb33bb9f4a3d7496a1", "best_bid": "0.42", "best_ask": "0.48"}], "timestamp": "1769384027908", "event_type": "price_change"}}
{"_local_timestamp": "2026-01-25T23:33:48.029654+00:00", "data": {"market": "0x01677ae80095732d69ef484b859460b69d21714dd370b9e4f377469c35fac05d", "price_changes": [{"asset_id": "48930008382267207749565142085327250707630266537480934495692610670232335488898", "price": "0.12", "size": "591.66", "side": "BUY", "hash": "4f7a8786d9e65313eb166311fc50b0c21da5bf92", "best_bid": "0.52", "best_ask": "0.58"}, {"asset_id": "68739301635490954357204661162889053285360701620191509408384059255744322268568", "price": "0.88", "size": "591.66", "side": "SELL", "hash": "5a07a819e9dc5bfd52b7b52d162181c41e5691a1", "best_bid": "0.42", "best_ask": "0.48"}], "timestamp": "1769384027931", "event_type": "price_change"}}
{"_local_timestamp": "2026-01-25T23:33:48.058979+00:00", "data": {"market": "0x01677ae80095732d69ef484b859460b69d21714dd370b9e4f377469c35fac05d", "price_changes": [{"asset_id": "48930008382267207749565142085327250707630266537480934495692610670232335488898", "price": "0.14", "size": "200", "side": "BUY", "hash": "5477853b29e0d49c3c8a2243f0e0afbe723fe4d3", "best_bid": "0.52", "best_ask": "0.58"}, {"asset_id": "68739301635490954357204661162889053285360701620191509408384059255744322268568", "price": "0.86", "size": "200", "side": "SELL", "hash": "af8258d73e061d05bc48046105e05e07561d10a6", "best_bid": "0.42", "best_ask": "0.48"}], "timestamp": "1769384027951", "event_type": "price_change"}}
{"_local_timestamp": "2026-01-25T23:33:48.064394+00:00", "data": {"market": "0x01677ae80095732d69ef484b859460b69d21714dd370b9e4f377469c35fac05d", "price_changes": [{"asset_id": "48930008382267207749565142085327250707630266537480934495692610670232335488898", "price": "0.09", "size": "377.77", "side": "BUY", "hash": "97ad022777da6f7aa6efc58680e2714f37f8204a", "best_bid": "0.52", "best_ask": "0.58"}, {"asset_id": "68739301635490954357204661162889053285360701620191509408384059255744322268568", "price": "0.91", "size": "377.77", "side": "SELL", "hash": "9566fccd30117c22f0c4b85df2a9540fa6dc930d", "best_bid": "0.42", "best_ask": "0.48"}], "timestamp": "1769384027973", "event_type": "price_change"}}
{"_local_timestamp": "2026-01-25T23:33:48.066317+00:00", "data": {"market": "0x01677ae80095732d69ef484b859460b69d21714dd370b9e4f377469c35fac05d", "price_changes": [{"asset_id": "48930008382267207749565142085327250707630266537480934495692610670232335488898", "price": "0.12", "size": "858.32", "side": "BUY", "hash": "6e4f6b6222cac3646f04df6abaa579817db18064", "best_bid": "0.52", "best_ask": "0.58"}, {"asset_id": "68739301635490954357204661162889053285360701620191509408384059255744322268568", "price": "0.88", "size": "858.32", "side": "SELL", "hash": "6e8f227a4b2251e980e33cb14fc6c8a2d770c73f", "best_bid": "0.42", "best_ask": "0.48"}], "timestamp": "1769384027990", "event_type": "price_change"}}
{"_local_timestamp": "2026-01-25T23:33:48.105457+00:00", "data": {"market": "0x01677ae80095732d69ef484b859460b69d21714dd370b9e4f377469c35fac05d", "price_changes": [{"asset_id": "48930008382267207749565142085327250707630266537480934495692610670232335488898", "price": "0.06", "size": "1500", "side": "BUY", "hash": "8a1bf4d11edd279af372a1f189b8ec8a92885de5", "best_bid": "0.52", "best_ask": "0.58"}, {"asset_id": "68739301635490954357204661162889053285360701620191509408384059255744322268568", "price": "0.94", "size": "1500", "side": "SELL", "hash": "f8abdc8b72cf5dc0992d4a64b00ef6d156f083bf", "best_bid": "0.42", "best_ask": "0.48"}], "timestamp": "1769384028016", "event_type": "price_change"}}
{"_local_timestamp": "2026-01-25T23:33:48.119202+00:00", "data": {"market": "0x01677ae80095732d69ef484b859460b69d21714dd370b9e4f377469c35fac05d", "price_changes": [{"asset_id": "48930008382267207749565142085327250707630266537480934495692610670232335488898", "price": "0.09", "size": "755.54", "side": "BUY", "hash": "9b3f906cdb0a5fe4f93877435f3ce26848dd2169", "best_bid": "0.52", "best_ask": "0.58"}, {"asset_id": "68739301635490954357204661162889053285360701620191509408384059255744322268568", "price": "0.91", "size": "755.54", "side": "SELL", "hash": "c88c283832d3d6e86f1913b0ece4565c30dd46ce", "best_bid": "0.42", "best_ask": "0.48"}], "timestamp": "1769384028035", "event_type": "price_change"}}
{"_local_timestamp": "2026-01-25T23:33:48.148251+00:00", "data": {"market": "0x01677ae80095732d69ef484b859460b69d21714dd370b9e4f377469c35fac05d", "price_changes": [{"asset_id": "48930008382267207749565142085327250707630266537480934495692610670232335488898", "price": "0.06", "size": "2100", "side": "BUY", "hash": "b7c94aea8b13a90a2cf35bb80dc15afad9505176", "best_bid": "0.52", "best_ask": "0.58"}, {"asset_id": "68739301635490954357204661162889053285360701620191509408384059255744322268568", "price": "0.94", "size": "2100", "side": "SELL", "hash": "8aa5413d746f80b2fff5e160b99af622a82d75dc", "best_bid": "0.42", "best_ask": "0.48"}], "timestamp": "1769384028075", "event_type": "price_change"}}
{"_local_timestamp": "2026-01-25T23:33:48.160584+00:00", "data": {"market": "0x01677ae80095732d69ef484b859460b69d21714dd370b9e4f377469c35fac05d", "price_changes": [{"asset_id": "48930008382267207749565142085327250707630266537480934495692610670232335488898", "price": "0.18", "size": "0", "side": "BUY", "hash": "fa9699ebde6c2cc1893843beeb6ab5d8a759e6ef", "best_bid": "0.52", "best_ask": "0.58"}, {"asset_id": "68739301635490954357204661162889053285360701620191509408384059255744322268568", "price": "0.82", "size": "0", "side": "SELL", "hash": "06759593851b504ca5f3a331e2e192d0ecff30a6", "best_bid": "0.42", "best_ask": "0.48"}], "timestamp": "1769384028086", "event_type": "price_change"}}
{"_local_timestamp": "2026-01-25T23:33:48.161486+00:00", "data": {"market": "0x01677ae80095732d69ef484b859460b69d21714dd370b9e4f377469c35fac05d", "price_changes": [{"asset_id": "48930008382267207749565142085327250707630266537480934495692610670232335488898", "price": "0.06", "size": "900", "side": "BUY", "hash": "fa9699ebde6c2cc1893843beeb6ab5d8a759e6ef", "best_bid": "0.52", "best_ask": "0.58"}, {"asset_id": "68739301635490954357204661162889053285360701620191509408384059255744322268568", "price": "0.94", "size": "900", "side": "SELL", "hash": "06759593851b504ca5f3a331e2e192d0ecff30a6", "best_bid": "0.42", "best_ask": "0.48"}], "timestamp": "1769384028086", "event_type": "price_change"}}
{"_local_timestamp": "2026-01-25T23:33:48.163938+00:00", "data": {"market": "0x01677ae80095732d69ef484b859460b69d21714dd370b9e4f377469c35fac05d", "price_changes": [{"asset_id": "48930008382267207749565142085327250707630266537480934495692610670232335488898", "price": "0.23", "size": "100", "side": "BUY", "hash": "fa9699ebde6c2cc1893843beeb6ab5d8a759e6ef", "best_bid": "0.52", "best_ask": "0.58"}, {"asset_id": "68739301635490954357204661162889053285360701620191509408384059255744322268568", "price": "0.77", "size": "100", "side": "SELL", "hash": "06759593851b504ca5f3a331e2e192d0ecff30a6", "best_bid": "0.42", "best_ask": "0.48"}], "timestamp": "1769384028086", "event_type": "price_change"}}
{"_local_timestamp": "2026-01-25T23:33:48.166606+00:00", "data": {"market": "0x01677ae80095732d69ef484b859460b69d21714dd370b9e4f377469c35fac05d", "price_changes": [{"asset_id": "48930008382267207749565142085327250707630266537480934495692610670232335488898", "price": "0.14", "size": "0", "side": "BUY", "hash": "fa9699ebde6c2cc1893843beeb6ab5d8a759e6ef", "best_bid": "0.52", "best_ask": "0.58"}, {"asset_id": "68739301635490954357204661162889053285360701620191509408384059255744322268568", "price": "0.86", "size": "0", "side": "SELL", "hash": "06759593851b504ca5f3a331e2e192d0ecff30a6", "best_bid": "0.42", "best_ask": "0.48"}], "timestamp": "1769384028086", "event_type": "price_change"}}
{"_local_timestamp": "2026-01-25T23:33:48.167093+00:00", "data": {"market": "0x01677ae80095732d69ef484b859460b69d21714dd370b9e4f377469c35fac05d", "price_changes": [{"asset_id": "48930008382267207749565142085327250707630266537480934495692610670232335488898", "price": "0.21", "size": "50", "side": "BUY", "hash": "fa9699ebde6c2cc1893843beeb6ab5d8a759e6ef", "best_bid": "0.52", "best_ask": "0.58"}, {"asset_id": "68739301635490954357204661162889053285360701620191509408384059255744322268568", "price": "0.79", "size": "50", "side": "SELL", "hash": "06759593851b504ca5f3a331e2e192d0ecff30a6", "best_bid": "0.42", "best_ask": "0.48"}], "timestamp": "1769384028086", "event_type": "price_change"}}
{"_local_timestamp": "2026-01-25T23:33:48.168356+00:00", "data": {"market": "0x01677ae80095732d69ef484b859460b69d21714dd370b9e4f377469c35fac05d", "price_changes": [{"asset_id": "48930008382267207749565142085327250707630266537480934495692610670232335488898", "price": "0.17", "size": "0", "side": "BUY", "hash": "fa9699ebde6c2cc1893843beeb6ab5d8a759e6ef", "best_bid": "0.52", "best_ask": "0.58"}, {"asset_id": "68739301635490954357204661162889053285360701620191509408384059255744322268568", "price": "0.83", "size": "0", "side": "SELL", "hash": "06759593851b504ca5f3a331e2e192d0ecff30a6", "best_bid": "0.42", "best_ask": "0.48"}], "timestamp": "1769384028086", "event_type": "price_change"}}
{"_local_timestamp": "2026-01-25T23:33:48.168980+00:00", "data": {"market": "0x01677ae80095732d69ef484b859460b69d21714dd370b9e4f377469c35fac05d", "price_changes": [{"asset_id": "48930008382267207749565142085327250707630266537480934495692610670232335488898", "price": "0.15", "size": "0", "side": "BUY", "hash": "fa9699ebde6c2cc1893843beeb6ab5d8a759e6ef", "best_bid": "0.52", "best_ask": "0.58"}, {"asset_id": "68739301635490954357204661162889053285360701620191509408384059255744322268568", "price": "0.85", "size": "0", "side": "SELL", "hash": "06759593851b504ca5f3a331e2e192d0ecff30a6", "best_bid": "0.42", "best_ask": "0.48"}], "timestamp": "1769384028086", "event_type": "price_change"}}
{"_local_timestamp": "2026-01-25T23:33:48.169468+00:00", "data": {"market": "0x01677ae80095732d69ef484b859460b69d21714dd370b9e4f377469c35fac05d", "price_changes": [{"asset_id": "48930008382267207749565142085327250707630266537480934495692610670232335488898", "price": "0.09", "size": "0", "side": "BUY", "hash": "fa9699ebde6c2cc1893843beeb6ab5d8a759e6ef", "best_bid": "0.52", "best_ask": "0.58"}, {"asset_id": "68739301635490954357204661162889053285360701620191509408384059255744322268568", "price": "0.91", "size": "0", "side": "SELL", "hash": "06759593851b504ca5f3a331e2e192d0ecff30a6", "best_bid": "0.42", "best_ask": "0.48"}], "timestamp": "1769384028086", "event_type": "price_change"}}
{"_local_timestamp": "2026-01-25T23:33:48.191589+00:00", "data": {"market": "0x01677ae80095732d69ef484b859460b69d21714dd370b9e4f377469c35fac05d", "price_changes": [{"asset_id": "48930008382267207749565142085327250707630266537480934495692610670232335488898", "price": "0.2", "size": "350", "side": "BUY", "hash": "fa9699ebde6c2cc1893843beeb6ab5d8a759e6ef", "best_bid": "0.52", "best_ask": "0.58"}, {"asset_id": "68739301635490954357204661162889053285360701620191509408384059255744322268568", "price": "0.8", "size": "350", "side": "SELL", "hash": "06759593851b504ca5f3a331e2e192d0ecff30a6", "best_bid": "0.42", "best_ask": "0.48"}], "timestamp": "1769384028086", "event_type": "price_change"}}
{"_local_timestamp": "2026-01-25T23:33:48.192522+00:00", "data": {"market": "0x01677ae80095732d69ef484b859460b69d21714dd370b9e4f377469c35fac05d", "price_changes": [{"asset_id": "48930008382267207749565142085327250707630266537480934495692610670232335488898", "price": "0.12", "size": "325", "side": "BUY", "hash": "fa9699ebde6c2cc1893843beeb6ab5d8a759e6ef", "best_bid": "0.52", "best_ask": "0.58"}, {"asset_id": "68739301635490954357204661162889053285360701620191509408384059255744322268568", "price": "0.88", "size": "325", "side": "SELL", "hash": "06759593851b504ca5f3a331e2e192d0ecff30a6", "best_bid": "0.42", "best_ask": "0.48"}], "timestamp": "1769384028086", "event_type": "price_change"}}
{"_local_timestamp": "2026-01-25T23:34:01.365433+00:00", "data": {"market": "0x01677ae80095732d69ef484b859460b69d21714dd370b9e4f377469c35fac05d", "price_changes": [{"asset_id": "68739301635490954357204661162889053285360701620191509408384059255744322268568", "price": "0.01", "size": "512320.04", "side": "BUY", "hash": "025192840a7329e0daee5efb8cde3c3059645115", "best_bid": "0.42", "best_ask": "0.48"}, {"asset_id": "48930008382267207749565142085327250707630266537480934495692610670232335488898", "price": "0.99", "size": "512320.04", "side": "SELL", "hash": "807e362ca5533025da5ce94b26d19de86f1f776d", "best_bid": "0.52", "best_ask": "0.58"}], "timestamp": "1769384041249", "event_type": "price_change"}}
{"_local_timestamp": "2026-01-25T23:34:17.754153+00:00", "data": {"market": "0x01677ae80095732d69ef484b859460b69d21714dd370b9e4f377469c35fac05d", "price_changes": [{"asset_id": "48930008382267207749565142085327250707630266537480934495692610670232335488898", "price": "0.1", "size": "0", "side": "BUY", "hash": "9f49ed3530d499f9788393da7ad43f08db78d5b1", "best_bid": "0.52", "best_ask": "0.58"}, {"asset_id": "68739301635490954357204661162889053285360701620191509408384059255744322268568", "price": "0.9", "size": "0", "side": "SELL", "hash": "79f9e10d2f115b4326f5a46fb5d22c0e777c9dcd", "best_bid": "0.42", "best_ask": "0.48"}], "timestamp": "1769384057679", "event_type": "price_change"}}
{"_local_timestamp": "2026-01-25T23:34:17.989327+00:00", "data": {"market": "0x01677ae80095732d69ef484b859460b69d21714dd370b9e4f377469c35fac05d", "price_changes": [{"asset_id": "48930008382267207749565142085327250707630266537480934495692610670232335488898", "price": "0.07", "size": "10.3", "side": "BUY", "hash": "0ca07224b5369e855f09e88f229f6e55a7a6af80", "best_bid": "0.52", "best_ask": "0.58"}, {"asset_id": "68739301635490954357204661162889053285360701620191509408384059255744322268568", "price": "0.93", "size": "10.3", "side": "SELL", "hash": "c5e965c9d944ee5a8ff0e684f1fd750999519e87", "best_bid": "0.42", "best_ask": "0.48"}], "timestamp": "1769384057923", "event_type": "price_change"}}
{"_local_timestamp": "2026-01-25T23:34:27.851892+00:00", "data": {"market": "0x01677ae80095732d69ef484b859460b69d21714dd370b9e4f377469c35fac05d", "price_changes": [{"asset_id": "68739301635490954357204661162889053285360701620191509408384059255744322268568", "price": "0.01", "size": "512020.04", "side": "BUY", "hash": "4807c83cabac27afd7f47ffd7a780cc04f127398", "best_bid": "0.42", "best_ask": "0.48"}, {"asset_id": "48930008382267207749565142085327250707630266537480934495692610670232335488898", "price": "0.99", "size": "512020.04", "side": "SELL", "hash": "b5ddce1529f3eae945445584ab64eed86d91a3f9", "best_bid": "0.52", "best_ask": "0.58"}], "timestamp": "1769384067603", "event_type": "price_change"}}
{"_local_timestamp": "2026-01-25T23:34:27.862654+00:00", "data": {"market": "0x01677ae80095732d69ef484b859460b69d21714dd370b9e4f377469c35fac05d", "price_changes": [{"asset_id": "48930008382267207749565142085327250707630266537480934495692610670232335488898", "price": "0.23", "size": "0", "side": "BUY", "hash": "8188077efe86bc01a4a4992bbf2aad1726fe8c75", "best_bid": "0.52", "best_ask": "0.58"}, {"asset_id": "68739301635490954357204661162889053285360701620191509408384059255744322268568", "price": "0.77", "size": "0", "side": "SELL", "hash": "c6b5e59f7997eda4bee9c3ff14061766c179ab61", "best_bid": "0.42", "best_ask": "0.48"}], "timestamp": "1769384067615", "event_type": "price_change"}}
{"_local_timestamp": "2026-01-25T23:34:28.559396+00:00", "data": {"market": "0x01677ae80095732d69ef484b859460b69d21714dd370b9e4f377469c35fac05d", "price_changes": [{"asset_id": "48930008382267207749565142085327250707630266537480934495692610670232335488898", "price": "0.21", "size": "150", "side": "BUY", "hash": "9086759fab9a870e9c8d4e8bfe1b60c3306daf0a", "best_bid": "0.52", "best_ask": "0.58"}, {"asset_id": "68739301635490954357204661162889053285360701620191509408384059255744322268568", "price": "0.79", "size": "150", "side": "SELL", "hash": "8831768c45d52b1621022ca1c239c8574de45ced", "best_bid": "0.42", "best_ask": "0.48"}], "timestamp": "1769384068158", "event_type": "price_change"}}
{"_local_timestamp": "2026-01-25T23:34:41.665516+00:00", "data": {"market": "0x01677ae80095732d69ef484b859460b69d21714dd370b9e4f377469c35fac05d", "price_changes": [{"asset_id": "68739301635490954357204661162889053285360701620191509408384059255744322268568", "price": "0.42", "size": "0", "side": "BUY", "hash": "b055d431273cc82edf261444e895a3a9bc78d3ce", "best_bid": "0.31", "best_ask": "0.48"}, {"asset_id": "48930008382267207749565142085327250707630266537480934495692610670232335488898", "price": "0.58", "size": "0", "side": "SELL", "hash": "6fdb4b4bc9f14f77c24e59b5556682adc1642e74", "best_bid": "0.52", "best_ask": "0.69"}], "timestamp": "1769384081593", "event_type": "price_change"}}
{"_local_timestamp": "2026-01-25T23:34:41.695183+00:00", "data": {"market": "0x01677ae80095732d69ef484b859460b69d21714dd370b9e4f377469c35fac05d", "price_changes": [{"asset_id": "68739301635490954357204661162889053285360701620191509408384059255744322268568", "price": "0.38", "size": "12.17", "side": "BUY", "hash": "83fa751c06452bba06d872cf7db7c683ea61e199", "best_bid": "0.38", "best_ask": "0.48"}, {"asset_id": "48930008382267207749565142085327250707630266537480934495692610670232335488898", "price": "0.62", "size": "12.17", "side": "SELL", "hash": "2b62c807cea7a4bf01cf7c61eed6307183aa35a9", "best_bid": "0.52", "best_ask": "0.62"}], "timestamp": "1769384081630", "event_type": "price_change"}}
{"_local_timestamp": "2026-01-25T23:34:41.761729+00:00", "data": {"market": "0x01677ae80095732d69ef484b859460b69d21714dd370b9e4f377469c35fac05d", "price_changes": [{"asset_id": "48930008382267207749565142085327250707630266537480934495692610670232335488898", "price": "0.24", "size": "83.33", "side": "BUY", "hash": "3321498c82904d50ed69622b28fe9726edc175d4", "best_bid": "0.52", "best_ask": "0.62"}, {"asset_id": "68739301635490954357204661162889053285360701620191509408384059255744322268568", "price": "0.76", "size": "83.33", "side": "SELL", "hash": "8f0caa8e6d7f7e332871ab8c9decae5e20dde521", "best_bid": "0.38", "best_ask": "0.48"}], "timestamp": "1769384081694", "event_type": "price_change"}}
{"_local_timestamp": "2026-01-25T23:34:41.802328+00:00", "data": {"market": "0x01677ae80095732d69ef484b859460b69d21714dd370b9e4f377469c35fac05d", "price_changes": [{"asset_id": "48930008382267207749565142085327250707630266537480934495692610670232335488898", "price": "0.24", "size": "0", "side": "BUY", "hash": "a1e66866a46216b8d2a30a6b41a39c3ccbf3994c", "best_bid": "0.52", "best_ask": "0.62"}, {"asset_id": "68739301635490954357204661162889053285360701620191509408384059255744322268568", "price": "0.76", "size": "0", "side": "SELL", "hash": "2312047cda00e83511b72aa659d1195c67c314d5", "best_bid": "0.38", "best_ask": "0.48"}], "timestamp": "1769384081736", "event_type": "price_change"}}
{"_local_timestamp": "2026-01-25T23:34:41.809807+00:00", "data": {"market": "0x01677ae80095732d69ef484b859460b69d21714dd370b9e4f377469c35fac05d", "price_changes": [{"asset_id": "48930008382267207749565142085327250707630266537480934495692610670232335488898", "price": "0.21", "size": "264.28", "side": "BUY", "hash": "2dbac225bc21d502f4e4d09ba38a27dc51a320e1", "best_bid": "0.52", "best_ask": "0.62"}, {"asset_id": "68739301635490954357204661162889053285360701620191509408384059255744322268568", "price": "0.79", "size": "264.28", "side": "SELL", "hash": "4449096cffd23e036f8d05c5106767f997880599", "best_bid": "0.38", "best_ask": "0.48"}], "timestamp": "1769384081744", "event_type": "price_change"}}
{"_local_timestamp": "2026-01-25T23:34:41.859699+00:00", "data": {"market": "0x01677ae80095732d69ef484b859460b69d21714dd370b9e4f377469c35fac05d", "price_changes": [{"asset_id": "48930008382267207749565142085327250707630266537480934495692610670232335488898", "price": "0.25", "size": "88", "side": "BUY", "hash": "09f7c475d3429d7e9cd0b1a0551321bbc8da34ff", "best_bid": "0.52", "best_ask": "0.62"}, {"asset_id": "68739301635490954357204661162889053285360701620191509408384059255744322268568", "price": "0.75", "size": "88", "side": "SELL", "hash": "98b5eabbb56d359e9057ea18a46cf8734eebe0da", "best_bid": "0.38", "best_ask": "0.48"}], "timestamp": "1769384081783", "event_type": "price_change"}}
{"_local_timestamp": "2026-01-25T23:34:41.860437+00:00", "data": {"market": "0x01677ae80095732d69ef484b859460b69d21714dd370b9e4f377469c35fac05d", "price_changes": [{"asset_id": "48930008382267207749565142085327250707630266537480934495692610670232335488898", "price": "0.18", "size": "144.44", "side": "BUY", "hash": "cf5850a5f83b2cd895e708f14fcfe5a29c2e6855", "best_bid": "0.52", "best_ask": "0.62"}, {"asset_id": "68739301635490954357204661162889053285360701620191509408384059255744322268568", "price": "0.82", "size": "144.44", "side": "SELL", "hash": "4d61c2ab8baa508b28d0a136c40d318e414e3e0e", "best_bid": "0.38", "best_ask": "0.48"}], "timestamp": "1769384081794", "event_type": "price_change"}}
{"_local_timestamp": "2026-01-25T23:34:41.897195+00:00", "data": {"market": "0x01677ae80095732d69ef484b859460b69d21714dd370b9e4f377469c35fac05d", "price_changes": [{"asset_id": "48930008382267207749565142085327250707630266537480934495692610670232335488898", "price": "0.22", "size": "109.09", "side": "BUY", "hash": "34e5f39a25ed8d4fb7d8ce5c21b1386876e1966a", "best_bid": "0.52", "best_ask": "0.62"}, {"asset_id": "68739301635490954357204661162889053285360701620191509408384059255744322268568", "price": "0.78", "size": "109.09", "side": "SELL", "hash": "86279622eaf4076c338f4337c5875af322e90b41", "best_bid": "0.38", "best_ask": "0.48"}], "timestamp": "1769384081832", "event_type": "price_change"}}
{"_local_timestamp": "2026-01-25T23:34:41.901690+00:00", "data": {"market": "0x01677ae80095732d69ef484b859460b69d21714dd370b9e4f377469c35fac05d", "price_changes": [{"asset_id": "48930008382267207749565142085327250707630266537480934495692610670232335488898", "price": "0.15", "size": "186.66", "side": "BUY", "hash": "4163c5d8fd278b57fc9f7fc1815b8d23c2eed1e7", "best_bid": "0.52", "best_ask": "0.62"}, {"asset_id": "68739301635490954357204661162889053285360701620191509408384059255744322268568", "price": "0.85", "size": "186.66", "side": "SELL", "hash": "58b5e50b83465ab7ea36a48559f80d5f8786c387", "best_bid": "0.38", "best_ask": "0.48"}], "timestamp": "1769384081839", "event_type": "price_change"}}
{"_local_timestamp": "2026-01-25T23:34:41.947082+00:00", "data": {"market": "0x01677ae80095732d69ef484b859460b69d21714dd370b9e4f377469c35fac05d", "price_changes": [{"asset_id": "48930008382267207749565142085327250707630266537480934495692610670232335488898", "price": "0.19", "size": "136.84", "side": "BUY", "hash": "523890ea93b4ef19454b5e22dfbe1fbd3f79d3a5", "best_bid": "0.52", "best_ask": "0.62"}, {"asset_id": "68739301635490954357204661162889053285360701620191509408384059255744322268568", "price": "0.81", "size": "136.84", "side": "SELL", "hash": "632ff937f1d40c8eefd46fbc4298a989614c8b6d", "best_bid": "0.38", "best_ask": "0.48"}], "timestamp": "1769384081877", "event_type": "price_change"}}
{"_local_timestamp": "2026-01-25T23:34:41.955044+00:00", "data": {"market": "0x01677ae80095732d69ef484b859460b69d21714dd370b9e4f377469c35fac05d", "price_changes": [{"asset_id": "48930008382267207749565142085327250707630266537480934495692610670232335488898", "price": "0.12", "size": "591.66", "side": "BUY", "hash": "4c4dc341e549dea10709f8c0690a226bd7b41c72", "best_bid": "0.52", "best_ask": "0.62"}, {"asset_id": "68739301635490954357204661162889053285360701620191509408384059255744322268568", "price": "0.88", "size": "591.66", "side": "SELL", "hash": "5ca36a7744749222ff13860f8f5300ef70edba02", "best_bid": "0.38", "best_ask": "0.48"}], "timestamp": "1769384081885", "event_type": "price_change"}}
{"_local_timestamp": "2026-01-25T23:34:42.027821+00:00", "data": {"market": "0x01677ae80095732d69ef484b859460b69d21714dd370b9e4f377469c35fac05d", "price_changes": [{"asset_id": "48930008382267207749565142085327250707630266537480934495692610670232335488898", "price": "0.15", "size": "373.32", "side": "BUY", "hash": "c40f44a3ead70ba8145cba3f0edc8740841ae21e", "best_bid": "0.52", "best_ask": "0.62"}, {"asset_id": "68739301635490954357204661162889053285360701620191509408384059255744322268568", "price": "0.85", "size": "373.32", "side": "SELL", "hash": "8f1c0850d00ce773877e5ef156ec4bcaa6785e5f", "best_bid": "0.38", "best_ask": "0.48"}], "timestamp": "1769384081918", "event_type": "price_change"}}
{"_local_timestamp": "2026-01-25T23:34:42.039566+00:00", "data": {"market": "0x01677ae80095732d69ef484b859460b69d21714dd370b9e4f377469c35fac05d", "price_changes": [{"asset_id": "48930008382267207749565142085327250707630266537480934495692610670232335488898", "price": "0.09", "size": "377.77", "side": "BUY", "hash": "7908a8ae0c5ff5e97634d1a1f86311243d30e530", "best_bid": "0.52", "best_ask": "0.62"}, {"asset_id": "68739301635490954357204661162889053285360701620191509408384059255744322268568", "price": "0.91", "size": "377.77", "side": "SELL", "hash": "a02e44ec862d91b7c415b42bad058e294f74b6be", "best_bid": "0.38", "best_ask": "0.48"}], "timestamp": "1769384081933", "event_type": "price_change"}}
{"_local_timestamp": "2026-01-25T23:34:42.043259+00:00", "data": {"market": "0x01677ae80095732d69ef484b859460b69d21714dd370b9e4f377469c35fac05d", "price_changes": [{"asset_id": "48930008382267207749565142085327250707630266537480934495692610670232335488898", "price": "0.12", "size": "858.32", "side": "BUY", "hash": "6c241f55c544c6e7d380dd0e08112651dccd7c55", "best_bid": "0.52", "best_ask": "0.62"}, {"asset_id": "68739301635490954357204661162889053285360701620191509408384059255744322268568", "price": "0.88", "size": "858.32", "side": "SELL", "hash": "10bd7c378883ec26752880e0bf371aca1406cda0", "best_bid": "0.38", "best_ask": "0.48"}], "timestamp": "1769384081964", "event_type": "price_change"}}
{"_local_timestamp": "2026-01-25T23:34:42.051507+00:00", "data": {"market": "0x01677ae80095732d69ef484b859460b69d21714dd370b9e4f377469c35fac05d", "price_changes": [{"asset_id": "48930008382267207749565142085327250707630266537480934495692610670232335488898", "price": "0.06", "size": "1500", "side": "BUY", "hash": "68299a81255de8f7f27b31159acfe9e6bf99b325", "best_bid": "0.52", "best_ask": "0.62"}, {"asset_id": "68739301635490954357204661162889053285360701620191509408384059255744322268568", "price": "0.94", "size": "1500", "side": "SELL", "hash": "a1e078b9778ec8573b6b2eb7326d66162c3b5346", "best_bid": "0.38", "best_ask": "0.48"}], "timestamp": "1769384081984", "event_type": "price_change"}}
{"_local_timestamp": "2026-01-25T23:34:42.074235+00:00", "data": {"market": "0x01677ae80095732d69ef484b859460b69d21714dd370b9e4f377469c35fac05d", "price_changes": [{"asset_id": "48930008382267207749565142085327250707630266537480934495692610670232335488898", "price": "0.09", "size": "755.54", "side": "BUY", "hash": "aa02d4c88cba41274e74b3759d5ab4309c14d9cd", "best_bid": "0.52", "best_ask": "0.62"}, {"asset_id": "68739301635490954357204661162889053285360701620191509408384059255744322268568", "price": "0.91", "size": "755.54", "side": "SELL", "hash": "689343d4c6f92c667a75b316455ab5f374504480", "best_bid": "0.38", "best_ask": "0.48"}], "timestamp": "1769384082009", "event_type": "price_change"}}
{"_local_timestamp": "2026-01-25T23:34:42.165331+00:00", "data": {"market": "0x01677ae80095732d69ef484b859460b69d21714dd370b9e4f377469c35fac05d", "price_changes": [{"asset_id": "48930008382267207749565142085327250707630266537480934495692610670232335488898", "price": "0.06", "size": "2100", "side": "BUY", "hash": "ff9dedd7d4fe8196e0440394897c04d39e3bfd9e", "best_bid": "0.52", "best_ask": "0.62"}, {"asset_id": "68739301635490954357204661162889053285360701620191509408384059255744322268568", "price": "0.94", "size": "2100", "side": "SELL", "hash": "896082aeac966dd32e55d76bf8e08809876f023b", "best_bid": "0.38", "best_ask": "0.48"}], "timestamp": "1769384082090", "event_type": "price_change"}}
{"_local_timestamp": "2026-01-25T23:34:53.792607+00:00", "data": {"market": "0x01677ae80095732d69ef484b859460b69d21714dd370b9e4f377469c35fac05d", "price_changes": [{"asset_id": "68739301635490954357204661162889053285360701620191509408384059255744322268568", "price": "0.38", "size": "0", "side": "BUY", "hash": "82911dc550d46883174ba1f517da1c74ec14500b", "best_bid": "0.31", "best_ask": "0.48"}, {"asset_id": "48930008382267207749565142085327250707630266537480934495692610670232335488898", "price": "0.62", "size": "0", "side": "SELL", "hash": "4677a8ea7db32d6c99d6e24bac061e7d6232d4c0", "best_bid": "0.52", "best_ask": "0.69"}], "timestamp": "1769384093724", "event_type": "price_change"}}
{"_local_timestamp": "2026-01-25T23:34:53.829090+00:00", "data": {"market": "0x01677ae80095732d69ef484b859460b69d21714dd370b9e4f377469c35fac05d", "price_changes": [{"asset_id": "68739301635490954357204661162889053285360701620191509408384059255744322268568", "price": "0.32", "size": "12.17", "side": "BUY", "hash": "5be48e22329ec46b81f05480e2865355c4662341", "best_bid": "0.32", "best_ask": "0.48"}, {"asset_id": "48930008382267207749565142085327250707630266537480934495692610670232335488898", "price": "0.68", "size": "12.17", "side": "SELL", "hash": "63e1341c80fca6cf352b0b962d46c27ef1197163", "best_bid": "0.52", "best_ask": "0.68"}], "timestamp": "1769384093761", "event_type": "price_change"}}
{"_local_timestamp": "2026-01-25T23:34:53.853061+00:00", "data": {"market": "0x01677ae80095732d69ef484b859460b69d21714dd370b9e4f377469c35fac05d", "price_changes": [{"asset_id": "48930008382267207749565142085327250707630266537480934495692610670232335488898", "price": "0.09", "size": "0", "side": "BUY", "hash": "f341aa7444c9c9e6e5ad9e78bb576f15fca07731", "best_bid": "0.52", "best_ask": "0.68"}, {"asset_id": "68739301635490954357204661162889053285360701620191509408384059255744322268568", "price": "0.91", "size": "0", "side": "SELL", "hash": "7db68357c1c2dafd4210cc2f640df89e20d124d7", "best_bid": "0.32", "best_ask": "0.48"}], "timestamp": "1769384093788", "event_type": "price_change"}}
{"_local_timestamp": "2026-01-25T23:34:53.853624+00:00", "data": {"market": "0x01677ae80095732d69ef484b859460b69d21714dd370b9e4f377469c35fac05d", "price_changes": [{"asset_id": "48930008382267207749565142085327250707630266537480934495692610670232335488898", "price": "0.12", "size": "325", "side": "BUY", "hash": "f341aa7444c9c9e6e5ad9e78bb576f15fca07731", "best_bid": "0.52", "best_ask": "0.68"}, {"asset_id": "68739301635490954357204661162889053285360701620191509408384059255744322268568", "price": "0.88", "size": "325", "side": "SELL", "hash": "7db68357c1c2dafd4210cc2f640df89e20d124d7", "best_bid": "0.32", "best_ask": "0.48"}], "timestamp": "1769384093788", "event_type": "price_change"}}
{"_local_timestamp": "2026-01-25T23:34:53.854117+00:00", "data": {"market": "0x01677ae80095732d69ef484b859460b69d21714dd370b9e4f377469c35fac05d", "price_changes": [{"asset_id": "48930008382267207749565142085327250707630266537480934495692610670232335488898", "price": "0.18", "size": "0", "side": "BUY", "hash": "f341aa7444c9c9e6e5ad9e78bb576f15fca07731", "best_bid": "0.52", "best_ask": "0.68"}, {"asset_id": "68739301635490954357204661162889053285360701620191509408384059255744322268568", "price": "0.82", "size": "0", "side": "SELL", "hash": "7db68357c1c2dafd4210cc2f640df89e20d124d7", "best_bid": "0.32", "best_ask": "0.48"}], "timestamp": "1769384093788", "event_type": "price_change"}}
{"_local_timestamp": "2026-01-25T23:34:53.854580+00:00", "data": {"market": "0x01677ae80095732d69ef484b859460b69d21714dd370b9e4f377469c35fac05d", "price_changes": [{"asset_id": "48930008382267207749565142085327250707630266537480934495692610670232335488898", "price": "0.22", "size": "0", "side": "BUY", "hash": "f341aa7444c9c9e6e5ad9e78bb576f15fca07731", "best_bid": "0.52", "best_ask": "0.68"}, {"asset_id": "68739301635490954357204661162889053285360701620191509408384059255744322268568", "price": "0.78", "size": "0", "side": "SELL", "hash": "7db68357c1c2dafd4210cc2f640df89e20d124d7", "best_bid": "0.32", "best_ask": "0.48"}], "timestamp": "1769384093788", "event_type": "price_change"}}
{"_local_timestamp": "2026-01-25T23:34:53.855050+00:00", "data": {"market": "0x01677ae80095732d69ef484b859460b69d21714dd370b9e4f377469c35fac05d", "price_changes": [{"asset_id": "48930008382267207749565142085327250707630266537480934495692610670232335488898", "price": "0.21", "size": "150", "side": "BUY", "hash": "f341aa7444c9c9e6e5ad9e78bb576f15fca07731", "best_bid": "0.52", "best_ask": "0.68"}, {"asset_id": "68739301635490954357204661162889053285360701620191509408384059255744322268568", "price": "0.79", "size": "150", "side": "SELL", "hash": "7db68357c1c2dafd4210cc2f640df89e20d124d7", "best_bid": "0.32", "best_ask": "0.48"}], "timestamp": "1769384093788", "event_type": "price_change"}}
{"_local_timestamp": "2026-01-25T23:34:53.864881+00:00", "data": {"market": "0x01677ae80095732d69ef484b859460b69d21714dd370b9e4f377469c35fac05d", "price_changes": [{"asset_id": "48930008382267207749565142085327250707630266537480934495692610670232335488898", "price": "0.19", "size": "0", "side": "BUY", "hash": "f341aa7444c9c9e6e5ad9e78bb576f15fca07731", "best_bid": "0.52", "best_ask": "0.68"}, {"asset_id": "68739301635490954357204661162889053285360701620191509408384059255744322268568", "price": "0.81", "size": "0", "side": "SELL", "hash": "7db68357c1c2dafd4210cc2f640df89e20d124d7", "best_bid": "0.32", "best_ask": "0.48"}], "timestamp": "1769384093788", "event_type": "price_change"}}
{"_local_timestamp": "2026-01-25T23:34:53.865399+00:00", "data": {"market": "0x01677ae80095732d69ef484b859460b69d21714dd370b9e4f377469c35fac05d", "price_changes": [{"asset_id": "48930008382267207749565142085327250707630266537480934495692610670232335488898", "price": "0.06", "size": "900", "side": "BUY", "hash": "f341aa7444c9c9e6e5ad9e78bb576f15fca07731", "best_bid": "0.52", "best_ask": "0.68"}, {"asset_id": "68739301635490954357204661162889053285360701620191509408384059255744322268568", "price": "0.94", "size": "900", "side": "SELL", "hash": "7db68357c1c2dafd4210cc2f640df89e20d124d7", "best_bid": "0.32", "best_ask": "0.48"}], "timestamp": "1769384093788", "event_type": "price_change"}}
{"_local_timestamp": "2026-01-25T23:34:53.865884+00:00", "data": {"market": "0x01677ae80095732d69ef484b859460b69d21714dd370b9e4f377469c35fac05d", "price_changes": [{"asset_id": "48930008382267207749565142085327250707630266537480934495692610670232335488898", "price": "0.25", "size": "8", "side": "BUY", "hash": "f341aa7444c9c9e6e5ad9e78bb576f15fca07731", "best_bid": "0.52", "best_ask": "0.68"}, {"asset_id": "68739301635490954357204661162889053285360701620191509408384059255744322268568", "price": "0.75", "size": "8", "side": "SELL", "hash": "7db68357c1c2dafd4210cc2f640df89e20d124d7", "best_bid": "0.32", "best_ask": "0.48"}], "timestamp": "1769384093788", "event_type": "price_change"}}
{"_local_timestamp": "2026-01-25T23:34:53.866568+00:00", "data": {"market": "0x01677ae80095732d69ef484b859460b69d21714dd370b9e4f377469c35fac05d", "price_changes": [{"asset_id": "48930008382267207749565142085327250707630266537480934495692610670232335488898", "price": "0.15", "size": "0", "side": "BUY", "hash": "f341aa7444c9c9e6e5ad9e78bb576f15fca07731", "best_bid": "0.52", "best_ask": "0.68"}, {"asset_id": "68739301635490954357204661162889053285360701620191509408384059255744322268568", "price": "0.85", "size": "0", "side": "SELL", "hash": "7db68357c1c2dafd4210cc2f640df89e20d124d7", "best_bid": "0.32", "best_ask": "0.48"}], "timestamp": "1769384093788", "event_type": "price_change"}}
{"_local_timestamp": "2026-01-25T23:35:15.563693+00:00", "data": {"market": "0x01677ae80095732d69ef484b859460b69d21714dd370b9e4f377469c35fac05d", "price_changes": [{"asset_id": "68739301635490954357204661162889053285360701620191509408384059255744322268568", "price": "0.32", "size": "0", "side": "BUY", "hash": "9feacce9869693d53335684f22c30e9c452415e7", "best_bid": "0.31", "best_ask": "0.48"}, {"asset_id": "48930008382267207749565142085327250707630266537480934495692610670232335488898", "price": "0.68", "size": "0", "side": "SELL", "hash": "32460876f30b2935cb0efdd5afc116fb32445017", "best_bid": "0.52", "best_ask": "0.69"}], "timestamp": "1769384115346", "event_type": "price_change"}}
{"_local_timestamp": "2026-01-25T23:35:15.602823+00:00", "data": {"market": "0x01677ae80095732d69ef484b859460b69d21714dd370b9e4f377469c35fac05d", "price_changes": [{"asset_id": "68739301635490954357204661162889053285360701620191509408384059255744322268568", "price": "0.44", "size": "12.17", "side": "BUY", "hash": "cbcaafdaa89aead419f80943da4a7baa3633d7d1", "best_bid": "0.44", "best_ask": "0.48"}, {"asset_id": "48930008382267207749565142085327250707630266537480934495692610670232335488898", "price": "0.56", "size": "12.17", "side": "SELL", "hash": "c855359a611b6eca46138c24922288865a811083", "best_bid": "0.52", "best_ask": "0.56"}], "timestamp": "1769384115386", "event_type": "price_change"}}
{"_local_timestamp": "2026-01-25T23:35:16.187097+00:00", "data": {"market": "0x01677ae80095732d69ef484b859460b69d21714dd370b9e4f377469c35fac05d", "price_changes": [{"asset_id": "48930008382267207749565142085327250707630266537480934495692610670232335488898", "price": "0.22", "size": "90.9", "side": "BUY", "hash": "a535dd2ce89ea69671bdfabf91755d66551dece0", "best_bid": "0.52", "best_ask": "0.56"}, {"asset_id": "68739301635490954357204661162889053285360701620191509408384059255744322268568", "price": "0.78", "size": "90.9", "side": "SELL", "hash": "ffb8fbce63e814ef574eed199a209f78dd44bc15", "best_bid": "0.44", "best_ask": "0.48"}], "timestamp": "1769384115964", "event_type": "price_change"}}
{"_local_timestamp": "2026-01-25T23:35:16.266829+00:00", "data": {"market": "0x01677ae80095732d69ef484b859460b69d21714dd370b9e4f377469c35fac05d", "price_changes": [{"asset_id": "48930008382267207749565142085327250707630266537480934495692610670232335488898", "price": "0.2", "size": "470", "side": "BUY", "hash": "8b9d6915d1f068d537f73e55bf1fae438fd4b5a1", "best_bid": "0.52", "best_ask": "0.56"}, {"asset_id": "68739301635490954357204661162889053285360701620191509408384059255744322268568", "price": "0.8", "size": "470", "side": "SELL", "hash": "15500026e5c42ba199480bf522ac0e8aa101cfcd", "best_bid": "0.44", "best_ask": "0.48"}], "timestamp": "1769384116013", "event_type": "price_change"}}
{"_local_timestamp": "2026-01-25T23:35:16.295426+00:00", "data": {"market": "0x01677ae80095732d69ef484b859460b69d21714dd370b9e4f377469c35fac05d", "price_changes": [{"asset_id": "48930008382267207749565142085327250707630266537480934495692610670232335488898", "price": "0.17", "size": "152.94", "side": "BUY", "hash": "0cec0b48c02497bc1b52735eabf9755b4a5e1aae", "best_bid": "0.52", "best_ask": "0.56"}, {"asset_id": "68739301635490954357204661162889053285360701620191509408384059255744322268568", "price": "0.83", "size": "152.94", "side": "SELL", "hash": "c6144e7b68bec7107dadd811a90eba411bdcf342", "best_bid": "0.44", "best_ask": "0.48"}], "timestamp": "1769384116063", "event_type": "price_change"}}
{"_local_timestamp": "2026-01-25T23:35:16.337482+00:00", "data": {"market": "0x01677ae80095732d69ef484b859460b69d21714dd370b9e4f377469c35fac05d", "price_changes": [{"asset_id": "48930008382267207749565142085327250707630266537480934495692610670232335488898", "price": "0.14", "size": "200", "side": "BUY", "hash": "287657ce5f703456e89c5bbf7b0ffe1ef0c2cd9d", "best_bid": "0.52", "best_ask": "0.56"}, {"asset_id": "68739301635490954357204661162889053285360701620191509408384059255744322268568", "price": "0.86", "size": "200", "side": "SELL", "hash": "1fca6542d5f8d16261ab47f9b6d5191f17df0a2d", "best_bid": "0.44", "best_ask": "0.48"}], "timestamp": "1769384116112", "event_type": "price_change"}}
{"_local_timestamp": "2026-01-25T23:35:16.389079+00:00", "data": {"market": "0x01677ae80095732d69ef484b859460b69d21714dd370b9e4f377469c35fac05d", "price_changes": [{"asset_id": "48930008382267207749565142085327250707630266537480934495692610670232335488898", "price": "0.11", "size": "290.9", "side": "BUY", "hash": "0447af043a6cf4f32110f5636fdbaf2b3a695a0b", "best_bid": "0.52", "best_ask": "0.56"}, {"asset_id": "68739301635490954357204661162889053285360701620191509408384059255744322268568", "price": "0.89", "size": "290.9", "side": "SELL", "hash": "5839dae125a56f017093ad8e83bb391e193e7516", "best_bid": "0.44", "best_ask": "0.48"}], "timestamp": "1769384116158", "event_type": "price_change"}}
{"_local_timestamp": "2026-01-25T23:35:16.425471+00:00", "data": {"market": "0x01677ae80095732d69ef484b859460b69d21714dd370b9e4f377469c35fac05d", "price_changes": [{"asset_id": "48930008382267207749565142085327250707630266537480934495692610670232335488898", "price": "0.08", "size": "425", "side": "BUY", "hash": "6e6402337756ca4dbc71ade9dc7aceab2830be94", "best_bid": "0.52", "best_ask": "0.56"}, {"asset_id": "68739301635490954357204661162889053285360701620191509408384059255744322268568", "price": "0.92", "size": "425", "side": "SELL", "hash": "284e8db4ccad5ff1bd4a9d4a38164d409767f8c2", "best_bid": "0.44", "best_ask": "0.48"}], "timestamp": "1769384116204", "event_type": "price_change"}}
{"_local_timestamp": "2026-01-25T23:35:16.475863+00:00", "data": {"market": "0x01677ae80095732d69ef484b859460b69d21714dd370b9e4f377469c35fac05d", "price_changes": [{"asset_id": "48930008382267207749565142085327250707630266537480934495692610670232335488898", "price": "0.06", "size": "1500", "side": "BUY", "hash": "d91a4d426ac843a3785254da86b078fd79509bc7", "best_bid": "0.52", "best_ask": "0.56"}, {"asset_id": "68739301635490954357204661162889053285360701620191509408384059255744322268568", "price": "0.94", "size": "1500", "side": "SELL", "hash": "de361423cc0c3c84a27039beac46c64962fc16af", "best_bid": "0.44", "best_ask": "0.48"}], "timestamp": "1769384116261", "event_type": "price_change"}}
{"_local_timestamp": "2026-01-25T23:35:22.597346+00:00", "data": {"market": "0x01677ae80095732d69ef484b859460b69d21714dd370b9e4f377469c35fac05d", "price_changes": [{"asset_id": "68739301635490954357204661162889053285360701620191509408384059255744322268568", "price": "0.44", "size": "0", "side": "BUY", "hash": "186e935177c1b5dafc6be1fbaa03a3fb0217b987", "best_bid": "0.31", "best_ask": "0.48"}, {"asset_id": "48930008382267207749565142085327250707630266537480934495692610670232335488898", "price": "0.56", "size": "0", "side": "SELL", "hash": "6152d470c0b305052730c243b29e23957fa3f1c1", "best_bid": "0.52", "best_ask": "0.69"}], "timestamp": "1769384122388", "event_type": "price_change"}}
{"_local_timestamp": "2026-01-25T23:35:22.621757+00:00", "data": {"market": "0x01677ae80095732d69ef484b859460b69d21714dd370b9e4f377469c35fac05d", "price_changes": [{"asset_id": "48930008382267207749565142085327250707630266537480934495692610670232335488898", "price": "0.11", "size": "0", "side": "BUY", "hash": "479ea53d8c178d038d15e2740a35ba36e935451a", "best_bid": "0.52", "best_ask": "0.69"}, {"asset_id": "68739301635490954357204661162889053285360701620191509408384059255744322268568", "price": "0.89", "size": "0", "side": "SELL", "hash": "44c54cb8b2f243f22082eaa50fb11c8e442dc263", "best_bid": "0.31", "best_ask": "0.48"}], "timestamp": "1769384122422", "event_type": "price_change"}}
{"_local_timestamp": "2026-01-25T23:35:22.622442+00:00", "data": {"market": "0x01677ae80095732d69ef484b859460b69d21714dd370b9e4f377469c35fac05d", "price_changes": [{"asset_id": "48930008382267207749565142085327250707630266537480934495692610670232335488898", "price": "0.14", "size": "0", "side": "BUY", "hash": "479ea53d8c178d038d15e2740a35ba36e935451a", "best_bid": "0.52", "best_ask": "0.69"}, {"asset_id": "68739301635490954357204661162889053285360701620191509408384059255744322268568", "price": "0.86", "size": "0", "side": "SELL", "hash": "44c54cb8b2f243f22082eaa50fb11c8e442dc263", "best_bid": "0.31", "best_ask": "0.48"}], "timestamp": "1769384122422", "event_type": "price_change"}}
{"_local_timestamp": "2026-01-25T23:35:22.622955+00:00", "data": {"market": "0x01677ae80095732d69ef484b859460b69d21714dd370b9e4f377469c35fac05d", "price_changes": [{"asset_id": "48930008382267207749565142085327250707630266537480934495692610670232335488898", "price": "0.22", "size": "0", "side": "BUY", "hash": "479ea53d8c178d038d15e2740a35ba36e935451a", "best_bid": "0.52", "best_ask": "0.69"}, {"asset_id": "68739301635490954357204661162889053285360701620191509408384059255744322268568", "price": "0.78", "size": "0", "side": "SELL", "hash": "44c54cb8b2f243f22082eaa50fb11c8e442dc263", "best_bid": "0.31", "best_ask": "0.48"}], "timestamp": "1769384122422", "event_type": "price_change"}}
{"_local_timestamp": "2026-01-25T23:35:22.625897+00:00", "data": {"market": "0x01677ae80095732d69ef484b859460b69d21714dd370b9e4f377469c35fac05d", "price_changes": [{"asset_id": "48930008382267207749565142085327250707630266537480934495692610670232335488898", "price": "0.17", "size": "0", "side": "BUY", "hash": "479ea53d8c178d038d15e2740a35ba36e935451a", "best_bid": "0.52", "best_ask": "0.69"}, {"asset_id": "68739301635490954357204661162889053285360701620191509408384059255744322268568", "price": "0.83", "size": "0", "side": "SELL", "hash": "44c54cb8b2f243f22082eaa50fb11c8e442dc263", "best_bid": "0.31", "best_ask": "0.48"}], "timestamp": "1769384122422", "event_type": "price_change"}}
{"_local_timestamp": "2026-01-25T23:35:22.626654+00:00", "data": {"market": "0x01677ae80095732d69ef484b859460b69d21714dd370b9e4f377469c35fac05d", "price_changes": [{"asset_id": "48930008382267207749565142085327250707630266537480934495692610670232335488898", "price": "0.2", "size": "350", "side": "BUY", "hash": "479ea53d8c178d038d15e2740a35ba36e935451a", "best_bid": "0.52", "best_ask": "0.69"}, {"asset_id": "68739301635490954357204661162889053285360701620191509408384059255744322268568", "price": "0.8", "size": "350", "side": "SELL", "hash": "44c54cb8b2f243f22082eaa50fb11c8e442dc263", "best_bid": "0.31", "best_ask": "0.48"}], "timestamp": "1769384122422", "event_type": "price_change"}}
{"_local_timestamp": "2026-01-25T23:35:22.627230+00:00", "data": {"market": "0x01677ae80095732d69ef484b859460b69d21714dd370b9e4f377469c35fac05d", "price_changes": [{"asset_id": "48930008382267207749565142085327250707630266537480934495692610670232335488898", "price": "0.08", "size": "0", "side": "BUY", "hash": "479ea53d8c178d038d15e2740a35ba36e935451a", "best_bid": "0.52", "best_ask": "0.69"}, {"asset_id": "68739301635490954357204661162889053285360701620191509408384059255744322268568", "price": "0.92", "size": "0", "side": "SELL", "hash": "44c54cb8b2f243f22082eaa50fb11c8e442dc263", "best_bid": "0.31", "best_ask": "0.48"}], "timestamp": "1769384122422", "event_type": "price_change"}}
{"_local_timestamp": "2026-01-25T23:35:22.627806+00:00", "data": {"market": "0x01677ae80095732d69ef484b859460b69d21714dd370b9e4f377469c35fac05d", "price_changes": [{"asset_id": "48930008382267207749565142085327250707630266537480934495692610670232335488898", "price": "0.06", "size": "900", "side": "BUY", "hash": "479ea53d8c178d038d15e2740a35ba36e935451a", "best_bid": "0.52", "best_ask": "0.69"}, {"asset_id": "68739301635490954357204661162889053285360701620191509408384059255744322268568", "price": "0.94", "size": "900", "side": "SELL", "hash": "44c54cb8b2f243f22082eaa50fb11c8e442dc263", "best_bid": "0.31", "best_ask": "0.48"}], "timestamp": "1769384122422", "event_type": "price_change"}}
{"_local_timestamp": "2026-01-25T23:35:22.654148+00:00", "data": {"market": "0x01677ae80095732d69ef484b859460b69d21714dd370b9e4f377469c35fac05d", "price_changes": [{"asset_id": "68739301635490954357204661162889053285360701620191509408384059255744322268568", "price": "0.43", "size": "12.17", "side": "BUY", "hash": "8d627f4993040723a67609b17d9cebdc63b42b6c", "best_bid": "0.43", "best_ask": "0.48"}, {"asset_id": "48930008382267207749565142085327250707630266537480934495692610670232335488898", "price": "0.57", "size": "12.17", "side": "SELL", "hash": "020762790e5bbdfd97ca820c069d27ac05a3d2cf", "best_bid": "0.52", "best_ask": "0.57"}], "timestamp": "1769384122443", "event_type": "price_change"}}
{"_local_timestamp": "2026-01-25T23:35:22.677616+00:00", "data": {"market": "0x01677ae80095732d69ef484b859460b69d21714dd370b9e4f377469c35fac05d", "price_changes": [{"asset_id": "48930008382267207749565142085327250707630266537480934495692610670232335488898", "price": "0.24", "size": "83.33", "side": "BUY", "hash": "844995f24bd013c3f39ab9d3ecdfe82ed6af4500", "best_bid": "0.52", "best_ask": "0.57"}, {"asset_id": "68739301635490954357204661162889053285360701620191509408384059255744322268568", "price": "0.76", "size": "83.33", "side": "SELL", "hash": "98f8d369d5879d6f01710fb52525b3fe22a2f3de", "best_bid": "0.43", "best_ask": "0.48"}], "timestamp": "1769384122471", "event_type": "price_change"}}
{"_local_timestamp": "2026-01-25T23:35:22.861513+00:00", "data": {"market": "0x01677ae80095732d69ef484b859460b69d21714dd370b9e4f377469c35fac05d", "price_changes": [{"asset_id": "48930008382267207749565142085327250707630266537480934495692610670232335488898", "price": "0.24", "size": "0", "side": "BUY", "hash": "888dc3aec6ebbc24e7a5a88d2279f36934a84a11", "best_bid": "0.52", "best_ask": "0.57"}, {"asset_id": "68739301635490954357204661162889053285360701620191509408384059255744322268568", "price": "0.76", "size": "0", "side": "SELL", "hash": "94b20b2f9849ba9c3a1cabb7ea692978ef2f905c", "best_bid": "0.43", "best_ask": "0.48"}], "timestamp": "1769384122493", "event_type": "price_change"}}
{"_local_timestamp": "2026-01-25T23:35:22.862204+00:00", "data": {"market": "0x01677ae80095732d69ef484b859460b69d21714dd370b9e4f377469c35fac05d", "price_changes": [{"asset_id": "48930008382267207749565142085327250707630266537480934495692610670232335488898", "price": "0.21", "size": "264.28", "side": "BUY", "hash": "fd9831760c554c1d07b217d6b8562a0ed640a3e9", "best_bid": "0.52", "best_ask": "0.57"}, {"asset_id": "68739301635490954357204661162889053285360701620191509408384059255744322268568", "price": "0.79", "size": "264.28", "side": "SELL", "hash": "466b0d754364da5fdb7eeabd2a3d1a95b808ab6b", "best_bid": "0.43", "best_ask": "0.48"}], "timestamp": "1769384122519", "event_type": "price_change"}}
{"_local_timestamp": "2026-01-25T23:35:22.862754+00:00", "data": {"market": "0x01677ae80095732d69ef484b859460b69d21714dd370b9e4f377469c35fac05d", "price_changes": [{"asset_id": "48930008382267207749565142085327250707630266537480934495692610670232335488898", "price": "0.23", "size": "86.95", "side": "BUY", "hash": "912a53bf1134c263735d3f5bcf80765e80a7e6ff", "best_bid": "0.52", "best_ask": "0.57"}, {"asset_id": "68739301635490954357204661162889053285360701620191509408384059255744322268568", "price": "0.77", "size": "86.95", "side": "SELL", "hash": "4d3c3b497783e8683283e2553441c6781cc3754b", "best_bid": "0.43", "best_ask": "0.48"}], "timestamp": "1769384122544", "event_type": "price_change"}}
{"_local_timestamp": "2026-01-25T23:35:22.863319+00:00", "data": {"market": "0x01677ae80095732d69ef484b859460b69d21714dd370b9e4f377469c35fac05d", "price_changes": [{"asset_id": "48930008382267207749565142085327250707630266537480934495692610670232335488898", "price": "0.18", "size": "144.44", "side": "BUY", "hash": "58099f9dff790988ab5883f40c97648f1ba22c88", "best_bid": "0.52", "best_ask": "0.57"}, {"asset_id": "68739301635490954357204661162889053285360701620191509408384059255744322268568", "price": "0.82", "size": "144.44", "side": "SELL", "hash": "0d41bc945cecd6740f3fc581e4253dac0aa67331", "best_bid": "0.43", "best_ask": "0.48"}], "timestamp": "1769384122568", "event_type": "price_change"}}
{"_local_timestamp": "2026-01-25T23:35:22.900317+00:00", "data": {"market": "0x01677ae80095732d69ef484b859460b69d21714dd370b9e4f377469c35fac05d", "price_changes": [{"asset_id": "48930008382267207749565142085327250707630266537480934495692610670232335488898", "price": "0.2", "size": "470", "side": "BUY", "hash": "32df40b5a8d6d33173d27640ac5a0b62eeca0796", "best_bid": "0.52", "best_ask": "0.57"}, {"asset_id": "68739301635490954357204661162889053285360701620191509408384059255744322268568", "price": "0.8", "size": "470", "side": "SELL", "hash": "cfd138de31c557ad1bc8dead660c6997bd6e38c8", "best_bid": "0.43", "best_ask": "0.48"}], "timestamp": "1769384122591", "event_type": "price_change"}}
{"_local_timestamp": "2026-01-25T23:35:22.900974+00:00", "data": {"market": "0x01677ae80095732d69ef484b859460b69d21714dd370b9e4f377469c35fac05d", "price_changes": [{"asset_id": "48930008382267207749565142085327250707630266537480934495692610670232335488898", "price": "0.15", "size": "186.66", "side": "BUY", "hash": "ee4260fade4ba6608520657ade558c40723d7ada", "best_bid": "0.52", "best_ask": "0.57"}, {"asset_id": "68739301635490954357204661162889053285360701620191509408384059255744322268568", "price": "0.85", "size": "186.66", "side": "SELL", "hash": "a09039c85d90bc4cedbaf2fbe6472f0103481043", "best_bid": "0.43", "best_ask": "0.48"}], "timestamp": "1769384122617", "event_type": "price_change"}}
{"_local_timestamp": "2026-01-25T23:35:22.901536+00:00", "data": {"market": "0x01677ae80095732d69ef484b859460b69d21714dd370b9e4f377469c35fac05d", "price_changes": [{"asset_id": "48930008382267207749565142085327250707630266537480934495692610670232335488898", "price": "0.17", "size": "152.94", "side": "BUY", "hash": "99d21a129cea2fccae57bc3ba237d41141c86cef", "best_bid": "0.52", "best_ask": "0.57"}, {"asset_id": "68739301635490954357204661162889053285360701620191509408384059255744322268568", "price": "0.83", "size": "152.94", "side": "SELL", "hash": "a421623f62b5e0c934bfd902382e10a0fb86cc4c", "best_bid": "0.43", "best_ask": "0.48"}], "timestamp": "1769384122632", "event_type": "price_change"}}
{"_local_timestamp": "2026-01-25T23:35:22.902064+00:00", "data": {"market": "0x01677ae80095732d69ef484b859460b69d21714dd370b9e4f377469c35fac05d", "price_changes": [{"asset_id": "48930008382267207749565142085327250707630266537480934495692610670232335488898", "price": "0.12", "size": "591.66", "side": "BUY", "hash": "6539d49834be18ff1f20fe5f92fec2cc6bd91fc2", "best_bid": "0.52", "best_ask": "0.57"}, {"asset_id": "68739301635490954357204661162889053285360701620191509408384059255744322268568", "price": "0.88", "size": "591.66", "side": "SELL", "hash": "bcc05f8d046bde5ff2a40c3768735628e37ed074", "best_bid": "0.43", "best_ask": "0.48"}], "timestamp": "1769384122667", "event_type": "price_change"}}
{"_local_timestamp": "2026-01-25T23:35:22.902617+00:00", "data": {"market": "0x01677ae80095732d69ef484b859460b69d21714dd370b9e4f377469c35fac05d", "price_changes": [{"asset_id": "48930008382267207749565142085327250707630266537480934495692610670232335488898", "price": "0.14", "size": "200", "side": "BUY", "hash": "2a97ebc0882fe448680c1707767984bb556cfd03", "best_bid": "0.52", "best_ask": "0.57"}, {"asset_id": "68739301635490954357204661162889053285360701620191509408384059255744322268568", "price": "0.86", "size": "200", "side": "SELL", "hash": "2d6eaf676bdace1af59ca6afbb39d47dac88032d", "best_bid": "0.43", "best_ask": "0.48"}], "timestamp": "1769384122674", "event_type": "price_change"}}
{"_local_timestamp": "2026-01-25T23:35:22.929940+00:00", "data": {"market": "0x01677ae80095732d69ef484b859460b69d21714dd370b9e4f377469c35fac05d", "price_changes": [{"asset_id": "48930008382267207749565142085327250707630266537480934495692610670232335488898", "price": "0.09", "size": "377.77", "side": "BUY", "hash": "709f5f9915c50765c71abc5a42cb2cc60c2bb30d", "best_bid": "0.52", "best_ask": "0.57"}, {"asset_id": "68739301635490954357204661162889053285360701620191509408384059255744322268568", "price": "0.91", "size": "377.77", "side": "SELL", "hash": "e6729b591d2ea1a99e14d2075d1c6ddc7dfb3782", "best_bid": "0.43", "best_ask": "0.48"}], "timestamp": "1769384122723", "event_type": "price_change"}}
{"_local_timestamp": "2026-01-25T23:35:22.930767+00:00", "data": {"market": "0x01677ae80095732d69ef484b859460b69d21714dd370b9e4f377469c35fac05d", "price_changes": [{"asset_id": "48930008382267207749565142085327250707630266537480934495692610670232335488898", "price": "0.11", "size": "290.9", "side": "BUY", "hash": "205a9f48ec76c2df8735bbec3c381fb73a66f93e", "best_bid": "0.52", "best_ask": "0.57"}, {"asset_id": "68739301635490954357204661162889053285360701620191509408384059255744322268568", "price": "0.89", "size": "290.9", "side": "SELL", "hash": "ea1e30b77b6b3ab86f00f0fa009362240fd1ac5a", "best_bid": "0.43", "best_ask": "0.48"}], "timestamp": "1769384122726", "event_type": "price_change"}}
{"_local_timestamp": "2026-01-25T23:35:22.982435+00:00", "data": {"market": "0x01677ae80095732d69ef484b859460b69d21714dd370b9e4f377469c35fac05d", "price_changes": [{"asset_id": "48930008382267207749565142085327250707630266537480934495692610670232335488898", "price": "0.06", "size": "1500", "side": "BUY", "hash": "29e80cf71ce1f952f24391fa488cc7de6fffce9c", "best_bid": "0.52", "best_ask": "0.57"}, {"asset_id": "68739301635490954357204661162889053285360701620191509408384059255744322268568", "price": "0.94", "size": "1500", "side": "SELL", "hash": "86e3d01b0e4f55d73bb59e667a31461aea802688", "best_bid": "0.43", "best_ask": "0.48"}], "timestamp": "1769384122765", "event_type": "price_change"}}
{"_local_timestamp": "2026-01-25T23:35:22.985706+00:00", "data": {"market": "0x01677ae80095732d69ef484b859460b69d21714dd370b9e4f377469c35fac05d", "price_changes": [{"asset_id": "48930008382267207749565142085327250707630266537480934495692610670232335488898", "price": "0.09", "size": "755.54", "side": "BUY", "hash": "40505c13ae6acc703df524d6826cdc97ad654292", "best_bid": "0.52", "best_ask": "0.57"}, {"asset_id": "68739301635490954357204661162889053285360701620191509408384059255744322268568", "price": "0.91", "size": "755.54", "side": "SELL", "hash": "34bf75d87f9c0bc33ed0423cc412a80d75485366", "best_bid": "0.43", "best_ask": "0.48"}], "timestamp": "1769384122778", "event_type": "price_change"}}
{"_local_timestamp": "2026-01-25T23:35:23.037625+00:00", "data": {"market": "0x01677ae80095732d69ef484b859460b69d21714dd370b9e4f377469c35fac05d", "price_changes": [{"asset_id": "48930008382267207749565142085327250707630266537480934495692610670232335488898", "price": "0.06", "size": "2100", "side": "BUY", "hash": "7168a4d5a701b91df00fe6cd677b8436446fca9d", "best_bid": "0.52", "best_ask": "0.57"}, {"asset_id": "68739301635490954357204661162889053285360701620191509408384059255744322268568", "price": "0.94", "size": "2100", "side": "SELL", "hash": "7c8c27c61a7544ae2e4bc09feef8fb6e68c9ba15", "best_bid": "0.43", "best_ask": "0.48"}], "timestamp": "1769384122830", "event_type": "price_change"}}
{"_local_timestamp": "2026-01-25T23:35:23.050013+00:00", "data": {"market": "0x01677ae80095732d69ef484b859460b69d21714dd370b9e4f377469c35fac05d", "price_changes": [{"asset_id": "48930008382267207749565142085327250707630266537480934495692610670232335488898", "price": "0.21", "size": "150", "side": "BUY", "hash": "e54d0a3f496a7d007efa779a5f1bb5227639e771", "best_bid": "0.52", "best_ask": "0.57"}, {"asset_id": "68739301635490954357204661162889053285360701620191509408384059255744322268568", "price": "0.79", "size": "150", "side": "SELL", "hash": "abfecd95906310101e87cb51b28d58eb4db8ac7b", "best_bid": "0.43", "best_ask": "0.48"}], "timestamp": "1769384122841", "event_type": "price_change"}}
{"_local_timestamp": "2026-01-25T23:35:23.052457+00:00", "data": {"market": "0x01677ae80095732d69ef484b859460b69d21714dd370b9e4f377469c35fac05d", "price_changes": [{"asset_id": "48930008382267207749565142085327250707630266537480934495692610670232335488898", "price": "0.17", "size": "0", "side": "BUY", "hash": "e54d0a3f496a7d007efa779a5f1bb5227639e771", "best_bid": "0.52", "best_ask": "0.57"}, {"asset_id": "68739301635490954357204661162889053285360701620191509408384059255744322268568", "price": "0.83", "size": "0", "side": "SELL", "hash": "abfecd95906310101e87cb51b28d58eb4db8ac7b", "best_bid": "0.43", "best_ask": "0.48"}], "timestamp": "1769384122841", "event_type": "price_change"}}
{"_local_timestamp": "2026-01-25T23:35:23.055434+00:00", "data": {"market": "0x01677ae80095732d69ef484b859460b69d21714dd370b9e4f377469c35fac05d", "price_changes": [{"asset_id": "48930008382267207749565142085327250707630266537480934495692610670232335488898", "price": "0.12", "size": "325", "side": "BUY", "hash": "e54d0a3f496a7d007efa779a5f1bb5227639e771", "best_bid": "0.52", "best_ask": "0.57"}, {"asset_id": "68739301635490954357204661162889053285360701620191509408384059255744322268568", "price": "0.88", "size": "325", "side": "SELL", "hash": "abfecd95906310101e87cb51b28d58eb4db8ac7b", "best_bid": "0.43", "best_ask": "0.48"}], "timestamp": "1769384122841", "event_type": "price_change"}}
{"_local_timestamp": "2026-01-25T23:35:23.057657+00:00", "data": {"market": "0x01677ae80095732d69ef484b859460b69d21714dd370b9e4f377469c35fac05d", "price_changes": [{"asset_id": "48930008382267207749565142085327250707630266537480934495692610670232335488898", "price": "0.09", "size": "0", "side": "BUY", "hash": "e54d0a3f496a7d007efa779a5f1bb5227639e771", "best_bid": "0.52", "best_ask": "0.57"}, {"asset_id": "68739301635490954357204661162889053285360701620191509408384059255744322268568", "price": "0.91", "size": "0", "side": "SELL", "hash": "abfecd95906310101e87cb51b28d58eb4db8ac7b", "best_bid": "0.43", "best_ask": "0.48"}], "timestamp": "1769384122841", "event_type": "price_change"}}
{"_local_timestamp": "2026-01-25T23:35:23.058435+00:00", "data": {"market": "0x01677ae80095732d69ef484b859460b69d21714dd370b9e4f377469c35fac05d", "price_changes": [{"asset_id": "48930008382267207749565142085327250707630266537480934495692610670232335488898", "price": "0.06", "size": "900", "side": "BUY", "hash": "e54d0a3f496a7d007efa779a5f1bb5227639e771", "best_bid": "0.52", "best_ask": "0.57"}, {"asset_id": "68739301635490954357204661162889053285360701620191509408384059255744322268568", "price": "0.94", "size": "900", "side": "SELL", "hash": "abfecd95906310101e87cb51b28d58eb4db8ac7b", "best_bid": "0.43", "best_ask": "0.48"}], "timestamp": "1769384122841", "event_type": "price_change"}}
{"_local_timestamp": "2026-01-25T23:35:23.059463+00:00", "data": {"market": "0x01677ae80095732d69ef484b859460b69d21714dd370b9e4f377469c35fac05d", "price_changes": [{"asset_id": "48930008382267207749565142085327250707630266537480934495692610670232335488898", "price": "0.23", "size": "0", "side": "BUY", "hash": "e54d0a3f496a7d007efa779a5f1bb5227639e771", "best_bid": "0.52", "best_ask": "0.57"}, {"asset_id": "68739301635490954357204661162889053285360701620191509408384059255744322268568", "price": "0.77", "size": "0", "side": "SELL", "hash": "abfecd95906310101e87cb51b28d58eb4db8ac7b", "best_bid": "0.43", "best_ask": "0.48"}], "timestamp": "1769384122841", "event_type": "price_change"}}
{"_local_timestamp": "2026-01-25T23:35:23.061922+00:00", "data": {"market": "0x01677ae80095732d69ef484b859460b69d21714dd370b9e4f377469c35fac05d", "price_changes": [{"asset_id": "48930008382267207749565142085327250707630266537480934495692610670232335488898", "price": "0.18", "size": "0", "side": "BUY", "hash": "e54d0a3f496a7d007efa779a5f1bb5227639e771", "best_bid": "0.52", "best_ask": "0.57"}, {"asset_id": "68739301635490954357204661162889053285360701620191509408384059255744322268568", "price": "0.82", "size": "0", "side": "SELL", "hash": "abfecd95906310101e87cb51b28d58eb4db8ac7b", "best_bid": "0.43", "best_ask": "0.48"}], "timestamp": "1769384122841", "event_type": "price_change"}}
