{"_local_timestamp": "2026-01-25T23:40:35.821669+00:00", "data": [{"market": "0x01677ae80095732d69ef484b859460b69d21714dd370b9e4f377469c35fac05d", "asset_id": "48930008382267207749565142085327250707630266537480934495692610670232335488898", "timestamp": "1769384435671", "hash": "c257d1e9a4f200f8a390079c95c29400a9ce83bf", "bids": [{"price": "0.01", "size": "5010.25"}, {"price": "0.02", "size": "3450"}, {"price": "0.03", "size": "5.87"}, {"price": "0.06", "size": "1500"}, {"price": "0.09", "size": "377.77"}, {"price": "0.1", "size": "7.21"}, {"price": "0.11", "size": "200"}, {"price": "0.12", "size": "125"}, {"price": "0.13", "size": "62"}, {"price": "0.2", "size": "350"}, {"price": "0.22", "size": "100"}, {"price": "0.25", "size": "8"}, {"price": "0.31", "size": "50"}, {"price": "0.37", "size": "10"}, {"price": "0.4", "size": "10"}, {"price": "0.41", "size": "31.7"}, {"price": "0.42", "size": "26.19"}, {"price": "0.49", "size": "325.35"}, {"price": "0.52", "size": "249.14"}], "asks": [{"price": "0.99", "size": "510020.04"}, {"price": "0.98", "size": "1255.33"}, {"price": "0.97", "size": "9010"}, {"price": "0.96", "size": "6.56"}, {"price": "0.95", "size": "5000"}, {"price": "0.94", "size": "6466.66"}, {"price": "0.91", "size": "54"}, {"price": "0.9", "size": "5.8"}, {"price": "0.84", "size": "100"}, {"price": "0.81", "size": "66.66"}, {"price": "0.8", "size": "14.66"}, {"price": "0.74", "size": "50"}, {"price": "0.73", "size": "40.74"}, {"price": "0.7", "size": "45.55"}, {"price": "0.69", "size": "29"}, {"price": "0.67", "size": "96.66"}, {"price": "0.65", "size": "12.17"}], "event_type": "book", "last_trade_price": "0.520"}, {"market": "0x01677ae80095732d69ef484b859460b69d21714dd370b9e4f377469c35fac05d", "asset_id": "68739301635490954357204661162889053285360701620191509408384059255744322268568", "timestamp": "1769384435671", "hash": "a643165c5ebfd444835b03e50022a7d063172c71", "bids": [{"price": "0.01", "size": "510020.04"}, {"price": "0.02", "size": "1255.33"}, {"price": "0.03", "size": "9010"}, {"price": "0.04", "size": "6.56"}, {"price": "0.05", "size": "5000"}, {"price": "0.06", "size": "6466.66"}, {"price": "0.09", "size": "54"}, {"price": "0.1", "size": "5.8"}, {"price": "0.16", "size": "100"}, {"price": "0.19", "size": "66.66"}, {"price": "0.2", "size": "14.66"}, {"price": "0.26", "size": "50"}, {"price": "0.27", "size": "40.74"}, {"price": "0.3", "size": "45.55"}, {"price": "0.31", "size": "29"}, {"price": "0.33", "size": "96.66"}, {"price": "0.35", "size": "12.17"}], "asks": [{"price": "0.99", "size": "5010.25"}, {"price": "0.98", "size": "3450"}, {"price": "0.97", "size": "5.87"}, {"price": "0.94", "size": "1500"}, {"price": "0.91", "size": "377.77"}, {"price": "0.9", "size": "7.21"}, {"price": "0.89", "size": "200"}, {"price": "0.88", "size": "125"}, {"price": "0.87", "size": "62"}, {"price": "0.8", "size": "350"}, {"price": "0.78", "size": "100"}, {"price": "0.75", "size": "8"}, {"price": "0.69", "size": "50"}, {"price": "0.63", "size": "10"}, {"price": "0.6", "size": "10"}, {"price": "0.59", "size": "31.7"}, {"price": "0.58", "size": "26.19"}, {"price": "0.51", "size": "325.35"}, {"price": "0.48", "size": "249.14"}], "event_type": "book", "last_trade_price": "0.520"}]}
{"_local_timestamp": "2026-01-25T23:40:37.105020+00:00", "data": {"market": "0x01677ae80095732d69ef484b859460b69d21714dd370b9e4f377469c35fac05d", "price_changes": [{"asset_id": "68739301635490954357204661162889053285360701620191509408384059255744322268568", "price": "0.33", "size": "66.66", "side": "BUY", "hash": "491c5256d71ed01e14c89bebe6e324dbdd2c8d78", "best_bid": "0.35", "best_ask": "0.48"}, {"asset_id": "48930008382267207749565142085327250707630266537480934495692610670232335488898", "price": "0.67", "size": "66.66", "side": "SELL", "hash": "028aaaa8572f89f1d1ccbae5dcc1b072516cde5a", "best_bid": "0.52", "best_ask": "0.65"}], "timestamp": "1769384437019", "event_type": "price_change"}}
{"_local_timestamp": "2026-01-25T23:40:37.979583+00:00", "data": {"market": "0x01677ae80095732d69ef484b859460b69d21714dd370b9e4f377469c35fac05d", "price_changes": [{"asset_id": "48930008382267207749565142085327250707630266537480934495692610670232335488898", "price": "0.8", "size": "0", "side": "SELL", "hash": "3dc89c2f1ba3ff2f95fecfe2a9c5f1f46ee121bf", "best_bid": "0.52", "best_ask": "0.65"}, {"asset_id": "68739301635490954357204661162889053285360701620191509408384059255744322268568", "price": "0.2", "size": "0", "side": "BUY", "hash": "69b91c526a621587cc623e8680ea92dd884d4055", "best_bid": "0.35", "best_ask": "0.48"}], "timestamp": "1769384437910", "event_type": "price_change"}}
{"_local_timestamp": "2026-01-25T23:40:38.059744+00:00", "data": {"market": "0x01677ae80095732d69ef484b859460b69d21714dd370b9e4f377469c35fac05d", "price_changes": [{"asset_id": "48930008382267207749565142085327250707630266537480934495692610670232335488898", "price": "0.66", "size": "14.66", "side": "SELL", "hash": "20014ffdd1056a37a7db10340c9ebd0ff4548f65", "best_bid": "0.52", "best_ask": "0.65"}, {"asset_id": "68739301635490954357204661162889053285360701620191509408384059255744322268568", "price": "0.34", "size": "14.66", "side": "BUY", "hash": "fdfd4751409876a2dda3b1e4e6b465303006047e", "best_bid": "0.35", "best_ask": "0.48"}], "timestamp": "1769384437987", "event_type": "price_change"}}
{"_local_timestamp": "2026-01-25T23:40:38.380679+00:00", "data": {"market": "0x01677ae80095732d69ef484b859460b69d21714dd370b9e4f377469c35fac05d", "price_changes": [{"asset_id": "68739301635490954357204661162889053285360701620191509408384059255744322268568", "price": "0.35", "size": "0", "side": "BUY", "hash": "4e1460b79b92be7f26aea970bc8bb3636e63fafb", "best_bid": "0.34", "best_ask": "0.48"}, {"asset_id": "48930008382267207749565142085327250707630266537480934495692610670232335488898", "price": "0.65", "size": "0", "side": "SELL", "hash": "d0088f63e1168dfbb5380d0f29b4cfa2d8ea9898", "best_bid": "0.52", "best_ask": "0.66"}], "timestamp": "1769384438310", "event_type": "price_change"}}
{"_local_timestamp": "2026-01-25T23:40:38.438206+00:00", "data": {"market": "0x01677ae80095732d69ef484b859460b69d21714dd370b9e4f377469c35fac05d", "price_changes": [{"asset_id": "48930008382267207749565142085327250707630266537480934495692610670232335488898", "price": "0.53", "size": "5.09", "side": "BUY", "hash": "93385d4caa0b3b45406450c1b6b844fe03bd61e2", "best_bid": "0.53", "best_ask": "0.66"}, {"asset_id": "68739301635490954357204661162889053285360701620191509408384059255744322268568", "price": "0.47", "size": "5.09", "side": "SELL", "hash": "0518cee3c25b6d3c9602620572724b6ee02d10c7", "best_bid": "0.34", "best_ask": "0.47"}], "timestamp": "1769384438369", "event_type": "price_change"}}
{"_local_timestamp": "2026-01-25T23:40:38.440038+00:00", "data": {"market": "0x01677ae80095732d69ef484b859460b69d21714dd370b9e4f377469c35fac05d", "price_changes": [{"asset_id": "68739301635490954357204661162889053285360701620191509408384059255744322268568", "price": "0.34", "size": "26.83", "side": "BUY", "hash": "78ede81dedd6f2e13bfa73f6305e746b62f83db7", "best_bid": "0.34", "best_ask": "0.47"}, {"asset_id": "48930008382267207749565142085327250707630266537480934495692610670232335488898", "price": "0.66", "size": "26.83", "side": "SELL", "hash": "609c524108daad57cfee59cf35c4c150d3bc24ec", "best_bid": "0.53", "best_ask": "0.66"}], "timestamp": "1769384438370", "event_type": "price_change"}}
{"_local_timestamp": "2026-01-25T23:40:38.441602+00:00", "data": {"market": "0x01677ae80095732d69ef484b859460b69d21714dd370b9e4f377469c35fac05d", "price_changes": [{"asset_id": "68739301635490954357204661162889053285360701620191509408384059255744322268568", "price": "0.32", "size": "8.5", "side": "BUY", "hash": "ffa6d4036c2cfdd0700fb49a6ee4e0d0147c3b55", "best_bid": "0.34", "best_ask": "0.47"}, {"asset_id": "48930008382267207749565142085327250707630266537480934495692610670232335488898", "price": "0.68", "size": "8.5", "side": "SELL", "hash": "19cd2d8bd37b2426ae11774887cda8be80295362", "best_bid": "0.53", "best_ask": "0.66"}], "timestamp": "1769384438370", "event_type": "price_change"}}
{"_local_timestamp": "2026-01-25T23:40:38.524468+00:00", "data": {"market": "0x01677ae80095732d69ef484b859460b69d21714dd370b9e4f377469c35fac05d", "price_changes": [{"asset_id": "68739301635490954357204661162889053285360701620191509408384059255744322268568", "price": "0.17", "size": "117.64", "side": "BUY", "hash": "92f79d3f3f3a854ea03a137e250f2321ab25c280", "best_bid": "0.34", "best_ask": "0.47"}, {"asset_id": "48930008382267207749565142085327250707630266537480934495692610670232335488898", "price": "0.83", "size": "117.64", "side": "SELL", "hash": "b9f47ab422872cc9be2db12b1cc002a0e1e31b01", "best_bid": "0.53", "best_ask": "0.66"}], "timestamp": "1769384438454", "event_type": "price_change"}}
{"_local_timestamp": "2026-01-25T23:40:38.560549+00:00", "data": {"market": "0x01677ae80095732d69ef484b859460b69d21714dd370b9e4f377469c35fac05d", "price_changes": [{"asset_id": "68739301635490954357204661162889053285360701620191509408384059255744322268568", "price": "0.15", "size": "160", "side": "BUY", "hash": "b133b8c97cb51f225c32e934f252fbe963de65b7", "best_bid": "0.34", "best_ask": "0.47"}, {"asset_id": "48930008382267207749565142085327250707630266537480934495692610670232335488898", "price": "0.85", "size": "160", "side": "SELL", "hash": "9d05b564e86c60087b9c7af353ac8aac6fec92fe", "best_bid": "0.53", "best_ask": "0.66"}], "timestamp": "1769384438496", "event_type": "price_change"}}
{"_local_timestamp": "2026-01-25T23:40:38.588563+00:00", "data": {"market": "0x01677ae80095732d69ef484b859460b69d21714dd370b9e4f377469c35fac05d", "price_changes": [{"asset_id": "68739301635490954357204661162889053285360701620191509408384059255744322268568", "price": "0.33", "size": "96.66", "side": "BUY", "hash": "34dc351350879d7924ce5e025f4cb8dc73429a6f", "best_bid": "0.34", "best_ask": "0.47"}, {"asset_id": "48930008382267207749565142085327250707630266537480934495692610670232335488898", "price": "0.67", "size": "96.66", "side": "SELL", "hash": "01aa3820fba0515925948e360719749050294d95", "best_bid": "0.53", "best_ask": "0.66"}], "timestamp": "1769384438523", "event_type": "price_change"}}
{"_local_timestamp": "2026-01-25T23:40:38.604612+00:00", "data": {"market": "0x01677ae80095732d69ef484b859460b69d21714dd370b9e4f377469c35fac05d", "price_changes": [{"asset_id": "68739301635490954357204661162889053285360701620191509408384059255744322268568", "price": "0.12", "size": "216.66", "side": "BUY", "hash": "8b592b269c7e3b0d51253301bdb17a00a71be109", "best_bid": "0.34", "best_ask": "0.47"}, {"asset_id": "48930008382267207749565142085327250707630266537480934495692610670232335488898", "price": "0.88", "size": "216.66", "side": "SELL", "hash": "23cddf672b1d34ebadf4492a2f83edb1962daae0", "best_bid": "0.53", "best_ask": "0.66"}], "timestamp": "1769384438541", "event_type": "price_change"}}
{"_local_timestamp": "2026-01-25T23:40:38.663372+00:00", "data": {"market": "0x01677ae80095732d69ef484b859460b69d21714dd370b9e4f377469c35fac05d", "price_changes": [{"asset_id": "68739301635490954357204661162889053285360701620191509408384059255744322268568", "price": "0.1", "size": "285.8", "side": "BUY", "hash": "87c43e2758fad7fb69a8b19b1df4422820d2402b", "best_bid": "0.34", "best_ask": "0.47"}, {"asset_id": "48930008382267207749565142085327250707630266537480934495692610670232335488898", "price": "0.9", "size": "285.8", "side": "SELL", "hash": "2a282ef544a9811afcd2ef2cef1910b2e7be8923", "best_bid": "0.53", "best_ask": "0.66"}], "timestamp": "1769384438587", "event_type": "price_change"}}
{"_local_timestamp": "2026-01-25T23:40:38.691487+00:00", "data": {"market": "0x01677ae80095732d69ef484b859460b69d21714dd370b9e4f377469c35fac05d", "price_changes": [{"asset_id": "68739301635490954357204661162889053285360701620191509408384059255744322268568", "price": "0.08", "size": "400", "side": "BUY", "hash": "197cd87f968c14d429d0408fdb1a3107e5fd2e8c", "best_bid": "0.34", "best_ask": "0.47"}, {"asset_id": "48930008382267207749565142085327250707630266537480934495692610670232335488898", "price": "0.92", "size": "400", "side": "SELL", "hash": "ad746bed71b9d2274f6d3f8e2c5debd9a8ba147e", "best_bid": "0.53", "best_ask": "0.66"}], "timestamp": "1769384438629", "event_type": "price_change"}}
{"_local_timestamp": "2026-01-25T23:40:38.701699+00:00", "data": {"market": "0x01677ae80095732d69ef484b859460b69d21714dd370b9e4f377469c35fac05d", "price_changes": [{"asset_id": "48930008382267207749565142085327250707630266537480934495692610670232335488898", "price": "0.66", "size": "12.17", "side": "SELL", "hash": "32997975a0234046974f532ea3dd44a2db5ef3c8", "best_bid": "0.53", "best_ask": "0.66"}, {"asset_id": "68739301635490954357204661162889053285360701620191509408384059255744322268568", "price": "0.34", "size": "12.17", "side": "BUY", "hash": "6236fbcc8409251fa644ae6d5dc05f42f7c9f8ae", "best_bid": "0.34", "best_ask": "0.47"}], "timestamp": "1769384438630", "event_type": "price_change"}}
{"_local_timestamp": "2026-01-25T23:40:38.770954+00:00", "data": {"market": "0x01677ae80095732d69ef484b859460b69d21714dd370b9e4f377469c35fac05d", "price_changes": [{"asset_id": "48930008382267207749565142085327250707630266537480934495692610670232335488898", "price": "0.8", "size": "14.66", "side": "SELL", "hash": "76cb401388556a99b2814908ffa34c7a7592b685", "best_bid": "0.53", "best_ask": "0.66"}, {"asset_id": "68739301635490954357204661162889053285360701620191509408384059255744322268568", "price": "0.2", "size": "14.66", "side": "BUY", "hash": "d2ffcbc28a6117ecc63e9553f061ea1e73790ad6", "best_bid": "0.34", "best_ask": "0.47"}], "timestamp": "1769384438697", "event_type": "price_change"}}
{"_local_timestamp": "2026-01-25T23:40:38.792603+00:00", "data": {"market": "0x01677ae80095732d69ef484b859460b69d21714dd370b9e4f377469c35fac05d", "price_changes": [{"asset_id": "68739301635490954357204661162889053285360701620191509408384059255744322268568", "price": "0.06", "size": "7033.32", "side": "BUY", "hash": "32db51cb5bc3e257c3314f54a128afc240df5269", "best_bid": "0.34", "best_ask": "0.47"}, {"asset_id": "48930008382267207749565142085327250707630266537480934495692610670232335488898", "price": "0.94", "size": "7033.32", "side": "SELL", "hash": "fe1be8509c7ceda6ded8aca5b74a8b44fb61133f", "best_bid": "0.53", "best_ask": "0.66"}], "timestamp": "1769384438728", "event_type": "price_change"}}
{"_local_timestamp": "2026-01-25T23:40:38.856265+00:00", "data": {"market": "0x01677ae80095732d69ef484b859460b69d21714dd370b9e4f377469c35fac05d", "price_changes": [{"asset_id": "68739301635490954357204661162889053285360701620191509408384059255744322268568", "price": "0.04", "size": "906.56", "side": "BUY", "hash": "616f32da05b4f39601491b9456cbe639f75b69a8", "best_bid": "0.34", "best_ask": "0.47"}, {"asset_id": "48930008382267207749565142085327250707630266537480934495692610670232335488898", "price": "0.96", "size": "906.56", "side": "SELL", "hash": "2a2a2963bce84ca897ba92dc154457ee3831bc34", "best_bid": "0.53", "best_ask": "0.66"}], "timestamp": "1769384438789", "event_type": "price_change"}}
{"_local_timestamp": "2026-01-25T23:40:39.597893+00:00", "data": {"market": "0x01677ae80095732d69ef484b859460b69d21714dd370b9e4f377469c35fac05d", "price_changes": [{"asset_id": "48930008382267207749565142085327250707630266537480934495692610670232335488898", "price": "0.8", "size": "0", "side": "SELL", "hash": "9e6644e1bf995356bbeb61c63f0f73e7653d7c70", "best_bid": "0.53", "best_ask": "0.66"}, {"asset_id": "68739301635490954357204661162889053285360701620191509408384059255744322268568", "price": "0.2", "size": "0", "side": "BUY", "hash": "2d4eabd87a8c35b43cef33396960f62218fd1eed", "best_bid": "0.34", "best_ask": "0.47"}], "timestamp": "1769384439535", "event_type": "price_change"}}
{"_local_timestamp": "2026-01-25T23:40:39.705683+00:00", "data": {"market": "0x01677ae80095732d69ef484b859460b69d21714dd370b9e4f377469c35fac05d", "price_changes": [{"asset_id": "48930008382267207749565142085327250707630266537480934495692610670232335488898", "price": "0.66", "size": "26.83", "side": "SELL", "hash": "c618daec0e56ea52b79d8cfc861b99865bb2f6ba", "best_bid": "0.53", "best_ask": "0.66"}, {"asset_id": "68739301635490954357204661162889053285360701620191509408384059255744322268568", "price": "0.34", "size": "26.83", "side": "BUY", "hash": "c5cf7829ec27e96d9a7d68d53bdcaf2f7b796cce", "best_bid": "0.34", "best_ask": "0.47"}], "timestamp": "1769384439641", "event_type": "price_change"}}
{"_local_timestamp": "2026-01-25T23:40:58.291001+00:00", "data": {"market": "0x01677ae80095732d69ef484b859460b69d21714dd370b9e4f377469c35fac05d", "price_changes": [{"asset_id": "68739301635490954357204661162889053285360701620191509408384059255744322268568", "price": "0.06", "size": "6633.32", "side": "BUY", "hash": "bc8fb0bb9a8c4104437c9bd510f43a53b0adfad9", "best_bid": "0.34", "best_ask": "0.47"}, {"asset_id": "48930008382267207749565142085327250707630266537480934495692610670232335488898", "price": "0.94", "size": "6633.32", "side": "SELL", "hash": "3ba04091136d0ba61caefb4ebca39bcc27e23940", "best_bid": "0.53", "best_ask": "0.66"}], "timestamp": "1769384457763", "event_type": "price_change"}}
{"_local_timestamp": "2026-01-25T23:41:43.575703+00:00", "data": {"market": "0x01677ae80095732d69ef484b859460b69d21714dd370b9e4f377469c35fac05d", "price_changes": [{"asset_id": "48930008382267207749565142085327250707630266537480934495692610670232335488898", "price": "0.53", "size": "76.78", "side": "BUY", "hash": "206912541fc47c9f6a93d6ae91e6c1d5802571b5", "best_bid": "0.53", "best_ask": "0.66"}, {"asset_id": "68739301635490954357204661162889053285360701620191509408384059255744322268568", "price": "0.47", "size": "76.78", "side": "SELL", "hash": "08c0547222723dfd83b8f30e3f99c462351b404b", "best_bid": "0.34", "best_ask": "0.47"}], "timestamp": "1769384503497", "event_type": "price_change"}}
{"_local_timestamp": "2026-01-25T23:41:50.969649+00:00", "data": {"market": "0x01677ae80095732d69ef484b859460b69d21714dd370b9e4f377469c35fac05d", "price_changes": [{"asset_id": "48930008382267207749565142085327250707630266537480934495692610670232335488898", "price": "0.22", "size": "0", "side": "BUY", "hash": "e95f20365426e4b8bec46b01a7ff3f101c1af7b8", "best_bid": "0.53", "best_ask": "0.66"}, {"asset_id": "68739301635490954357204661162889053285360701620191509408384059255744322268568", "price": "0.78", "size": "0", "side": "SELL", "hash": "0d945e56c7806349e36e784a3d0ee3e5255fd28d", "best_bid": "0.34", "best_ask": "0.47"}], "timestamp": "1769384510772", "event_type": "price_change"}}
{"_local_timestamp": "2026-01-25T23:41:50.971754+00:00", "data": {"market": "0x01677ae80095732d69ef484b859460b69d21714dd370b9e4f377469c35fac05d", "price_changes": [{"asset_id": "48930008382267207749565142085327250707630266537480934495692610670232335488898", "price": "0.11", "size": "0", "side": "BUY", "hash": "e95f20365426e4b8bec46b01a7ff3f101c1af7b8", "best_bid": "0.53", "best_ask": "0.66"}, {"asset_id": "68739301635490954357204661162889053285360701620191509408384059255744322268568", "price": "0.89", "size": "0", "side": "SELL", "hash": "0d945e56c7806349e36e784a3d0ee3e5255fd28d", "best_bid": "0.34", "best_ask": "0.47"}], "timestamp": "1769384510772", "event_type": "price_change"}}
{"_local_timestamp": "2026-01-25T23:41:52.903214+00:00", "data": {"market": "0x01677ae80095732d69ef484b859460b69d21714dd370b9e4f377469c35fac05d", "price_changes": [{"asset_id": "48930008382267207749565142085327250707630266537480934495692610670232335488898", "price": "0.21", "size": "100", "side": "BUY", "hash": "a8fb97d518eae84f523384bb1bb7cce753e026c0", "best_bid": "0.53", "best_ask": "0.66"}, {"asset_id": "68739301635490954357204661162889053285360701620191509408384059255744322268568", "price": "0.79", "size": "100", "side": "SELL", "hash": "f8922af164a6ae048b3260571e5075b90b7d7711", "best_bid": "0.34", "best_ask": "0.47"}], "timestamp": "1769384511845", "event_type": "price_change"}}
{"_local_timestamp": "2026-01-25T23:41:53.019277+00:00", "data": {"market": "0x01677ae80095732d69ef484b859460b69d21714dd370b9e4f377469c35fac05d", "price_changes": [{"asset_id": "48930008382267207749565142085327250707630266537480934495692610670232335488898", "price": "0.12", "size": "325", "side": "BUY", "hash": "4cbc5658249c519ca8b0333664ee97b69718bbd4", "best_bid": "0.53", "best_ask": "0.66"}, {"asset_id": "68739301635490954357204661162889053285360701620191509408384059255744322268568", "price": "0.88", "size": "325", "side": "SELL", "hash": "6704637316bd95c0296172f885a51f74334b34e6", "best_bid": "0.34", "best_ask": "0.47"}], "timestamp": "1769384512679", "event_type": "price_change"}}
