{"_local_timestamp": "2026-01-25T23:40:35.821669+00:00", "data": [{"market": "0x01677ae80095732d69ef484b859460b69d21714dd370b9e4f377469c35fac05d", "asset_id": "48930008382267207749565142085327250707630266537480934495692610670232335488898", "timestamp": "1769384435671", "hash": "c257d1e9a4f200f8a390079c95c29400a9ce83bf", "bids": [{"price": "0.01", "size": "5010.25"}, {"price": "0.02", "size": "3450"}, {"price": "0.03", "size": "5.87"}, {"price": "0.06", "size": "1500"}, {"price": "0.09", "size": "377.77"}, {"price": "0.1", "size": "7.21"}, {"price": "0.11", "size": "200"}, {"price": "0.12", "size": "125"}, {"price": "0.13", "size": "62"}, {"price": "0.2", "size": "350"}, {"price": "0.22", "size": "100"}, {"price": "0.25", "size": "8"}, {"price": "0.31", "size": "50"}, {"price": "0.37", "size": "10"}, {"price": "0.4", "size": "10"}, {"price": "0.41", "size": "31.7"}, {"price": "0.42", "size": "26.19"}, {"price": "0.49", "size": "325.35"}, {"price": "0.52", "size": "249.14"}], "asks": [{"price": "0.99", "size": "510020.04"}, {"price": "0.98", "size": "1255.33"}, {"price": "0.97", "size": "9010"}, {"price": "0.96", "size": "6.56"}, {"price": "0.95", "size": "5000"}, {"price": "0.94", "size": "6466.66"}, {"price": "0.91", "size": "54"}, {"price": "0.9", "size": "5.8"}, {"price": "0.84", "size": "100"}, {"price": "0.81", "size": "66.66"}, {"price": "0.8", "size": "14.66"}, {"price": "0.74", "size": "50"}, {"price": "0.73", "size": "40.74"}, {"price": "0.7", "size": "45.55"}, {"price": "0.69", "size": "29"}, {"price": "0.67", "size": "96.66"}, {"price": "0.65", "size": "12.17"}], "event_type": "book", "last_trade_price": "0.520"}, {"market": "0x01677ae80095732d69ef484b859460b69d21714dd370b9e4f377469c35fac05d", "asset_id": "68739301635490954357204661162889053285360701620191509408384059255744322268568", "timestamp": "1769384435671", "hash": "a643165c5ebfd444835b03e50022a7d063172c71", "bids": [{"price": "0.01", "size": "510020.04"}, {"price": "0.02", "size": "1255.33"}, {"price": "0.03", "size": "9010"}, {"price": "0.04", "size": "6.56"}, {"price": "0.05", "size": "5000"}, {"price": "0.06", "size": "6466.66"}, {"price": "0.09", "size": "54"}, {"price": "0.1", "size": "5.8"}, {"price": "0.16", "size": "100"}, {"price": "0.19", "size": "66.66"}, {"price": "0.2", "size": "14.66"}, {"price": "0.26", "size": "50"}, {"price": "0.27", "size": "40.74"}, {"price": "0.3", "size": "45.55"}, {"price": "0.31", "size": "29"}, {"price": "0.33", "size": "96.66"}, {"price": "0.35", "size": "12.17"}], "asks": [{"price": "0.99", "size": "5010.25"}, {"price": "0.98", "size": "3450"}, {"price": "0.97", "size": "5.87"}, {"price": "0.94", "size": "1500"}, {"price": "0.91", "size": "377.77"}, {"price": "0.9", "size": "7.21"}, {"price": "0.89", "size": "200"}, {"price": "0.88", "size": "125"}, {"price": "0.87", "size": "62"}, {"price": "0.8", "size": "350"}, {"price": "0.78", "size": "100"}, {"price": "0.75", "size": "8"}, {"price": "0.69", "size": "50"}, {"price": "0.63", "size": "10"}, {"price": "0.6", "size": "10"}, {"price": "0.59", "size": "31.7"}, {"price": "0.58", "size": "26.19"}, {"price": "0.51", "size": "325.35"}, {"price": "0.48", "size": "249.14"}], "event_type": "book", "last_trade_price": "0.520"}]}
{"_local_timestamp": "2026-01-25T23:40:37.105020+00:00", "data": {"market": "0x01677ae80095732d69ef484b859460b69d21714dd370b9e4f377469c35fac05d", "price_changes": [{"asset_id": "68739301635490954357204661162889053285360701620191509408384059255744322268568", "price": "0.33", "size": "66.66", "side": "BUY", "hash": "491c5256d71ed01e14c89bebe6e324dbdd2c8d78", "best_bid": "0.35", "best_ask": "0.48"}, {"asset_id": "48930008382267207749565142085327250707630266537480934495692610670232335488898", "price": "0.67", "size": "66.66", "side": "SELL", "hash": "028aaaa8572f89f1d1ccbae5dcc1b072516cde5a", "best_bid": "0.52", "best_ask": "0.65"}], "timestamp": "1769384437019", "event_type": "price_change"}}
{"_local_timestamp": "2026-01-25T23:40:37.979583+00:00", "data": {"market": "0x01677ae80095732d69ef484b859460b69d21714dd370b9e4f377469c35fac05d", "price_changes": [{"asset_id": "48930008382267207749565142085327250707630266537480934495692610670232335488898", "price": "0.8", "size": "0", "side": "SELL", "hash": "3dc89c2f1ba3ff2f95fecfe2a9c5f1f46ee121bf", "best_bid": "0.52", "best_ask": "0.65"}, {"asset_id": "68739301635490954357204661162889053285360701620191509408384059255744322268568", "price": "0.2", "size": "0", "side": "BUY", "hash": "69b91c526a621587cc623e8680ea92dd884d4055", "best_bid": "0.35", "best_ask": "0.48"}], "timestamp": "1769384437910", "event_type": "price_change"}}
{"_local_timestamp": "2026-01-25T23:40:38.059744+00:00", "data": {"market": "0x01677ae80095732d69ef484b859460b69d21714dd370b9e4f377469c35fac05d", "price_changes": [{"asset_id": "48930008382267207749565142085327250707630266537480934495692610670232335488898", "price": "0.66", "size": "14.66", "side": "SELL", "hash": "20014ffdd1056a37a7db10340c9ebd0ff4548f65", "best_bid": "0.52", "best_ask": "0.65"}, {"asset_id": "68739301635490954357204661162889053285360701620191509408384059255744322268568", "price": "0.34", "size": "14.66", "side": "BUY", "hash": "fdfd4751409876a2dda3b1e4e6b465303006047e", "best_bid": "0.35", "best_ask": "0.48"}], "timestamp": "1769384437987", "event_type": "price_change"}}
{"_local_timestamp": "2026-01-25T23:40:38.380679+00:00", "data": {"market": "0x01677ae80095732d69ef484b859460b69d21714dd370b9e4f377469c35fac05d", "price_changes": [{"asset_id": "68739301635490954357204661162889053285360701620191509408384059255744322268568", "price": "0.35", "size": "0", "side": "BUY", "hash": "4e1460b79b92be7f26aea970bc8bb3636e63fafb", "best_bid": "0.34", "best_ask": "0.48"}, {"asset_id": "48930008382267207749565142085327250707630266537480934495692610670232335488898", "price": "0.65", "size": "0", "side": "SELL", "hash": "d0088f63e1168dfbb5380d0f29b4cfa2d8ea9898", "best_bid": "0.52", "best_ask": "0.66"}], "timestamp": "1769384438310", "event_type": "price_change"}}
{"_local_timestamp": "2026-01-25T23:40:38.438206+00:00", "data": {"market": "0x01677ae80095732d69ef484b859460b69d21714dd370b9e4f377469c35fac05d", "price_changes": [{"asset_id": "48930008382267207749565142085327250707630266537480934495692610670232335488898", "price": "0.53", "size": "5.09", "side": "BUY", "hash": "93385d4caa0b3b45406450c1b6b844fe03bd61e2", "best_bid": "0.53", "best_ask": "0.66"}, {"asset_id": "68739301635490954357204661162889053285360701620191509408384059255744322268568", "price": "0.47", "size": "5.09", "side": "SELL", "hash": "0518cee3c25b6d3c9602620572724b6ee02d10c7", "best_bid": "0.34", "best_ask": "0.47"}], "timestamp": "1769384438369", "event_type": "price_change"}}
{"_local_timestamp": "2026-01-25T23:40:38.440038+00:00", "data": {"market": "0x01677ae80095732d69ef484b859460b69d21714dd370b9e4f377469c35fac05d", "price_changes": [{"asset_id": "68739301635490954357204661162889053285360701620191509408384059255744322268568", "price": "0.34", "size": "26.83", "side": "BUY", "hash": "78ede81dedd6f2e13bfa73f6305e746b62f83db7", "best_bid": "0.34", "best_ask": "0.47"}, {"asset_id": "48930008382267207749565142085327250707630266537480934495692610670232335488898", "price": "0.66", "size": "26.83", "side": "SELL", "hash": "609c524108daad57cfee59cf35c4c150d3bc24ec", "best_bid": "0.53", "best_ask": "0.66"}], "timestamp": "1769384438370", "event_type": "price_change"}}
{"_local_timestamp": "2026-01-25T23:40:38.441602+00:00", "data": {"market": "0x01677ae80095732d69ef484b859460b69d21714dd370b9e4f377469c35fac05d", "price_changes": [{"asset_id": "68739301635490954357204661162889053285360701620191509408384059255744322268568", "price": "0.32", "size": "8.5", "side": "BUY", "hash": "ffa6d4036c2cfdd0700fb49a6ee4e0d0147c3b55", "best_bid": "0.34", "best_ask": "0.47"}, {"asset_id": "48930008382267207749565142085327250707630266537480934495692610670232335488898", "price": "0.68", "size": "8.5", "side": "SELL", "hash": "19cd2d8bd37b2426ae11774887cda8be80295362", "best_bid": "0.53", "best_ask": "0.66"}], "timestamp": "1769384438370", "event_type": "price_change"}}
{"_local_timestamp": "2026-01-25T23:40:38.524468+00:00", "data": {"market": "0x01677ae80095732d69ef484b859460b69d21714dd370b9e4f377469c35fac05d", "price_changes": [{"asset_id": "68739301635490954357204661162889053285360701620191509408384059255744322268568", "price": "0.17", "size": "117.64", "side": "BUY", "hash": "92f79d3f3f3a854ea03a137e250f2321ab25c280", "best_bid": "0.34", "best_ask": "0.47"}, {"asset_id": "48930008382267207749565142085327250707630266537480934495692610670232335488898", "price": "0.83", "size": "117.64", "side": "SELL", "hash": "b9f47ab422872cc9be2db12b1cc002a0e1e31b01", "best_bid": "0.53", "best_ask": "0.66"}], "timestamp": "1769384438454", "event_type": "price_change"}}
{"_local_timestamp": "2026-01-25T23:40:38.560549+00:00", "data": {"market": "0x01677ae80095732d69ef484b859460b69d21714dd370b9e4f377469c35fac05d", "price_changes": [{"asset_id": "68739301635490954357204661162889053285360701620191509408384059255744322268568", "price": "0.15", "size": "160", "side": "BUY", "hash": "b133b8c97cb51f225c32e934f252fbe963de65b7", "best_bid": "0.34", "best_ask": "0.47"}, {"asset_id": "48930008382267207749565142085327250707630266537480934495692610670232335488898", "price": "0.85", "size": "160", "side": "SELL", "hash": "9d05b564e86c60087b9c7af353ac8aac6fec92fe", "best_bid": "0.53", "best_ask": "0.66"}], "timestamp": "1769384438496", "event_type": "price_change"}}
{"_local_timestamp": "2026-01-25T23:40:38.588563+00:00", "data": {"market": "0x01677ae80095732d69ef484b859460b69d21714dd370b9e4f377469c35fac05d", "price_changes": [{"asset_id": "68739301635490954357204661162889053285360701620191509408384059255744322268568", "price": "0.33", "size": "96.66", "side": "BUY", "hash": "34dc351350879d7924ce5e025f4cb8dc73429a6f", "best_bid": "0.34", "best_ask": "0.47"}, {"asset_id": "48930008382267207749565142085327250707630266537480934495692610670232335488898", "price": "0.67", "size": "96.66", "side": "SELL", "hash": "01aa3820fba0515925948e360719749050294d95", "best_bid": "0.53", "best_ask": "0.66"}], "timestamp": "1769384438523", "event_type": "price_change"}}
{"_local_timestamp": "2026-01-25T23:40:38.604612+00:00", "data": {"market": "0x01677ae80095732d69ef484b859460b69d21714dd370b9e4f377469c35fac05d", "price_changes": [{"asset_id": "68739301635490954357204661162889053285360701620191509408384059255744322268568", "price": "0.12", "size": "216.66", "side": "BUY", "hash": "8b592b269c7e3b0d51253301bdb17a00a71be109", "best_bid": "0.34", "best_ask": "0.47"}, {"asset_id": "48930008382267207749565142085327250707630266537480934495692610670232335488898", "price": "0.88", "size": "216.66", "side": "SELL", "hash": "23cddf672b1d34ebadf4492a2f83edb1962daae0", "best_bid": "0.53", "best_ask": "0.66"}], "timestamp": "1769384438541", "event_type": "price_change"}}
{"_local_timestamp": "2026-01-25T23:40:38.663372+00:00", "data": {"market": "0x01677ae80095732d69ef484b859460b69d21714dd370b9e4f377469c35fac05d", "price_changes": [{"asset_id": "68739301635490954357204661162889053285360701620191509408384059255744322268568", "price": "0.1", "size": "285.8", "side": "BUY", "hash": "87c43e2758fad7fb69a8b19b1df4422820d2402b", "best_bid": "0.34", "best_ask": "0.47"}, {"asset_id": "48930008382267207749565142085327250707630266537480934495692610670232335488898", "price": "0.9", "size": "285.8", "side": "SELL", "hash": "2a282ef544a9811afcd2ef2cef1910b2e7be8923", "best_bid": "0.53", "best_ask": "0.66"}], "timestamp": "1769384438587", "event_type": "price_change"}}
{"_local_timestamp": "2026-01-25T23:40:38.691487+00:00", "data": {"market": "0x01677ae80095732d69ef484b859460b69d21714dd370b9e4f377469c35fac05d", "price_changes": [{"asset_id": "68739301635490954357204661162889053285360701620191509408384059255744322268568", "price": "0.08", "size": "400", "side": "BUY", "hash": "197cd87f968c14d429d0408fdb1a3107e5fd2e8c", "best_bid": "0.34", "best_ask": "0.47"}, {"asset_id": "48930008382267207749565142085327250707630266537480934495692610670232335488898", "price": "0.92", "size": "400", "side": "SELL", "hash": "ad746bed71b9d2274f6d3f8e2c5debd9a8ba147e", "best_bid": "0.53", "best_ask": "0.66"}], "timestamp": "1769384438629", "event_type": "price_change"}}
{"_local_timestamp": "2026-01-25T23:40:38.701699+00:00", "data": {"market": "0x01677ae80095732d69ef484b859460b69d21714dd370b9e4f377469c35fac05d", "price_changes": [{"asset_id": "48930008382267207749565142085327250707630266537480934495692610670232335488898", "price": "0.66", "size": "12.17", "side": "SELL", "hash": "32997975a0234046974f532ea3dd44a2db5ef3c8", "best_bid": "0.53", "best_ask": "0.66"}, {"asset_id": "68739301635490954357204661162889053285360701620191509408384059255744322268568", "price": "0.34", "size": "12.17", "side": "BUY", "hash": "6236fbcc8409251fa644ae6d5dc05f42f7c9f8ae", "best_bid": "0.34", "best_ask": "0.47"}], "timestamp": "1769384438630", "event_type": "price_change"}}
{"_local_timestamp": "2026-01-25T23:40:38.770954+00:00", "data": {"market": "0x01677ae80095732d69ef484b859460b69d21714dd370b9e4f377469c35fac05d", "price_changes": [{"asset_id": "48930008382267207749565142085327250707630266537480934495692610670232335488898", "price": "0.8", "size": "14.66", "side": "SELL", "hash": "76cb401388556a99b2814908ffa34c7a7592b685", "best_bid": "0.53", "best_ask": "0.66"}, {"asset_id": "68739301635490954357204661162889053285360701620191509408384059255744322268568", "price": "0.2", "size": "14.66", "side": "BUY", "hash": "d2ffcbc28a6117ecc63e9553f061ea1e73790ad6", "best_bid": "0.34", "best_ask": "0.47"}], "timestamp": "1769384438697", "event_type": "price_change"}}
{"_local_timestamp": "2026-01-25T23:40:38.792603+00:00", "data": {"market": "0x01677ae80095732d69ef484b859460b69d21714dd370b9e4f377469c35fac05d", "price_changes": [{"asset_id": "68739301635490954357204661162889053285360701620191509408384059255744322268568", "price": "0.06", "size": "7033.32", "side": "BUY", "hash": "32db51cb5bc3e257c3314f54a128afc240df5269", "best_bid": "0.34", "best_ask": "0.47"}, {"asset_id": "48930008382267207749565142085327250707630266537480934495692610670232335488898", "price": "0.94", "size": "7033.32", "side": "SELL", "hash": "fe1be8509c7ceda6ded8aca5b74a8b44fb61133f", "best_bid": "0.53", "best_ask": "0.66"}], "timestamp": "1769384438728", "event_type": "price_change"}}
{"_local_timestamp": "2026-01-25T23:40:38.856265+00:00", "data": {"market": "0x01677ae80095732d69ef484b859460b69d21714dd370b9e4f377469c35fac05d", "price_changes": [{"asset_id": "68739301635490954357204661162889053285360701620191509408384059255744322268568", "price": "0.04", "size": "906.56", "side": "BUY", "hash": "616f32da05b4f39601491b9456cbe639f75b69a8", "best_bid": "0.34", "best_ask": "0.47"}, {"asset_id": "48930008382267207749565142085327250707630266537480934495692610670232335488898", "price": "0.96", "size": "906.56", "side": "SELL", "hash": "2a2a2963bce84ca897ba92dc154457ee3831bc34", "best_bid": "0.53", "best_ask": "0.66"}], "timestamp": "1769384438789", "event_type": "price_change"}}
{"_local_timestamp": "2026-01-25T23:40:39.597893+00:00", "data": {"market": "0x01677ae80095732d69ef484b859460b69d21714dd370b9e4f377469c35fac05d", "price_changes": [{"asset_id": "48930008382267207749565142085327250707630266537480934495692610670232335488898", "price": "0.8", "size": "0", "side": "SELL", "hash": "9e6644e1bf995356bbeb61c63f0f73e7653d7c70", "best_bid": "0.53", "best_ask": "0.66"}, {"asset_id": "68739301635490954357204661162889053285360701620191509408384059255744322268568", "price": "0.2", "size": "0", "side": "BUY", "hash": "2d4eabd87a8c35b43cef33396960f62218fd1eed", "best_bid": "0.34", "best_ask": "0.47"}], "timestamp": "1769384439535", "event_type": "price_change"}}
{"_local_timestamp": "2026-01-25T23:40:39.705683+00:00", "data": {"market": "0x01677ae80095732d69ef484b859460b69d21714dd370b9e4f377469c35fac05d", "price_changes": [{"asset_id": "48930008382267207749565142085327250707630266537480934495692610670232335488898", "price": "0.66", "size": "26.83", "side": "SELL", "hash": "c618daec0e56ea52b79d8cfc861b99865bb2f6ba", "best_bid": "0.53", "best_ask": "0.66"}, {"asset_id": "68739301635490954357204661162889053285360701620191509408384059255744322268568", "price": "0.34", "size": "26.83", "side": "BUY", "hash": "c5cf7829ec27e96d9a7d68d53bdcaf2f7b796cce", "best_bid": "0.34", "best_ask": "0.47"}], "timestamp": "1769384439641", "event_type": "price_change"}}
{"_local_timestamp": "2026-01-25T23:40:58.291001+00:00", "data": {"market": "0x01677ae80095732d69ef484b859460b69d21714dd370b9e4f377469c35fac05d", "price_changes": [{"asset_id": "68739301635490954357204661162889053285360701620191509408384059255744322268568", "price": "0.06", "size": "6633.32", "side": "BUY", "hash": "bc8fb0bb9a8c4104437c9bd510f43a53b0adfad9", "best_bid": "0.34", "best_ask": "0.47"}, {"asset_id": "48930008382267207749565142085327250707630266537480934495692610670232335488898", "price": "0.94", "size": "6633.32", "side": "SELL", "hash": "3ba04091136d0ba61caefb4ebca39bcc27e23940", "best_bid": "0.53", "best_ask": "0.66"}], "timestamp": "1769384457763", "event_type": "price_change"}}
{"_local_timestamp": "2026-01-25T23:41:43.575703+00:00", "data": {"market": "0x01677ae80095732d69ef484b859460b69d21714dd370b9e4f377469c35fac05d", "price_changes": [{"asset_id": "48930008382267207749565142085327250707630266537480934495692610670232335488898", "price": "0.53", "size": "76.78", "side": "BUY", "hash": "206912541fc47c9f6a93d6ae91e6c1d5802571b5", "best_bid": "0.53", "best_ask": "0.66"}, {"asset_id": "68739301635490954357204661162889053285360701620191509408384059255744322268568", "price": "0.47", "size": "76.78", "side": "SELL", "hash": "08c0547222723dfd83b8f30e3f99c462351b404b", "best_bid": "0.34", "best_ask": "0.47"}], "timestamp": "1769384503497", "event_type": "price_change"}}
{"_local_timestamp": "2026-01-25T23:41:50.969649+00:00", "data": {"market": "0x01677ae80095732d69ef484b859460b69d21714dd370b9e4f377469c35fac05d", "price_changes": [{"asset_id": "48930008382267207749565142085327250707630266537480934495692610670232335488898", "price": "0.22", "size": "0", "side": "BUY", "hash": "e95f20365426e4b8bec46b01a7ff3f101c1af7b8", "best_bid": "0.53", "best_ask": "0.66"}, {"asset_id": "68739301635490954357204661162889053285360701620191509408384059255744322268568", "price": "0.78", "size": "0", "side": "SELL", "hash": "0d945e56c7806349e36e784a3d0ee3e5255fd28d", "best_bid": "0.34", "best_ask": "0.47"}], "timestamp": "1769384510772", "event_type": "price_change"}}
{"_local_timestamp": "2026-01-25T23:41:50.971754+00:00", "data": {"market": "0x01677ae80095732d69ef484b859460b69d21714dd370b9e4f377469c35fac05d", "price_changes": [{"asset_id": "48930008382267207749565142085327250707630266537480934495692610670232335488898", "price": "0.11", "size": "0", "side": "BUY", "hash": "e95f20365426e4b8bec46b01a7ff3f101c1af7b8", "best_bid": "0.53", "best_ask": "0.66"}, {"asset_id": "68739301635490954357204661162889053285360701620191509408384059255744322268568", "price": "0.89", "size": "0", "side": "SELL", "hash": "0d945e56c7806349e36e784a3d0ee3e5255fd28d", "best_bid": "0.34", "best_ask": "0.47"}], "timestamp": "1769384510772", "event_type": "price_change"}}
{"_local_timestamp": "2026-01-25T23:41:52.903214+00:00", "data": {"market": "0x01677ae80095732d69ef484b859460b69d21714dd370b9e4f377469c35fac05d", "price_changes": [{"asset_id": "48930008382267207749565142085327250707630266537480934495692610670232335488898", "price": "0.21", "size": "100", "side": "BUY", "hash": "a8fb97d518eae84f523384bb1bb7cce753e026c0", "best_bid": "0.53", "best_ask": "0.66"}, {"asset_id": "68739301635490954357204661162889053285360701620191509408384059255744322268568", "price": "0.79", "size": "100", "side": "SELL", "hash": "f8922af164a6ae048b3260571e5075b90b7d7711", "best_bid": "0.34", "best_ask": "0.47"}], "timestamp": "1769384511845", "event_type": "price_change"}}
{"_local_timestamp": "2026-01-25T23:41:53.019277+00:00", "data": {"market": "0x01677ae80095732d69ef484b859460b69d21714dd370b9e4f377469c35fac05d", "price_changes": [{"asset_id": "48930008382267207749565142085327250707630266537480934495692610670232335488898", "price": "0.12", "size": "325", "side": "BUY", "hash": "4cbc5658249c519ca8b0333664ee97b69718bbd4", "best_bid": "0.53", "best_ask": "0.66"}, {"asset_id": "68739301635490954357204661162889053285360701620191509408384059255744322268568", "price": "0.88", "size": "325", "side": "SELL", "hash": "6704637316bd95c0296172f885a51f74334b34e6", "best_bid": "0.34", "best_ask": "0.47"}], "timestamp": "1769384512679", "event_type": "price_change"}}
{"_local_timestamp": "2026-01-25T23:42:13.709384+00:00", "data": {"market": "0x01677ae80095732d69ef484b859460b69d21714dd370b9e4f377469c35fac05d", "price_changes": [{"asset_id": "48930008382267207749565142085327250707630266537480934495692610670232335488898", "price": "0.53", "size": "5.09", "side": "BUY", "hash": "7108dc8708c5933f0da363cebae14f961b8f386c", "best_bid": "0.53", "best_ask": "0.66"}, {"asset_id": "68739301635490954357204661162889053285360701620191509408384059255744322268568", "price": "0.47", "size": "5.09", "side": "SELL", "hash": "ed4bad731fc307cc9c815a6be52bbf3608ca1ddf", "best_bid": "0.34", "best_ask": "0.47"}], "timestamp": "1769384533640", "event_type": "price_change"}}
{"_local_timestamp": "2026-01-25T23:42:24.709044+00:00", "data": {"market": "0x01677ae80095732d69ef484b859460b69d21714dd370b9e4f377469c35fac05d", "price_changes": [{"asset_id": "48930008382267207749565142085327250707630266537480934495692610670232335488898", "price": "0.12", "size": "200", "side": "BUY", "hash": "794970f023723bcca3c3fc32ebf9ebecfee8783b", "best_bid": "0.53", "best_ask": "0.66"}, {"asset_id": "68739301635490954357204661162889053285360701620191509408384059255744322268568", "price": "0.88", "size": "200", "side": "SELL", "hash": "eafbb5dc946a797e089adf5e713c8259fafa8abd", "best_bid": "0.34", "best_ask": "0.47"}], "timestamp": "1769384544492", "event_type": "price_change"}}
{"_local_timestamp": "2026-01-25T23:42:25.124508+00:00", "data": {"market": "0x01677ae80095732d69ef484b859460b69d21714dd370b9e4f377469c35fac05d", "price_changes": [{"asset_id": "48930008382267207749565142085327250707630266537480934495692610670232335488898", "price": "0.11", "size": "125", "side": "BUY", "hash": "2db5caae5dc369d3f911257acf3b2083951e2d2a", "best_bid": "0.53", "best_ask": "0.66"}, {"asset_id": "68739301635490954357204661162889053285360701620191509408384059255744322268568", "price": "0.89", "size": "125", "side": "SELL", "hash": "f87a792eaf4f3d0b86d0b8b6acac345d8474ee3c", "best_bid": "0.34", "best_ask": "0.47"}], "timestamp": "1769384544935", "event_type": "price_change"}}
{"_local_timestamp": "2026-01-25T23:42:27.580295+00:00", "data": {"market": "0x01677ae80095732d69ef484b859460b69d21714dd370b9e4f377469c35fac05d", "price_changes": [{"asset_id": "68739301635490954357204661162889053285360701620191509408384059255744322268568", "price": "0.33", "size": "30", "side": "BUY", "hash": "cb7c49894afc703b1cb2fab1d031df17d5726fb9", "best_bid": "0.34", "best_ask": "0.47"}, {"asset_id": "48930008382267207749565142085327250707630266537480934495692610670232335488898", "price": "0.67", "size": "30", "side": "SELL", "hash": "0dcaf3f5583d93f7a155a44139f3789a70a184a8", "best_bid": "0.53", "best_ask": "0.66"}], "timestamp": "1769384547469", "event_type": "price_change"}}
{"_local_timestamp": "2026-01-25T23:42:27.582103+00:00", "data": {"market": "0x01677ae80095732d69ef484b859460b69d21714dd370b9e4f377469c35fac05d", "price_changes": [{"asset_id": "68739301635490954357204661162889053285360701620191509408384059255744322268568", "price": "0.06", "size": "6566.66", "side": "BUY", "hash": "cb7c49894afc703b1cb2fab1d031df17d5726fb9", "best_bid": "0.34", "best_ask": "0.47"}, {"asset_id": "48930008382267207749565142085327250707630266537480934495692610670232335488898", "price": "0.94", "size": "6566.66", "side": "SELL", "hash": "0dcaf3f5583d93f7a155a44139f3789a70a184a8", "best_bid": "0.53", "best_ask": "0.66"}], "timestamp": "1769384547469", "event_type": "price_change"}}
{"_local_timestamp": "2026-01-25T23:42:27.583743+00:00", "data": {"market": "0x01677ae80095732d69ef484b859460b69d21714dd370b9e4f377469c35fac05d", "price_changes": [{"asset_id": "68739301635490954357204661162889053285360701620191509408384059255744322268568", "price": "0.19", "size": "0", "side": "BUY", "hash": "cb7c49894afc703b1cb2fab1d031df17d5726fb9", "best_bid": "0.34", "best_ask": "0.47"}, {"asset_id": "48930008382267207749565142085327250707630266537480934495692610670232335488898", "price": "0.81", "size": "0", "side": "SELL", "hash": "0dcaf3f5583d93f7a155a44139f3789a70a184a8", "best_bid": "0.53", "best_ask": "0.66"}], "timestamp": "1769384547469", "event_type": "price_change"}}
{"_local_timestamp": "2026-01-25T23:42:27.870115+00:00", "data": {"market": "0x01677ae80095732d69ef484b859460b69d21714dd370b9e4f377469c35fac05d", "price_changes": [{"asset_id": "68739301635490954357204661162889053285360701620191509408384059255744322268568", "price": "0.33", "size": "0", "side": "BUY", "hash": "6f83022fa0021546a114b7b655466d23eca0ecef", "best_bid": "0.34", "best_ask": "0.47"}, {"asset_id": "48930008382267207749565142085327250707630266537480934495692610670232335488898", "price": "0.67", "size": "0", "side": "SELL", "hash": "91e28c63a775caeb91c7e0c7a498d41ff2b93f2f", "best_bid": "0.53", "best_ask": "0.66"}], "timestamp": "1769384547758", "event_type": "price_change"}}
{"_local_timestamp": "2026-01-25T23:42:27.982046+00:00", "data": {"market": "0x01677ae80095732d69ef484b859460b69d21714dd370b9e4f377469c35fac05d", "price_changes": [{"asset_id": "68739301635490954357204661162889053285360701620191509408384059255744322268568", "price": "0.25", "size": "100", "side": "BUY", "hash": "9ec66a955652ecee5c9a4c6e9aedfe6ee90dee8e", "best_bid": "0.34", "best_ask": "0.47"}, {"asset_id": "48930008382267207749565142085327250707630266537480934495692610670232335488898", "price": "0.75", "size": "100", "side": "SELL", "hash": "dd5f4059abd88d18000519709e741404f0a9fd2b", "best_bid": "0.53", "best_ask": "0.66"}], "timestamp": "1769384547877", "event_type": "price_change"}}
{"_local_timestamp": "2026-01-25T23:42:28.146700+00:00", "data": {"market": "0x01677ae80095732d69ef484b859460b69d21714dd370b9e4f377469c35fac05d", "price_changes": [{"asset_id": "68739301635490954357204661162889053285360701620191509408384059255744322268568", "price": "0.16", "size": "200", "side": "BUY", "hash": "b0f163d11d61ca5fa4e0af6e47dfdb0a144c7e01", "best_bid": "0.34", "best_ask": "0.47"}, {"asset_id": "48930008382267207749565142085327250707630266537480934495692610670232335488898", "price": "0.84", "size": "200", "side": "SELL", "hash": "68412e87f30ef5565c4dcd175af881e00431f868", "best_bid": "0.53", "best_ask": "0.66"}], "timestamp": "1769384548031", "event_type": "price_change"}}
{"_local_timestamp": "2026-01-25T23:42:28.289500+00:00", "data": {"market": "0x01677ae80095732d69ef484b859460b69d21714dd370b9e4f377469c35fac05d", "price_changes": [{"asset_id": "68739301635490954357204661162889053285360701620191509408384059255744322268568", "price": "0.17", "size": "147.64", "side": "BUY", "hash": "d4251064b6069ff3cac53b872bb190d982f2e560", "best_bid": "0.34", "best_ask": "0.47"}, {"asset_id": "48930008382267207749565142085327250707630266537480934495692610670232335488898", "price": "0.83", "size": "147.64", "side": "SELL", "hash": "a3d2aa28c2d2f65927965fca3a4d27d521059620", "best_bid": "0.53", "best_ask": "0.66"}], "timestamp": "1769384548197", "event_type": "price_change"}}
{"_local_timestamp": "2026-01-25T23:42:29.493368+00:00", "data": {"market": "0x01677ae80095732d69ef484b859460b69d21714dd370b9e4f377469c35fac05d", "price_changes": [{"asset_id": "48930008382267207749565142085327250707630266537480934495692610670232335488898", "price": "0.66", "size": "12.17", "side": "SELL", "hash": "0ba8a895255c0d9bc8348903a04a924833cca947", "best_bid": "0.53", "best_ask": "0.66"}, {"asset_id": "68739301635490954357204661162889053285360701620191509408384059255744322268568", "price": "0.34", "size": "12.17", "side": "BUY", "hash": "664a61e13b3379fec100c9f70b01922bedbb0825", "best_bid": "0.34", "best_ask": "0.47"}], "timestamp": "1769384549391", "event_type": "price_change"}}
{"_local_timestamp": "2026-01-25T23:42:29.566082+00:00", "data": {"market": "0x01677ae80095732d69ef484b859460b69d21714dd370b9e4f377469c35fac05d", "price_changes": [{"asset_id": "48930008382267207749565142085327250707630266537480934495692610670232335488898", "price": "0.74", "size": "64.66", "side": "SELL", "hash": "2d07b7a76a18b794aba59705eccdb66d0496fb84", "best_bid": "0.53", "best_ask": "0.66"}, {"asset_id": "68739301635490954357204661162889053285360701620191509408384059255744322268568", "price": "0.26", "size": "64.66", "side": "BUY", "hash": "226760d3a84ece3220800d2eaa1cf01fe0dea828", "best_bid": "0.34", "best_ask": "0.47"}], "timestamp": "1769384549473", "event_type": "price_change"}}
{"_local_timestamp": "2026-01-25T23:42:31.270313+00:00", "data": {"market": "0x01677ae80095732d69ef484b859460b69d21714dd370b9e4f377469c35fac05d", "price_changes": [{"asset_id": "68739301635490954357204661162889053285360701620191509408384059255744322268568", "price": "0.17", "size": "117.64", "side": "BUY", "hash": "c224577aca75ed2dbafaa7b7449771506f776050", "best_bid": "0.34", "best_ask": "0.47"}, {"asset_id": "48930008382267207749565142085327250707630266537480934495692610670232335488898", "price": "0.83", "size": "117.64", "side": "SELL", "hash": "75eb62c365a320f78c581a68641779dfadafa4c4", "best_bid": "0.53", "best_ask": "0.66"}], "timestamp": "1769384551172", "event_type": "price_change"}}
{"_local_timestamp": "2026-01-25T23:42:37.917835+00:00", "data": {"market": "0x01677ae80095732d69ef484b859460b69d21714dd370b9e4f377469c35fac05d", "price_changes": [{"asset_id": "68739301635490954357204661162889053285360701620191509408384059255744322268568", "price": "0.34", "size": "0", "side": "BUY", "hash": "641df3a20c6af1a791bb9c43af712bf5dce9c6e4", "best_bid": "0.32", "best_ask": "0.47"}, {"asset_id": "48930008382267207749565142085327250707630266537480934495692610670232335488898", "price": "0.66", "size": "0", "side": "SELL", "hash": "7cc6f3884c8b507e65dce77096ed2b2917fcca22", "best_bid": "0.53", "best_ask": "0.68"}], "timestamp": "1769384557798", "event_type": "price_change"}}
{"_local_timestamp": "2026-01-25T23:42:37.949303+00:00", "data": {"market": "0x01677ae80095732d69ef484b859460b69d21714dd370b9e4f377469c35fac05d", "price_changes": [{"asset_id": "68739301635490954357204661162889053285360701620191509408384059255744322268568", "price": "0.32", "size": "20.67", "side": "BUY", "hash": "a8e766cfc72be445e167c7f7cdfe956824192b12", "best_bid": "0.32", "best_ask": "0.47"}, {"asset_id": "48930008382267207749565142085327250707630266537480934495692610670232335488898", "price": "0.68", "size": "20.67", "side": "SELL", "hash": "cbb9e3689cfa0800894f9fbb57112602ba7fdaf4", "best_bid": "0.53", "best_ask": "0.68"}], "timestamp": "1769384557833", "event_type": "price_change"}}
{"_local_timestamp": "2026-01-25T23:42:40.142022+00:00", "data": {"market": "0x01677ae80095732d69ef484b859460b69d21714dd370b9e4f377469c35fac05d", "price_changes": [{"asset_id": "68739301635490954357204661162889053285360701620191509408384059255744322268568", "price": "0.01", "size": "511020.04", "side": "BUY", "hash": "ff82facf5dfa6cc3c6ea65fbdb714c5a2fc13ce0", "best_bid": "0.32", "best_ask": "0.47"}, {"asset_id": "48930008382267207749565142085327250707630266537480934495692610670232335488898", "price": "0.99", "size": "511020.04", "side": "SELL", "hash": "f5f064e1c3535d366cc266790cd595bb0f8742f1", "best_bid": "0.53", "best_ask": "0.68"}], "timestamp": "1769384559937", "event_type": "price_change"}}
{"_local_timestamp": "2026-01-25T23:42:41.315719+00:00", "data": {"market": "0x01677ae80095732d69ef484b859460b69d21714dd370b9e4f377469c35fac05d", "price_changes": [{"asset_id": "68739301635490954357204661162889053285360701620191509408384059255744322268568", "price": "0.32", "size": "8.5", "side": "BUY", "hash": "2c17d19fc939c975da818693f60e0b5bc12c29da", "best_bid": "0.32", "best_ask": "0.47"}, {"asset_id": "48930008382267207749565142085327250707630266537480934495692610670232335488898", "price": "0.68", "size": "8.5", "side": "SELL", "hash": "fa624f5d78988571f865cc0938eb86fc3a40c5a2", "best_bid": "0.53", "best_ask": "0.68"}], "timestamp": "1769384561192", "event_type": "price_change"}}
{"_local_timestamp": "2026-01-25T23:42:41.344846+00:00", "data": {"market": "0x01677ae80095732d69ef484b859460b69d21714dd370b9e4f377469c35fac05d", "price_changes": [{"asset_id": "68739301635490954357204661162889053285360701620191509408384059255744322268568", "price": "0.35", "size": "12.17", "side": "BUY", "hash": "28fb7487383e8a4376371463897492038e23722e", "best_bid": "0.35", "best_ask": "0.47"}, {"asset_id": "48930008382267207749565142085327250707630266537480934495692610670232335488898", "price": "0.65", "size": "12.17", "side": "SELL", "hash": "86315c8d55526193a3d47fdde1a13cc0034c12c2", "best_bid": "0.53", "best_ask": "0.65"}], "timestamp": "1769384561229", "event_type": "price_change"}}
{"_local_timestamp": "2026-01-25T23:42:48.065399+00:00", "data": {"market": "0x01677ae80095732d69ef484b859460b69d21714dd370b9e4f377469c35fac05d", "price_changes": [{"asset_id": "68739301635490954357204661162889053285360701620191509408384059255744322268568", "price": "0.35", "size": "0", "side": "BUY", "hash": "0c72c25038ddf8a3a541725a0bec4c4693b834a1", "best_bid": "0.32", "best_ask": "0.47"}, {"asset_id": "48930008382267207749565142085327250707630266537480934495692610670232335488898", "price": "0.65", "size": "0", "side": "SELL", "hash": "e526e4ec203b04af1204cf22842f3f66f3c0e666", "best_bid": "0.53", "best_ask": "0.68"}], "timestamp": "1769384567943", "event_type": "price_change"}}
{"_local_timestamp": "2026-01-25T23:42:48.105583+00:00", "data": {"market": "0x01677ae80095732d69ef484b859460b69d21714dd370b9e4f377469c35fac05d", "price_changes": [{"asset_id": "68739301635490954357204661162889053285360701620191509408384059255744322268568", "price": "0.32", "size": "20.67", "side": "BUY", "hash": "1a00da762298be99c58155b35c472619cd7a3461", "best_bid": "0.32", "best_ask": "0.47"}, {"asset_id": "48930008382267207749565142085327250707630266537480934495692610670232335488898", "price": "0.68", "size": "20.67", "side": "SELL", "hash": "10f17865d13b0e3293ddf19b009c6916156fe4e3", "best_bid": "0.53", "best_ask": "0.68"}], "timestamp": "1769384567982", "event_type": "price_change"}}
{"_local_timestamp": "2026-01-25T23:42:49.091907+00:00", "data": {"market": "0x01677ae80095732d69ef484b859460b69d21714dd370b9e4f377469c35fac05d", "price_changes": [{"asset_id": "68739301635490954357204661162889053285360701620191509408384059255744322268568", "price": "0.03", "size": "9810", "side": "BUY", "hash": "37e00b2947dd79e5b914fedcbe054d981f32b7e4", "best_bid": "0.32", "best_ask": "0.47"}, {"asset_id": "48930008382267207749565142085327250707630266537480934495692610670232335488898", "price": "0.97", "size": "9810", "side": "SELL", "hash": "7619169623c516003e7b53f99ff830d62088855f", "best_bid": "0.53", "best_ask": "0.68"}], "timestamp": "1769384568971", "event_type": "price_change"}}
{"_local_timestamp": "2026-01-25T23:42:49.094117+00:00", "data": {"market": "0x01677ae80095732d69ef484b859460b69d21714dd370b9e4f377469c35fac05d", "price_changes": [{"asset_id": "68739301635490954357204661162889053285360701620191509408384059255744322268568", "price": "0.01", "size": "513020.04", "side": "BUY", "hash": "60cc7fb70aa82c5b8936e8a14eaf7b86a36ecec4", "best_bid": "0.32", "best_ask": "0.47"}, {"asset_id": "48930008382267207749565142085327250707630266537480934495692610670232335488898", "price": "0.99", "size": "513020.04", "side": "SELL", "hash": "7b2d0f04985fdabb6e5c6b40174b32f67c8c083e", "best_bid": "0.53", "best_ask": "0.68"}], "timestamp": "1769384568972", "event_type": "price_change"}}
{"_local_timestamp": "2026-01-25T23:42:50.269298+00:00", "data": {"market": "0x01677ae80095732d69ef484b859460b69d21714dd370b9e4f377469c35fac05d", "price_changes": [{"asset_id": "48930008382267207749565142085327250707630266537480934495692610670232335488898", "price": "0.1", "size": "0", "side": "BUY", "hash": "bdfe086ea43b65aa44be1f95a1a86e7d5b7972d4", "best_bid": "0.53", "best_ask": "0.68"}, {"asset_id": "68739301635490954357204661162889053285360701620191509408384059255744322268568", "price": "0.9", "size": "0", "side": "SELL", "hash": "f3e80a0edddafcb0675a57713da09ae9230e1ff2", "best_bid": "0.32", "best_ask": "0.47"}], "timestamp": "1769384570170", "event_type": "price_change"}}
{"_local_timestamp": "2026-01-25T23:42:50.833843+00:00", "data": {"market": "0x01677ae80095732d69ef484b859460b69d21714dd370b9e4f377469c35fac05d", "price_changes": [{"asset_id": "68739301635490954357204661162889053285360701620191509408384059255744322268568", "price": "0.32", "size": "8.5", "side": "BUY", "hash": "723952575ab117a100c1c5205cf6db8337e17f2b", "best_bid": "0.32", "best_ask": "0.47"}, {"asset_id": "48930008382267207749565142085327250707630266537480934495692610670232335488898", "price": "0.68", "size": "8.5", "side": "SELL", "hash": "4d3bef48ac22e15f7a63b52bc52bb1f4b063e9f0", "best_bid": "0.53", "best_ask": "0.68"}], "timestamp": "1769384570736", "event_type": "price_change"}}
{"_local_timestamp": "2026-01-25T23:42:50.871301+00:00", "data": {"market": "0x01677ae80095732d69ef484b859460b69d21714dd370b9e4f377469c35fac05d", "price_changes": [{"asset_id": "68739301635490954357204661162889053285360701620191509408384059255744322268568", "price": "0.36", "size": "12.17", "side": "BUY", "hash": "96f1891e17f5070a862fbb8cb64a9b966efc7e79", "best_bid": "0.36", "best_ask": "0.47"}, {"asset_id": "48930008382267207749565142085327250707630266537480934495692610670232335488898", "price": "0.64", "size": "12.17", "side": "SELL", "hash": "c92c79f07c936eb0e685fb373c27b106ba184cc2", "best_bid": "0.53", "best_ask": "0.64"}], "timestamp": "1769384570771", "event_type": "price_change"}}
{"_local_timestamp": "2026-01-25T23:42:51.407795+00:00", "data": {"market": "0x01677ae80095732d69ef484b859460b69d21714dd370b9e4f377469c35fac05d", "price_changes": [{"asset_id": "48930008382267207749565142085327250707630266537480934495692610670232335488898", "price": "0.1", "size": "7.21", "side": "BUY", "hash": "427c9b4bb4a5fe87c3da1bb273559a4f66bddfbf", "best_bid": "0.53", "best_ask": "0.64"}, {"asset_id": "68739301635490954357204661162889053285360701620191509408384059255744322268568", "price": "0.9", "size": "7.21", "side": "SELL", "hash": "6a439a9052a66650586c13137621aa2674bc0af3", "best_bid": "0.36", "best_ask": "0.47"}], "timestamp": "1769384571315", "event_type": "price_change"}}
{"_local_timestamp": "2026-01-25T23:42:53.441597+00:00", "data": {"market": "0x01677ae80095732d69ef484b859460b69d21714dd370b9e4f377469c35fac05d", "price_changes": [{"asset_id": "68739301635490954357204661162889053285360701620191509408384059255744322268568", "price": "0.36", "size": "0", "side": "BUY", "hash": "4a416a4dcd33c61ed8a0c163cd088abe79d6f848", "best_bid": "0.32", "best_ask": "0.47"}, {"asset_id": "48930008382267207749565142085327250707630266537480934495692610670232335488898", "price": "0.64", "size": "0", "side": "SELL", "hash": "439719b6fe43d8d4f5aaf4479b2a412b5a2b2c91", "best_bid": "0.53", "best_ask": "0.68"}], "timestamp": "1769384573351", "event_type": "price_change"}}
{"_local_timestamp": "2026-01-25T23:42:53.483127+00:00", "data": {"market": "0x01677ae80095732d69ef484b859460b69d21714dd370b9e4f377469c35fac05d", "price_changes": [{"asset_id": "68739301635490954357204661162889053285360701620191509408384059255744322268568", "price": "0.32", "size": "20.67", "side": "BUY", "hash": "e003104265b8bd22c2feebac1ca610cc1f359746", "best_bid": "0.32", "best_ask": "0.47"}, {"asset_id": "48930008382267207749565142085327250707630266537480934495692610670232335488898", "price": "0.68", "size": "20.67", "side": "SELL", "hash": "7cdbe53a709660efacb29905d4e8a29b83deeb86", "best_bid": "0.53", "best_ask": "0.68"}], "timestamp": "1769384573386", "event_type": "price_change"}}
{"_local_timestamp": "2026-01-25T23:42:55.661614+00:00", "data": {"market": "0x01677ae80095732d69ef484b859460b69d21714dd370b9e4f377469c35fac05d", "price_changes": [{"asset_id": "68739301635490954357204661162889053285360701620191509408384059255744322268568", "price": "0.32", "size": "8.5", "side": "BUY", "hash": "17caedaf06d9ebab9a896735b86c5041a98c8a4f", "best_bid": "0.32", "best_ask": "0.47"}, {"asset_id": "48930008382267207749565142085327250707630266537480934495692610670232335488898", "price": "0.68", "size": "8.5", "side": "SELL", "hash": "24caf9c3e43ea6c83cab18eafc4ac8eaf5243c9f", "best_bid": "0.53", "best_ask": "0.68"}], "timestamp": "1769384575548", "event_type": "price_change"}}
{"_local_timestamp": "2026-01-25T23:42:55.675276+00:00", "data": {"market": "0x01677ae80095732d69ef484b859460b69d21714dd370b9e4f377469c35fac05d", "price_changes": [{"asset_id": "68739301635490954357204661162889053285360701620191509408384059255744322268568", "price": "0.37", "size": "12.17", "side": "BUY", "hash": "96cbb2391e6cebcdc736e208e9d5db4258a636c6", "best_bid": "0.37", "best_ask": "0.47"}, {"asset_id": "48930008382267207749565142085327250707630266537480934495692610670232335488898", "price": "0.63", "size": "12.17", "side": "SELL", "hash": "10008ea52bd7897aa1ef9a5affdea17d4feada19", "best_bid": "0.53", "best_ask": "0.63"}], "timestamp": "1769384575582", "event_type": "price_change"}}
{"_local_timestamp": "2026-01-25T23:42:55.720795+00:00", "data": {"market": "0x01677ae80095732d69ef484b859460b69d21714dd370b9e4f377469c35fac05d", "price_changes": [{"asset_id": "48930008382267207749565142085327250707630266537480934495692610670232335488898", "price": "0.06", "size": "900", "side": "BUY", "hash": "fbb9fbd86e28f028da780a3016105af2f8a78c85", "best_bid": "0.53", "best_ask": "0.63"}, {"asset_id": "68739301635490954357204661162889053285360701620191509408384059255744322268568", "price": "0.94", "size": "900", "side": "SELL", "hash": "790d47f8869e418730bd010cda8d30864a2bdca2", "best_bid": "0.37", "best_ask": "0.47"}], "timestamp": "1769384575624", "event_type": "price_change"}}
{"_local_timestamp": "2026-01-25T23:42:55.722504+00:00", "data": {"market": "0x01677ae80095732d69ef484b859460b69d21714dd370b9e4f377469c35fac05d", "price_changes": [{"asset_id": "48930008382267207749565142085327250707630266537480934495692610670232335488898", "price": "0.09", "size": "0", "side": "BUY", "hash": "fbb9fbd86e28f028da780a3016105af2f8a78c85", "best_bid": "0.53", "best_ask": "0.63"}, {"asset_id": "68739301635490954357204661162889053285360701620191509408384059255744322268568", "price": "0.91", "size": "0", "side": "SELL", "hash": "790d47f8869e418730bd010cda8d30864a2bdca2", "best_bid": "0.37", "best_ask": "0.47"}], "timestamp": "1769384575624", "event_type": "price_change"}}
{"_local_timestamp": "2026-01-25T23:42:55.763776+00:00", "data": {"market": "0x01677ae80095732d69ef484b859460b69d21714dd370b9e4f377469c35fac05d", "price_changes": [{"asset_id": "48930008382267207749565142085327250707630266537480934495692610670232335488898", "price": "0.25", "size": "88", "side": "BUY", "hash": "67d3520e6d05fe21b18cafa8963e61f4d67f39a4", "best_bid": "0.53", "best_ask": "0.63"}, {"asset_id": "68739301635490954357204661162889053285360701620191509408384059255744322268568", "price": "0.75", "size": "88", "side": "SELL", "hash": "f7dc6551bce7dbfda9f78f76a36e18f1bb2cc44e", "best_bid": "0.37", "best_ask": "0.47"}], "timestamp": "1769384575670", "event_type": "price_change"}}
{"_local_timestamp": "2026-01-25T23:42:55.809393+00:00", "data": {"market": "0x01677ae80095732d69ef484b859460b69d21714dd370b9e4f377469c35fac05d", "price_changes": [{"asset_id": "48930008382267207749565142085327250707630266537480934495692610670232335488898", "price": "0.22", "size": "109.09", "side": "BUY", "hash": "ccda66d9e6d77bcda484dedacf34e6da09e5e1ea", "best_bid": "0.53", "best_ask": "0.63"}, {"asset_id": "68739301635490954357204661162889053285360701620191509408384059255744322268568", "price": "0.78", "size": "109.09", "side": "SELL", "hash": "e462523437bfb55dda9468f3a9a35fe35cbab68f", "best_bid": "0.37", "best_ask": "0.47"}], "timestamp": "1769384575714", "event_type": "price_change"}}
{"_local_timestamp": "2026-01-25T23:42:55.856568+00:00", "data": {"market": "0x01677ae80095732d69ef484b859460b69d21714dd370b9e4f377469c35fac05d", "price_changes": [{"asset_id": "48930008382267207749565142085327250707630266537480934495692610670232335488898", "price": "0.19", "size": "136.84", "side": "BUY", "hash": "f8bbfe3f972629d6822f44904fcb37e50353a791", "best_bid": "0.53", "best_ask": "0.63"}, {"asset_id": "68739301635490954357204661162889053285360701620191509408384059255744322268568", "price": "0.81", "size": "136.84", "side": "SELL", "hash": "17ab38c599f293a0490d09081e76113398a8b974", "best_bid": "0.37", "best_ask": "0.47"}], "timestamp": "1769384575766", "event_type": "price_change"}}
{"_local_timestamp": "2026-01-25T23:42:55.902834+00:00", "data": {"market": "0x01677ae80095732d69ef484b859460b69d21714dd370b9e4f377469c35fac05d", "price_changes": [{"asset_id": "48930008382267207749565142085327250707630266537480934495692610670232335488898", "price": "0.16", "size": "175", "side": "BUY", "hash": "034b975c1f07285cb7e5ad27e335eadb4f2ed68e", "best_bid": "0.53", "best_ask": "0.63"}, {"asset_id": "68739301635490954357204661162889053285360701620191509408384059255744322268568", "price": "0.84", "size": "175", "side": "SELL", "hash": "8439c165f28aef95c033a89cc8038b4bb587af53", "best_bid": "0.37", "best_ask": "0.47"}], "timestamp": "1769384575812", "event_type": "price_change"}}
{"_local_timestamp": "2026-01-25T23:42:55.942569+00:00", "data": {"market": "0x01677ae80095732d69ef484b859460b69d21714dd370b9e4f377469c35fac05d", "price_changes": [{"asset_id": "48930008382267207749565142085327250707630266537480934495692610670232335488898", "price": "0.13", "size": "308.15", "side": "BUY", "hash": "b69f8f4f40781af5df5f5e27a4bc8543be34694e", "best_bid": "0.53", "best_ask": "0.63"}, {"asset_id": "68739301635490954357204661162889053285360701620191509408384059255744322268568", "price": "0.87", "size": "308.15", "side": "SELL", "hash": "3910a5e16a8bf8d28fcc570167cbb81b41486711", "best_bid": "0.37", "best_ask": "0.47"}], "timestamp": "1769384575855", "event_type": "price_change"}}
{"_local_timestamp": "2026-01-25T23:42:55.983044+00:00", "data": {"market": "0x01677ae80095732d69ef484b859460b69d21714dd370b9e4f377469c35fac05d", "price_changes": [{"asset_id": "48930008382267207749565142085327250707630266537480934495692610670232335488898", "price": "0.09", "size": "377.77", "side": "BUY", "hash": "4917d192c67c3b723b9f552214fa07771297e25e", "best_bid": "0.53", "best_ask": "0.63"}, {"asset_id": "68739301635490954357204661162889053285360701620191509408384059255744322268568", "price": "0.91", "size": "377.77", "side": "SELL", "hash": "f8dfc5666dd811166497a99c5b8b43bf49ed843d", "best_bid": "0.37", "best_ask": "0.47"}], "timestamp": "1769384575895", "event_type": "price_change"}}
{"_local_timestamp": "2026-01-25T23:42:56.039164+00:00", "data": {"market": "0x01677ae80095732d69ef484b859460b69d21714dd370b9e4f377469c35fac05d", "price_changes": [{"asset_id": "48930008382267207749565142085327250707630266537480934495692610670232335488898", "price": "0.06", "size": "1500", "side": "BUY", "hash": "a59d430a4a7b0aa6587cbed2e3559ce843c0b2ed", "best_bid": "0.53", "best_ask": "0.63"}, {"asset_id": "68739301635490954357204661162889053285360701620191509408384059255744322268568", "price": "0.94", "size": "1500", "side": "SELL", "hash": "1319bb735a746d205351ce7c2dfd612330e816e0", "best_bid": "0.37", "best_ask": "0.47"}], "timestamp": "1769384575947", "event_type": "price_change"}}
{"_local_timestamp": "2026-01-25T23:42:58.318325+00:00", "data": {"market": "0x01677ae80095732d69ef484b859460b69d21714dd370b9e4f377469c35fac05d", "price_changes": [{"asset_id": "68739301635490954357204661162889053285360701620191509408384059255744322268568", "price": "0.37", "size": "0", "side": "BUY", "hash": "51fd892c4cfc66f37c3de1252339fe96ff206c97", "best_bid": "0.32", "best_ask": "0.47"}, {"asset_id": "48930008382267207749565142085327250707630266537480934495692610670232335488898", "price": "0.63", "size": "0", "side": "SELL", "hash": "22d4355ae5077a6933934e6789a0ac5588445f1a", "best_bid": "0.53", "best_ask": "0.68"}], "timestamp": "1769384578219", "event_type": "price_change"}}
{"_local_timestamp": "2026-01-25T23:42:58.353463+00:00", "data": {"market": "0x01677ae80095732d69ef484b859460b69d21714dd370b9e4f377469c35fac05d", "price_changes": [{"asset_id": "68739301635490954357204661162889053285360701620191509408384059255744322268568", "price": "0.32", "size": "20.67", "side": "BUY", "hash": "5123aadf7bf1dab4c2647b9e25f0a0443da3ad88", "best_bid": "0.32", "best_ask": "0.47"}, {"asset_id": "48930008382267207749565142085327250707630266537480934495692610670232335488898", "price": "0.68", "size": "20.67", "side": "SELL", "hash": "db47e6d9720d2cb5049f27e7e714392e2b9048ce", "best_bid": "0.53", "best_ask": "0.68"}], "timestamp": "1769384578254", "event_type": "price_change"}}
{"_local_timestamp": "2026-01-25T23:42:58.406177+00:00", "data": {"market": "0x01677ae80095732d69ef484b859460b69d21714dd370b9e4f377469c35fac05d", "price_changes": [{"asset_id": "68739301635490954357204661162889053285360701620191509408384059255744322268568", "price": "0.08", "size": "0", "side": "BUY", "hash": "a39191301387e56bc0fee58da41930cf7c48899f", "best_bid": "0.32", "best_ask": "0.47"}, {"asset_id": "48930008382267207749565142085327250707630266537480934495692610670232335488898", "price": "0.92", "size": "0", "side": "SELL", "hash": "bf11b1222c9ce03efbe2bad425401741ae072524", "best_bid": "0.53", "best_ask": "0.68"}], "timestamp": "1769384578303", "event_type": "price_change"}}
{"_local_timestamp": "2026-01-25T23:42:58.407841+00:00", "data": {"market": "0x01677ae80095732d69ef484b859460b69d21714dd370b9e4f377469c35fac05d", "price_changes": [{"asset_id": "68739301635490954357204661162889053285360701620191509408384059255744322268568", "price": "0.1", "size": "5.8", "side": "BUY", "hash": "a39191301387e56bc0fee58da41930cf7c48899f", "best_bid": "0.32", "best_ask": "0.47"}, {"asset_id": "48930008382267207749565142085327250707630266537480934495692610670232335488898", "price": "0.9", "size": "5.8", "side": "SELL", "hash": "bf11b1222c9ce03efbe2bad425401741ae072524", "best_bid": "0.53", "best_ask": "0.68"}], "timestamp": "1769384578303", "event_type": "price_change"}}
{"_local_timestamp": "2026-01-25T23:42:58.409395+00:00", "data": {"market": "0x01677ae80095732d69ef484b859460b69d21714dd370b9e4f377469c35fac05d", "price_changes": [{"asset_id": "68739301635490954357204661162889053285360701620191509408384059255744322268568", "price": "0.04", "size": "6.56", "side": "BUY", "hash": "a39191301387e56bc0fee58da41930cf7c48899f", "best_bid": "0.32", "best_ask": "0.47"}, {"asset_id": "48930008382267207749565142085327250707630266537480934495692610670232335488898", "price": "0.96", "size": "6.56", "side": "SELL", "hash": "bf11b1222c9ce03efbe2bad425401741ae072524", "best_bid": "0.53", "best_ask": "0.68"}], "timestamp": "1769384578303", "event_type": "price_change"}}
{"_local_timestamp": "2026-01-25T23:42:58.410921+00:00", "data": {"market": "0x01677ae80095732d69ef484b859460b69d21714dd370b9e4f377469c35fac05d", "price_changes": [{"asset_id": "68739301635490954357204661162889053285360701620191509408384059255744322268568", "price": "0.12", "size": "0", "side": "BUY", "hash": "a39191301387e56bc0fee58da41930cf7c48899f", "best_bid": "0.32", "best_ask": "0.47"}, {"asset_id": "48930008382267207749565142085327250707630266537480934495692610670232335488898", "price": "0.88", "size": "0", "side": "SELL", "hash": "bf11b1222c9ce03efbe2bad425401741ae072524", "best_bid": "0.53", "best_ask": "0.68"}], "timestamp": "1769384578303", "event_type": "price_change"}}
{"_local_timestamp": "2026-01-25T23:42:58.412492+00:00", "data": {"market": "0x01677ae80095732d69ef484b859460b69d21714dd370b9e4f377469c35fac05d", "price_changes": [{"asset_id": "68739301635490954357204661162889053285360701620191509408384059255744322268568", "price": "0.15", "size": "0", "side": "BUY", "hash": "a39191301387e56bc0fee58da41930cf7c48899f", "best_bid": "0.32", "best_ask": "0.47"}, {"asset_id": "48930008382267207749565142085327250707630266537480934495692610670232335488898", "price": "0.85", "size": "0", "side": "SELL", "hash": "bf11b1222c9ce03efbe2bad425401741ae072524", "best_bid": "0.53", "best_ask": "0.68"}], "timestamp": "1769384578303", "event_type": "price_change"}}
{"_local_timestamp": "2026-01-25T23:42:58.414049+00:00", "data": {"market": "0x01677ae80095732d69ef484b859460b69d21714dd370b9e4f377469c35fac05d", "price_changes": [{"asset_id": "68739301635490954357204661162889053285360701620191509408384059255744322268568", "price": "0.17", "size": "0", "side": "BUY", "hash": "a39191301387e56bc0fee58da41930cf7c48899f", "best_bid": "0.32", "best_ask": "0.47"}, {"asset_id": "48930008382267207749565142085327250707630266537480934495692610670232335488898", "price": "0.83", "size": "0", "side": "SELL", "hash": "bf11b1222c9ce03efbe2bad425401741ae072524", "best_bid": "0.53", "best_ask": "0.68"}], "timestamp": "1769384578303", "event_type": "price_change"}}
{"_local_timestamp": "2026-01-25T23:42:58.415628+00:00", "data": {"market": "0x01677ae80095732d69ef484b859460b69d21714dd370b9e4f377469c35fac05d", "price_changes": [{"asset_id": "68739301635490954357204661162889053285360701620191509408384059255744322268568", "price": "0.06", "size": "6000", "side": "BUY", "hash": "a39191301387e56bc0fee58da41930cf7c48899f", "best_bid": "0.32", "best_ask": "0.47"}, {"asset_id": "48930008382267207749565142085327250707630266537480934495692610670232335488898", "price": "0.94", "size": "6000", "side": "SELL", "hash": "bf11b1222c9ce03efbe2bad425401741ae072524", "best_bid": "0.53", "best_ask": "0.68"}], "timestamp": "1769384578303", "event_type": "price_change"}}
{"_local_timestamp": "2026-01-25T23:42:58.437551+00:00", "data": {"market": "0x01677ae80095732d69ef484b859460b69d21714dd370b9e4f377469c35fac05d", "price_changes": [{"asset_id": "48930008382267207749565142085327250707630266537480934495692610670232335488898", "price": "0.25", "size": "8", "side": "BUY", "hash": "5fd7d2e1a265f48dcb6ce5a6fd322f1f93702144", "best_bid": "0.53", "best_ask": "0.68"}, {"asset_id": "68739301635490954357204661162889053285360701620191509408384059255744322268568", "price": "0.75", "size": "8", "side": "SELL", "hash": "af687648d5b0f8d707f0d24fa47ffca5110d5455", "best_bid": "0.32", "best_ask": "0.47"}], "timestamp": "1769384578335", "event_type": "price_change"}}
{"_local_timestamp": "2026-01-25T23:42:58.487271+00:00", "data": {"market": "0x01677ae80095732d69ef484b859460b69d21714dd370b9e4f377469c35fac05d", "price_changes": [{"asset_id": "48930008382267207749565142085327250707630266537480934495692610670232335488898", "price": "0.16", "size": "0", "side": "BUY", "hash": "5fd7d2e1a265f48dcb6ce5a6fd322f1f93702144", "best_bid": "0.53", "best_ask": "0.68"}, {"asset_id": "68739301635490954357204661162889053285360701620191509408384059255744322268568", "price": "0.84", "size": "0", "side": "SELL", "hash": "af687648d5b0f8d707f0d24fa47ffca5110d5455", "best_bid": "0.32", "best_ask": "0.47"}], "timestamp": "1769384578335", "event_type": "price_change"}}
{"_local_timestamp": "2026-01-25T23:42:58.488963+00:00", "data": {"market": "0x01677ae80095732d69ef484b859460b69d21714dd370b9e4f377469c35fac05d", "price_changes": [{"asset_id": "48930008382267207749565142085327250707630266537480934495692610670232335488898", "price": "0.06", "size": "900", "side": "BUY", "hash": "5fd7d2e1a265f48dcb6ce5a6fd322f1f93702144", "best_bid": "0.53", "best_ask": "0.68"}, {"asset_id": "68739301635490954357204661162889053285360701620191509408384059255744322268568", "price": "0.94", "size": "900", "side": "SELL", "hash": "af687648d5b0f8d707f0d24fa47ffca5110d5455", "best_bid": "0.32", "best_ask": "0.47"}], "timestamp": "1769384578335", "event_type": "price_change"}}
{"_local_timestamp": "2026-01-25T23:42:58.490596+00:00", "data": {"market": "0x01677ae80095732d69ef484b859460b69d21714dd370b9e4f377469c35fac05d", "price_changes": [{"asset_id": "48930008382267207749565142085327250707630266537480934495692610670232335488898", "price": "0.22", "size": "0", "side": "BUY", "hash": "5fd7d2e1a265f48dcb6ce5a6fd322f1f93702144", "best_bid": "0.53", "best_ask": "0.68"}, {"asset_id": "68739301635490954357204661162889053285360701620191509408384059255744322268568", "price": "0.78", "size": "0", "side": "SELL", "hash": "af687648d5b0f8d707f0d24fa47ffca5110d5455", "best_bid": "0.32", "best_ask": "0.47"}], "timestamp": "1769384578335", "event_type": "price_change"}}
{"_local_timestamp": "2026-01-25T23:42:58.492420+00:00", "data": {"market": "0x01677ae80095732d69ef484b859460b69d21714dd370b9e4f377469c35fac05d", "price_changes": [{"asset_id": "48930008382267207749565142085327250707630266537480934495692610670232335488898", "price": "0.13", "size": "62", "side": "BUY", "hash": "5fd7d2e1a265f48dcb6ce5a6fd322f1f93702144", "best_bid": "0.53", "best_ask": "0.68"}, {"asset_id": "68739301635490954357204661162889053285360701620191509408384059255744322268568", "price": "0.87", "size": "62", "side": "SELL", "hash": "af687648d5b0f8d707f0d24fa47ffca5110d5455", "best_bid": "0.32", "best_ask": "0.47"}], "timestamp": "1769384578335", "event_type": "price_change"}}
{"_local_timestamp": "2026-01-25T23:42:58.529795+00:00", "data": {"market": "0x01677ae80095732d69ef484b859460b69d21714dd370b9e4f377469c35fac05d", "price_changes": [{"asset_id": "48930008382267207749565142085327250707630266537480934495692610670232335488898", "price": "0.19", "size": "0", "side": "BUY", "hash": "5fd7d2e1a265f48dcb6ce5a6fd322f1f93702144", "best_bid": "0.53", "best_ask": "0.68"}, {"asset_id": "68739301635490954357204661162889053285360701620191509408384059255744322268568", "price": "0.81", "size": "0", "side": "SELL", "hash": "af687648d5b0f8d707f0d24fa47ffca5110d5455", "best_bid": "0.32", "best_ask": "0.47"}], "timestamp": "1769384578335", "event_type": "price_change"}}
{"_local_timestamp": "2026-01-25T23:42:58.531535+00:00", "data": {"market": "0x01677ae80095732d69ef484b859460b69d21714dd370b9e4f377469c35fac05d", "price_changes": [{"asset_id": "48930008382267207749565142085327250707630266537480934495692610670232335488898", "price": "0.09", "size": "0", "side": "BUY", "hash": "5fd7d2e1a265f48dcb6ce5a6fd322f1f93702144", "best_bid": "0.53", "best_ask": "0.68"}, {"asset_id": "68739301635490954357204661162889053285360701620191509408384059255744322268568", "price": "0.91", "size": "0", "side": "SELL", "hash": "af687648d5b0f8d707f0d24fa47ffca5110d5455", "best_bid": "0.32", "best_ask": "0.47"}], "timestamp": "1769384578335", "event_type": "price_change"}}
{"_local_timestamp": "2026-01-25T23:43:01.488947+00:00", "data": {"market": "0x01677ae80095732d69ef484b859460b69d21714dd370b9e4f377469c35fac05d", "price_changes": [{"asset_id": "68739301635490954357204661162889053285360701620191509408384059255744322268568", "price": "0.32", "size": "0", "side": "BUY", "hash": "4eb9dcf881ff4983487f951dc2d5e8892edd9e5c", "best_bid": "0.31", "best_ask": "0.47"}, {"asset_id": "48930008382267207749565142085327250707630266537480934495692610670232335488898", "price": "0.68", "size": "0", "side": "SELL", "hash": "fab65c46c63de2e79212e5d946915ee1dfd7ea27", "best_bid": "0.53", "best_ask": "0.69"}], "timestamp": "1769384581395", "event_type": "price_change"}}
{"_local_timestamp": "2026-01-25T23:43:01.492524+00:00", "data": {"market": "0x01677ae80095732d69ef484b859460b69d21714dd370b9e4f377469c35fac05d", "price_changes": [{"asset_id": "48930008382267207749565142085327250707630266537480934495692610670232335488898", "price": "0.53", "size": "0", "side": "BUY", "hash": "28ec19fbd3d21da5df44e47ca2dd9045405c6db2", "best_bid": "0.52", "best_ask": "0.69"}, {"asset_id": "68739301635490954357204661162889053285360701620191509408384059255744322268568", "price": "0.47", "size": "0", "side": "SELL", "hash": "e9330e3f41b294b2f56df2c74c45207357a79037", "best_bid": "0.31", "best_ask": "0.48"}], "timestamp": "1769384581395", "event_type": "price_change"}}
{"_local_timestamp": "2026-01-25T23:43:01.536976+00:00", "data": {"market": "0x01677ae80095732d69ef484b859460b69d21714dd370b9e4f377469c35fac05d", "price_changes": [{"asset_id": "68739301635490954357204661162889053285360701620191509408384059255744322268568", "price": "0.38", "size": "12.17", "side": "BUY", "hash": "09b8df412f1ba3361f28cb6336ac98502da4d099", "best_bid": "0.38", "best_ask": "0.48"}, {"asset_id": "48930008382267207749565142085327250707630266537480934495692610670232335488898", "price": "0.62", "size": "12.17", "side": "SELL", "hash": "0b300f512407d316749b3a6d7ebcec49e1277bc8", "best_bid": "0.52", "best_ask": "0.62"}], "timestamp": "1769384581434", "event_type": "price_change"}}
{"_local_timestamp": "2026-01-25T23:43:01.609198+00:00", "data": {"market": "0x01677ae80095732d69ef484b859460b69d21714dd370b9e4f377469c35fac05d", "price_changes": [{"asset_id": "48930008382267207749565142085327250707630266537480934495692610670232335488898", "price": "0.25", "size": "88", "side": "BUY", "hash": "84723fa85d974edc701f4bc060ff107031f2afe8", "best_bid": "0.52", "best_ask": "0.62"}, {"asset_id": "68739301635490954357204661162889053285360701620191509408384059255744322268568", "price": "0.75", "size": "88", "side": "SELL", "hash": "bac657040ae08cf6104b639bb1c4b2b659380170", "best_bid": "0.38", "best_ask": "0.48"}], "timestamp": "1769384581514", "event_type": "price_change"}}
{"_local_timestamp": "2026-01-25T23:43:01.678765+00:00", "data": {"market": "0x01677ae80095732d69ef484b859460b69d21714dd370b9e4f377469c35fac05d", "price_changes": [{"asset_id": "48930008382267207749565142085327250707630266537480934495692610670232335488898", "price": "0.22", "size": "109.09", "side": "BUY", "hash": "908396b1389e67b93108c359a38c6c56c3126957", "best_bid": "0.52", "best_ask": "0.62"}, {"asset_id": "68739301635490954357204661162889053285360701620191509408384059255744322268568", "price": "0.78", "size": "109.09", "side": "SELL", "hash": "23671d937f354a713cc90b6cf9182bb706b5b5de", "best_bid": "0.38", "best_ask": "0.48"}], "timestamp": "1769384581563", "event_type": "price_change"}}
{"_local_timestamp": "2026-01-25T23:43:01.710390+00:00", "data": {"market": "0x01677ae80095732d69ef484b859460b69d21714dd370b9e4f377469c35fac05d", "price_changes": [{"asset_id": "48930008382267207749565142085327250707630266537480934495692610670232335488898", "price": "0.19", "size": "136.84", "side": "BUY", "hash": "5376d998d671f079be0698f84bb83ed2f1618094", "best_bid": "0.52", "best_ask": "0.62"}, {"asset_id": "68739301635490954357204661162889053285360701620191509408384059255744322268568", "price": "0.81", "size": "136.84", "side": "SELL", "hash": "de1d3ee0b215aaff2e1fb0488385b4f283f6617d", "best_bid": "0.38", "best_ask": "0.48"}], "timestamp": "1769384581618", "event_type": "price_change"}}
{"_local_timestamp": "2026-01-25T23:43:01.748655+00:00", "data": {"market": "0x01677ae80095732d69ef484b859460b69d21714dd370b9e4f377469c35fac05d", "price_changes": [{"asset_id": "48930008382267207749565142085327250707630266537480934495692610670232335488898", "price": "0.15", "size": "186.66", "side": "BUY", "hash": "b5b43a0a80edc9987fdd939cef3825f12414d799", "best_bid": "0.52", "best_ask": "0.62"}, {"asset_id": "68739301635490954357204661162889053285360701620191509408384059255744322268568", "price": "0.85", "size": "186.66", "side": "SELL", "hash": "9f8d07651cc4d78b5b125d2d257a7750e7fe1bba", "best_bid": "0.38", "best_ask": "0.48"}], "timestamp": "1769384581662", "event_type": "price_change"}}
{"_local_timestamp": "2026-01-25T23:43:01.804144+00:00", "data": {"market": "0x01677ae80095732d69ef484b859460b69d21714dd370b9e4f377469c35fac05d", "price_changes": [{"asset_id": "48930008382267207749565142085327250707630266537480934495692610670232335488898", "price": "0.12", "size": "466.66", "side": "BUY", "hash": "3abacde70d36d1fee0b56a4c526f29d8058ac37f", "best_bid": "0.52", "best_ask": "0.62"}, {"asset_id": "68739301635490954357204661162889053285360701620191509408384059255744322268568", "price": "0.88", "size": "466.66", "side": "SELL", "hash": "0f56389e632fc72a0793dadd9f637a5145e072e9", "best_bid": "0.38", "best_ask": "0.48"}], "timestamp": "1769384581709", "event_type": "price_change"}}
{"_local_timestamp": "2026-01-25T23:43:01.844891+00:00", "data": {"market": "0x01677ae80095732d69ef484b859460b69d21714dd370b9e4f377469c35fac05d", "price_changes": [{"asset_id": "48930008382267207749565142085327250707630266537480934495692610670232335488898", "price": "0.09", "size": "377.77", "side": "BUY", "hash": "085ff75e8ee2cfd54fcddc99c2696b9b67ba5bfe", "best_bid": "0.52", "best_ask": "0.62"}, {"asset_id": "68739301635490954357204661162889053285360701620191509408384059255744322268568", "price": "0.91", "size": "377.77", "side": "SELL", "hash": "efc2db5c1759aad799dfba08762e34cf142ca4eb", "best_bid": "0.38", "best_ask": "0.48"}], "timestamp": "1769384581754", "event_type": "price_change"}}
{"_local_timestamp": "2026-01-25T23:43:01.898649+00:00", "data": {"market": "0x01677ae80095732d69ef484b859460b69d21714dd370b9e4f377469c35fac05d", "price_changes": [{"asset_id": "48930008382267207749565142085327250707630266537480934495692610670232335488898", "price": "0.06", "size": "1500", "side": "BUY", "hash": "f234a0d3ca761792551543a9cea79762334f3687", "best_bid": "0.52", "best_ask": "0.62"}, {"asset_id": "68739301635490954357204661162889053285360701620191509408384059255744322268568", "price": "0.94", "size": "1500", "side": "SELL", "hash": "c87a413a182ee8edec01841cd658cf6bcecb09c6", "best_bid": "0.38", "best_ask": "0.48"}], "timestamp": "1769384581800", "event_type": "price_change"}}
{"_local_timestamp": "2026-01-25T23:43:04.802388+00:00", "data": {"market": "0x01677ae80095732d69ef484b859460b69d21714dd370b9e4f377469c35fac05d", "price_changes": [{"asset_id": "68739301635490954357204661162889053285360701620191509408384059255744322268568", "price": "0.38", "size": "0", "side": "BUY", "hash": "d7aba1a7e02fd4f21daf7e22b46eb54e97b304d5", "best_bid": "0.31", "best_ask": "0.48"}, {"asset_id": "48930008382267207749565142085327250707630266537480934495692610670232335488898", "price": "0.62", "size": "0", "side": "SELL", "hash": "14ba7ae3e22c4f73cd88f4fde4c3c18fd163cf4a", "best_bid": "0.52", "best_ask": "0.69"}], "timestamp": "1769384584697", "event_type": "price_change"}}
{"_local_timestamp": "2026-01-25T23:43:04.852493+00:00", "data": {"market": "0x01677ae80095732d69ef484b859460b69d21714dd370b9e4f377469c35fac05d", "price_changes": [{"asset_id": "48930008382267207749565142085327250707630266537480934495692610670232335488898", "price": "0.53", "size": "5.09", "side": "BUY", "hash": "7eef7b142f64d9e27436efeb4115c155e35f592d", "best_bid": "0.53", "best_ask": "0.69"}, {"asset_id": "68739301635490954357204661162889053285360701620191509408384059255744322268568", "price": "0.47", "size": "5.09", "side": "SELL", "hash": "2452bd30eb46b6d6084352bce119df0715bbd3d8", "best_bid": "0.31", "best_ask": "0.47"}], "timestamp": "1769384584754", "event_type": "price_change"}}
{"_local_timestamp": "2026-01-25T23:43:04.854247+00:00", "data": {"market": "0x01677ae80095732d69ef484b859460b69d21714dd370b9e4f377469c35fac05d", "price_changes": [{"asset_id": "68739301635490954357204661162889053285360701620191509408384059255744322268568", "price": "0.33", "size": "8.5", "side": "BUY", "hash": "db916a65f02ee29858a31fea8eab92a5eb60d0ee", "best_bid": "0.33", "best_ask": "0.47"}, {"asset_id": "48930008382267207749565142085327250707630266537480934495692610670232335488898", "price": "0.67", "size": "8.5", "side": "SELL", "hash": "511e5dbd9d16cbd1fb02e667419ddfa961c0906a", "best_bid": "0.53", "best_ask": "0.67"}], "timestamp": "1769384584754", "event_type": "price_change"}}
{"_local_timestamp": "2026-01-25T23:43:04.855919+00:00", "data": {"market": "0x01677ae80095732d69ef484b859460b69d21714dd370b9e4f377469c35fac05d", "price_changes": [{"asset_id": "68739301635490954357204661162889053285360701620191509408384059255744322268568", "price": "0.33", "size": "20.67", "side": "BUY", "hash": "be7f6f738bb403b4a0870ff7df35356dd131d7bf", "best_bid": "0.33", "best_ask": "0.47"}, {"asset_id": "48930008382267207749565142085327250707630266537480934495692610670232335488898", "price": "0.67", "size": "20.67", "side": "SELL", "hash": "1d586596c1992b561e87a0a6a43908f9ea4a20fc", "best_bid": "0.53", "best_ask": "0.67"}], "timestamp": "1769384584755", "event_type": "price_change"}}
{"_local_timestamp": "2026-01-25T23:43:04.887115+00:00", "data": {"market": "0x01677ae80095732d69ef484b859460b69d21714dd370b9e4f377469c35fac05d", "price_changes": [{"asset_id": "48930008382267207749565142085327250707630266537480934495692610670232335488898", "price": "0.22", "size": "0", "side": "BUY", "hash": "7d8216f97ed766f34968cee146efb85e49658237", "best_bid": "0.53", "best_ask": "0.67"}, {"asset_id": "68739301635490954357204661162889053285360701620191509408384059255744322268568", "price": "0.78", "size": "0", "side": "SELL", "hash": "518909922d038287c53e400a06d47fe94d6ba45c", "best_bid": "0.33", "best_ask": "0.47"}], "timestamp": "1769384584785", "event_type": "price_change"}}
{"_local_timestamp": "2026-01-25T23:43:04.888825+00:00", "data": {"market": "0x01677ae80095732d69ef484b859460b69d21714dd370b9e4f377469c35fac05d", "price_changes": [{"asset_id": "48930008382267207749565142085327250707630266537480934495692610670232335488898", "price": "0.09", "size": "0", "side": "BUY", "hash": "7d8216f97ed766f34968cee146efb85e49658237", "best_bid": "0.53", "best_ask": "0.67"}, {"asset_id": "68739301635490954357204661162889053285360701620191509408384059255744322268568", "price": "0.91", "size": "0", "side": "SELL", "hash": "518909922d038287c53e400a06d47fe94d6ba45c", "best_bid": "0.33", "best_ask": "0.47"}], "timestamp": "1769384584785", "event_type": "price_change"}}
{"_local_timestamp": "2026-01-25T23:43:04.890475+00:00", "data": {"market": "0x01677ae80095732d69ef484b859460b69d21714dd370b9e4f377469c35fac05d", "price_changes": [{"asset_id": "48930008382267207749565142085327250707630266537480934495692610670232335488898", "price": "0.25", "size": "8", "side": "BUY", "hash": "7d8216f97ed766f34968cee146efb85e49658237", "best_bid": "0.53", "best_ask": "0.67"}, {"asset_id": "68739301635490954357204661162889053285360701620191509408384059255744322268568", "price": "0.75", "size": "8", "side": "SELL", "hash": "518909922d038287c53e400a06d47fe94d6ba45c", "best_bid": "0.33", "best_ask": "0.47"}], "timestamp": "1769384584785", "event_type": "price_change"}}
{"_local_timestamp": "2026-01-25T23:43:04.892227+00:00", "data": {"market": "0x01677ae80095732d69ef484b859460b69d21714dd370b9e4f377469c35fac05d", "price_changes": [{"asset_id": "48930008382267207749565142085327250707630266537480934495692610670232335488898", "price": "0.19", "size": "0", "side": "BUY", "hash": "7d8216f97ed766f34968cee146efb85e49658237", "best_bid": "0.53", "best_ask": "0.67"}, {"asset_id": "68739301635490954357204661162889053285360701620191509408384059255744322268568", "price": "0.81", "size": "0", "side": "SELL", "hash": "518909922d038287c53e400a06d47fe94d6ba45c", "best_bid": "0.33", "best_ask": "0.47"}], "timestamp": "1769384584785", "event_type": "price_change"}}
{"_local_timestamp": "2026-01-25T23:43:04.893962+00:00", "data": {"market": "0x01677ae80095732d69ef484b859460b69d21714dd370b9e4f377469c35fac05d", "price_changes": [{"asset_id": "48930008382267207749565142085327250707630266537480934495692610670232335488898", "price": "0.12", "size": "200", "side": "BUY", "hash": "7d8216f97ed766f34968cee146efb85e49658237", "best_bid": "0.53", "best_ask": "0.67"}, {"asset_id": "68739301635490954357204661162889053285360701620191509408384059255744322268568", "price": "0.88", "size": "200", "side": "SELL", "hash": "518909922d038287c53e400a06d47fe94d6ba45c", "best_bid": "0.33", "best_ask": "0.47"}], "timestamp": "1769384584785", "event_type": "price_change"}}
{"_local_timestamp": "2026-01-25T23:43:04.895622+00:00", "data": {"market": "0x01677ae80095732d69ef484b859460b69d21714dd370b9e4f377469c35fac05d", "price_changes": [{"asset_id": "48930008382267207749565142085327250707630266537480934495692610670232335488898", "price": "0.06", "size": "900", "side": "BUY", "hash": "7d8216f97ed766f34968cee146efb85e49658237", "best_bid": "0.53", "best_ask": "0.67"}, {"asset_id": "68739301635490954357204661162889053285360701620191509408384059255744322268568", "price": "0.94", "size": "900", "side": "SELL", "hash": "518909922d038287c53e400a06d47fe94d6ba45c", "best_bid": "0.33", "best_ask": "0.47"}], "timestamp": "1769384584785", "event_type": "price_change"}}
{"_local_timestamp": "2026-01-25T23:43:04.897343+00:00", "data": {"market": "0x01677ae80095732d69ef484b859460b69d21714dd370b9e4f377469c35fac05d", "price_changes": [{"asset_id": "48930008382267207749565142085327250707630266537480934495692610670232335488898", "price": "0.15", "size": "0", "side": "BUY", "hash": "7d8216f97ed766f34968cee146efb85e49658237", "best_bid": "0.53", "best_ask": "0.67"}, {"asset_id": "68739301635490954357204661162889053285360701620191509408384059255744322268568", "price": "0.85", "size": "0", "side": "SELL", "hash": "518909922d038287c53e400a06d47fe94d6ba45c", "best_bid": "0.33", "best_ask": "0.47"}], "timestamp": "1769384584785", "event_type": "price_change"}}
{"_local_timestamp": "2026-01-25T23:43:09.129710+00:00", "data": {"market": "0x01677ae80095732d69ef484b859460b69d21714dd370b9e4f377469c35fac05d", "price_changes": [{"asset_id": "68739301635490954357204661162889053285360701620191509408384059255744322268568", "price": "0.33", "size": "12.17", "side": "BUY", "hash": "5e39cd4b9ba4d433ff2bb74763f41c5976ac7042", "best_bid": "0.33", "best_ask": "0.47"}, {"asset_id": "48930008382267207749565142085327250707630266537480934495692610670232335488898", "price": "0.67", "size": "12.17", "side": "SELL", "hash": "8f164333f16d8d52c80ad1732f811b340b25362f", "best_bid": "0.53", "best_ask": "0.67"}], "timestamp": "1769384588957", "event_type": "price_change"}}
{"_local_timestamp": "2026-01-25T23:43:09.131478+00:00", "data": {"market": "0x01677ae80095732d69ef484b859460b69d21714dd370b9e4f377469c35fac05d", "price_changes": [{"asset_id": "68739301635490954357204661162889053285360701620191509408384059255744322268568", "price": "0.32", "size": "8.5", "side": "BUY", "hash": "19aea9d05dc02a83fcfb5ff5fdb8807b8d8471db", "best_bid": "0.33", "best_ask": "0.47"}, {"asset_id": "48930008382267207749565142085327250707630266537480934495692610670232335488898", "price": "0.68", "size": "8.5", "side": "SELL", "hash": "78a6381e09361184db1c3cd338b5b653bec2876c", "best_bid": "0.53", "best_ask": "0.67"}], "timestamp": "1769384588996", "event_type": "price_change"}}
{"_local_timestamp": "2026-01-25T23:43:15.540257+00:00", "data": {"market": "0x01677ae80095732d69ef484b859460b69d21714dd370b9e4f377469c35fac05d", "price_changes": [{"asset_id": "68739301635490954357204661162889053285360701620191509408384059255744322268568", "price": "0.33", "size": "0", "side": "BUY", "hash": "1e49fcb2081df02004c9e6b4713c79475c53fa4b", "best_bid": "0.32", "best_ask": "0.47"}, {"asset_id": "48930008382267207749565142085327250707630266537480934495692610670232335488898", "price": "0.67", "size": "0", "side": "SELL", "hash": "85bb7d19ce12cf2c88c6c9d176e738e28a10ebd7", "best_bid": "0.53", "best_ask": "0.68"}], "timestamp": "1769384595406", "event_type": "price_change"}}
{"_local_timestamp": "2026-01-25T23:43:15.593083+00:00", "data": {"market": "0x01677ae80095732d69ef484b859460b69d21714dd370b9e4f377469c35fac05d", "price_changes": [{"asset_id": "68739301635490954357204661162889053285360701620191509408384059255744322268568", "price": "0.32", "size": "20.67", "side": "BUY", "hash": "4949fdbe5a5b2ae6683fe80fb8b9e6e0cd5b91db", "best_bid": "0.32", "best_ask": "0.47"}, {"asset_id": "48930008382267207749565142085327250707630266537480934495692610670232335488898", "price": "0.68", "size": "20.67", "side": "SELL", "hash": "83b636e075c886086cc507d5891e4f467860354d", "best_bid": "0.53", "best_ask": "0.68"}], "timestamp": "1769384595449", "event_type": "price_change"}}
{"_local_timestamp": "2026-01-25T23:43:35.905030+00:00", "data": {"market": "0x01677ae80095732d69ef484b859460b69d21714dd370b9e4f377469c35fac05d", "price_changes": [{"asset_id": "68739301635490954357204661162889053285360701620191509408384059255744322268568", "price": "0.06", "size": "6400", "side": "BUY", "hash": "cb696bce2fc582936a549e014d25126a37e8c363", "best_bid": "0.32", "best_ask": "0.47"}, {"asset_id": "48930008382267207749565142085327250707630266537480934495692610670232335488898", "price": "0.94", "size": "6400", "side": "SELL", "hash": "21abda1c657c68a1831d04aa0cc315e6f5ad008e", "best_bid": "0.53", "best_ask": "0.68"}], "timestamp": "1769384615764", "event_type": "price_change"}}
{"_local_timestamp": "2026-01-25T23:44:08.738455+00:00", "data": {"market": "0x01677ae80095732d69ef484b859460b69d21714dd370b9e4f377469c35fac05d", "price_changes": [{"asset_id": "48930008382267207749565142085327250707630266537480934495692610670232335488898", "price": "0.11", "size": "0", "side": "BUY", "hash": "94e196575a3b9d8d1808af93c226a636525a81d3", "best_bid": "0.53", "best_ask": "0.68"}, {"asset_id": "68739301635490954357204661162889053285360701620191509408384059255744322268568", "price": "0.89", "size": "0", "side": "SELL", "hash": "47e7c65858acc2f60ff9ce5f73bcb54d1155f430", "best_bid": "0.32", "best_ask": "0.47"}], "timestamp": "1769384648438", "event_type": "price_change"}}
{"_local_timestamp": "2026-01-25T23:44:09.202644+00:00", "data": {"market": "0x01677ae80095732d69ef484b859460b69d21714dd370b9e4f377469c35fac05d", "price_changes": [{"asset_id": "48930008382267207749565142085327250707630266537480934495692610670232335488898", "price": "0.12", "size": "325", "side": "BUY", "hash": "6de4b5428a73de2ee3b13f3605a5655ffcc1f48e", "best_bid": "0.53", "best_ask": "0.68"}, {"asset_id": "68739301635490954357204661162889053285360701620191509408384059255744322268568", "price": "0.88", "size": "325", "side": "SELL", "hash": "7a1cd90b3c98e862b0e01a904a1d8d8095bfd337", "best_bid": "0.32", "best_ask": "0.47"}], "timestamp": "1769384648778", "event_type": "price_change"}}
{"_local_timestamp": "2026-01-25T23:44:21.598765+00:00", "data": {"market": "0x01677ae80095732d69ef484b859460b69d21714dd370b9e4f377469c35fac05d", "price_changes": [{"asset_id": "68739301635490954357204661162889053285360701620191509408384059255744322268568", "price": "0.01", "size": "513320.04", "side": "BUY", "hash": "fe6d6a28b616ca7a05163e0810d56891e95dfe26", "best_bid": "0.32", "best_ask": "0.47"}, {"asset_id": "48930008382267207749565142085327250707630266537480934495692610670232335488898", "price": "0.99", "size": "513320.04", "side": "SELL", "hash": "96c6e9ccbd0a6d5edbaffda130f87351723c65d4", "best_bid": "0.53", "best_ask": "0.68"}], "timestamp": "1769384660896", "event_type": "price_change"}}
