{"_local_timestamp": "2026-01-25T23:33:56.183695+00:00", "data": [{"market": "0xb9e6337c8efa4058a03797ceacdf231be10f557e786b012790f0027eebb40d84", "asset_id": "86371126949448872159008873475836194954445333507478438520954647991703969751527", "timestamp": "1769382822556", "hash": "770ac2c444c5955b1eefef0e05a8cd633ef503cc", "bids": [{"price": "0.01", "size": "123"}, {"price": "0.04", "size": "37"}, {"price": "0.05", "size": "260"}, {"price": "0.06", "size": "130"}, {"price": "0.07", "size": "78.57"}, {"price": "0.27", "size": "13"}], "asks": [{"price": "0.99", "size": "173"}, {"price": "0.96", "size": "37"}, {"price": "0.95", "size": "18"}, {"price": "0.79", "size": "61.9"}, {"price": "0.78", "size": "50"}, {"price": "0.55", "size": "13"}], "event_type": "book", "last_trade_price": ""}, {"market": "0x14f57f3d4ebd58cabe90ad51535067eed72348a9a12061de66f40dd8d66a625f", "asset_id": "92949847295941947886125166965555945525779820818032129991529787965315692555716", "timestamp": "1769377724734", "hash": "3f58df98e32153b849da74e98af5d82e7c7db50b", "bids": [{"price": "0.01", "size": "123"}, {"price": "0.02", "size": "77"}, {"price": "0.04", "size": "37"}, {"price": "0.09", "size": "11.11"}], "asks": [{"price": "0.99", "size": "173"}, {"price": "0.98", "size": "77"}, {"price": "0.96", "size": "37"}, {"price": "0.19", "size": "13"}], "event_type": "book", "last_trade_price": ""}, {"market": "0xb9e6337c8efa4058a03797ceacdf231be10f557e786b012790f0027eebb40d84", "asset_id": "40884143474037739065515972292511449227734290758451907093946988223795208882564", "timestamp": "1769382822556", "hash": "fbc0fe6b99688c26fc201cd3dc0871425f546f9d", "bids": [{"price": "0.01", "size": "173"}, {"price": "0.04", "size": "37"}, {"price": "0.05", "size": "18"}, {"price": "0.21", "size": "61.9"}, {"price": "0.22", "size": "50"}, {"price": "0.45", "size": "13"}], "asks": [{"price": "0.99", "size": "123"}, {"price": "0.96", "size": "37"}, {"price": "0.95", "size": "260"}, {"price": "0.94", "size": "130"}, {"price": "0.93", "size": "78.57"}, {"price": "0.73", "size": "13"}], "event_type": "book", "last_trade_price": ""}, {"market": "0xa8d8882f5db00c4994831d475e01173a508b580f63cf4b1138692f9302d56e4b", "asset_id": "42690128482245545308069500437484055970317359655124355613866023998732922670729", "timestamp": "1769382484884", "hash": "6e6136a718eb3a44871af6f5b3929d010660245f", "bids": [{"price": "0.01", "size": "123"}, {"price": "0.02", "size": "77"}, {"price": "0.04", "size": "37"}, {"price": "0.13", "size": "7.69"}], "asks": [{"price": "0.99", "size": "173"}, {"price": "0.98", "size": "77"}, {"price": "0.96", "size": "37"}, {"price": "0.23", "size": "13"}], "event_type": "book", "last_trade_price": ""}, {"market": "0xb57362121b3406f885d9ddd901eba70a32f8b9d95898a900bc29a866c11e6931", "asset_id": "74208669059648890952935665595477015514081210519765174735437551028508748298269", "timestamp": "1769382484890", "hash": "0c744e2ec02363968d428dd58d973df4477793bc", "bids": [{"price": "0.01", "size": "123"}, {"price": "0.02", "size": "73"}, {"price": "0.04", "size": "37"}, {"price": "0.1", "size": "10"}], "asks": [{"price": "0.99", "size": "173"}, {"price": "0.98", "size": "77"}, {"price": "0.96", "size": "37"}, {"price": "0.2", "size": "13"}], "event_type": "book", "last_trade_price": ""}, {"market": "0xed42d44f9b45162b55e43a7a2de4b9e421fac8b9defa5f2b340c732ed0cd3d66", "asset_id": "82295184741458567364758352185651136521715277679807328805845143237582023045914", "timestamp": "1769382484883", "hash": "325b8ebf056f81752b0dd3812632ddfc6dce95f6", "bids": [{"price": "0.01", "size": "173"}, {"price": "0.02", "size": "77"}, {"price": "0.04", "size": "37"}, {"price": "0.69", "size": "13"}], "asks": [{"price": "0.99", "size": "123"}, {"price": "0.98", "size": "77"}, {"price": "0.96", "size": "37"}, {"price": "0.93", "size": "13"}, {"price": "0.81", "size": "5.26"}], "event_type": "book", "last_trade_price": ""}, {"market": "0xbd309c1fdcd7cda65aac2a4f50fd2da6a0f839f865c7e335230ccf49e6ead7b4", "asset_id": "81726496332747479817152847667617466431421051425426281834538439313824256046549", "timestamp": "1769383901922", "hash": "a2c5ed93bcdee66d608b1ee10b0aef7618d1e0be", "bids": [{"price": "0.01", "size": "10173"}, {"price": "0.02", "size": "2000"}, {"price": "0.03", "size": "4300"}, {"price": "0.04", "size": "37"}, {"price": "0.05", "size": "18"}, {"price": "0.13", "size": "100"}, {"price": "0.14", "size": "78.57"}, {"price": "0.52", "size": "13"}], "asks": [{"price": "0.99", "size": "10123"}, {"price": "0.98", "size": "300"}, {"price": "0.96", "size": "37"}, {"price": "0.95", "size": "18"}, {"price": "0.9", "size": "130"}, {"price": "0.89", "size": "100"}, {"price": "0.79", "size": "13"}], "event_type": "book", "last_trade_price": ""}, {"market": "0xa8d8882f5db00c4994831d475e01173a508b580f63cf4b1138692f9302d56e4b", "asset_id": "1251697405920592022575896288177516807021313321037028949131484740970232608119", "timestamp": "1769382484884", "hash": "67ef06d4f44d91a814aa3f708196883e3d00dd73", "bids": [{"price": "0.01", "size": "173"}, {"price": "0.02", "size": "77"}, {"price": "0.04", "size": "37"}, {"price": "0.77", "size": "13"}], "asks": [{"price": "0.99", "size": "123"}, {"price": "0.98", "size": "77"}, {"price": "0.96", "size": "37"}, {"price": "0.87", "size": "7.69"}], "event_type": "book", "last_trade_price": ""}, {"market": "0xed42d44f9b45162b55e43a7a2de4b9e421fac8b9defa5f2b340c732ed0cd3d66", "asset_id": "19397936028353139632659008994915154834569311760326688499837604446496048317193", "timestamp": "1769382484883", "hash": "baf49d2d6fc8a7f5a572e832d2685e05fdda7a99", "bids": [{"price": "0.01", "size": "123"}, {"price": "0.02", "size": "77"}, {"price": "0.04", "size": "37"}, {"price": "0.07", "size": "13"}, {"price": "0.19", "size": "5.26"}], "asks": [{"price": "0.99", "size": "173"}, {"price": "0.98", "size": "77"}, {"price": "0.96", "size": "37"}, {"price": "0.31", "size": "13"}], "event_type": "book", "last_trade_price": ""}, {"market": "0x67dc342619eeaec87132390cc913f2fba5e92454ba0356b6d3950aaa4f55c850", "asset_id": "80041213473828418293204424607679141803991254107603093500203165645324203043230", "timestamp": "1769384029506", "hash": "59edeac2b4cbd2af87433ffeb2bd53d139fbeab2", "bids": [{"price": "0.01", "size": "523"}, {"price": "0.02", "size": "200"}, {"price": "0.03", "size": "244"}, {"price": "0.04", "size": "37"}, {"price": "0.13", "size": "7.69"}, {"price": "0.14", "size": "7.22"}], "asks": [{"price": "0.99", "size": "173"}, {"price": "0.98", "size": "91"}, {"price": "0.96", "size": "37"}, {"price": "0.81", "size": "68.42"}, {"price": "0.8", "size": "47.77"}, {"price": "0.24", "size": "5"}], "event_type": "book", "last_trade_price": ""}, {"market": "0xda64764e36f333f8a1ea6279ae180381ffa5579eb6bf6eb2415f2e68070975c3", "asset_id": "74343658479238316670497847037148909622123758797193928816045907391495018710129", "timestamp": "1769377724734", "hash": "8de1c0e7a02172c5f76868404c59295fb5e3768b", "bids": [{"price": "0.01", "size": "123"}, {"price": "0.02", "size": "77"}, {"price": "0.04", "size": "37"}, {"price": "0.09", "size": "11.11"}], "asks": [{"price": "0.99", "size": "173"}, {"price": "0.98", "size": "77"}, {"price": "0.96", "size": "37"}, {"price": "0.19", "size": "13"}], "event_type": "book", "last_trade_price": ""}, {"market": "0xb57362121b3406f885d9ddd901eba70a32f8b9d95898a900bc29a866c11e6931", "asset_id": "111195261611573733891089199579016295067986751768519432536130626706226791588694", "timestamp": "1769382484890", "hash": "5592fdc7f02697ab4abcb0c1b95c5b0eefe03b8d", "bids": [{"price": "0.01", "size": "173"}, {"price": "0.02", "size": "77"}, {"price": "0.04", "size": "37"}, {"price": "0.8", "size": "13"}], "asks": [{"price": "0.99", "size": "123"}, {"price": "0.98", "size": "73"}, {"price": "0.96", "size": "37"}, {"price": "0.9", "size": "10"}], "event_type": "book", "last_trade_price": ""}, {"market": "0x14f57f3d4ebd58cabe90ad51535067eed72348a9a12061de66f40dd8d66a625f", "asset_id": "101046913738050900230450840723600353969071156982849757685257385033912438276019", "timestamp": "1769377724734", "hash": "1225f242705e0d13756a3d4fdf148be6e3d4856c", "bids": [{"price": "0.01", "size": "173"}, {"price": "0.02", "size": "77"}, {"price": "0.04", "size": "37"}, {"price": "0.81", "size": "13"}], "asks": [{"price": "0.99", "size": "123"}, {"price": "0.98", "size": "77"}, {"price": "0.96", "size": "37"}, {"price": "0.91", "size": "11.11"}], "event_type": "book", "last_trade_price": ""}, {"market": "0xbd309c1fdcd7cda65aac2a4f50fd2da6a0f839f865c7e335230ccf49e6ead7b4", "asset_id": "59035743252445946216466974718382138846510556291251765328264725856736993847210", "timestamp": "1769383901922", "hash": "900424128ba2f848a81897e1b894819c5018348e", "bids": [{"price": "0.01", "size": "10123"}, {"price": "0.02", "size": "300"}, {"price": "0.04", "size": "37"}, {"price": "0.05", "size": "18"}, {"price": "0.1", "size": "130"}, {"price": "0.11", "size": "100"}, {"price": "0.21", "size": "13"}], "asks": [{"price": "0.99", "size": "10173"}, {"price": "0.98", "size": "2000"}, {"price": "0.97", "size": "4300"}, {"price": "0.96", "size": "37"}, {"price": "0.95", "size": "18"}, {"price": "0.87", "size": "100"}, {"price": "0.86", "size": "78.57"}, {"price": "0.48", "size": "13"}], "event_type": "book", "last_trade_price": ""}, {"market": "0x1f161c3ac6346fac7f82b5afd0fc83c61b2c17641370a42e87957612963aec60", "asset_id": "114298763308271894045691062896755811303050470796006831928613003081613430564996", "timestamp": "1769383901925", "hash": "323042ba2755d6ab7c9714ace9d17ae67c98efd1", "bids": [{"price": "0.01", "size": "123"}, {"price": "0.02", "size": "650"}, {"price": "0.03", "size": "383.33"}, {"price": "0.04", "size": "137"}, {"price": "0.05", "size": "250"}, {"price": "0.09", "size": "13"}], "asks": [{"price": "0.99", "size": "173"}, {"price": "0.96", "size": "37"}, {"price": "0.95", "size": "21"}, {"price": "0.8", "size": "65"}, {"price": "0.79", "size": "52.38"}, {"price": "0.34", "size": "13"}], "event_type": "book", "last_trade_price": ""}, {"market": "0xda64764e36f333f8a1ea6279ae180381ffa5579eb6bf6eb2415f2e68070975c3", "asset_id": "63987068124120363533069299155249943269270755345478315498273685664586161985349", "timestamp": "1769377724734", "hash": "ade731b380108444de3b7b30117b1e7d18e5f7cd", "bids": [{"price": "0.01", "size": "173"}, {"price": "0.02", "size": "77"}, {"price": "0.04", "size": "37"}, {"price": "0.81", "size": "13"}], "asks": [{"price": "0.99", "size": "123"}, {"price": "0.98", "size": "77"}, {"price": "0.96", "size": "37"}, {"price": "0.91", "size": "11.11"}], "event_type": "book", "last_trade_price": ""}, {"market": "0x2672df88e6537ee93ce491c8bc6b1328c79f51fc962f98c1bd9d91f397245fd0", "asset_id": "110757637032704241199173804391994979050858438959721547417959386751762398519327", "timestamp": "1769382484886", "hash": "f53ae2775ae748f36b683b21d351e1d9a196f719", "bids": [{"price": "0.01", "size": "123"}, {"price": "0.02", "size": "77"}, {"price": "0.04", "size": "37"}, {"price": "0.11", "size": "9.09"}], "asks": [{"price": "0.99", "size": "173"}, {"price": "0.98", "size": "76"}, {"price": "0.96", "size": "37"}, {"price": "0.21", "size": "13"}], "event_type": "book", "last_trade_price": ""}, {"market": "0x67dc342619eeaec87132390cc913f2fba5e92454ba0356b6d3950aaa4f55c850", "asset_id": "80625682529088141422122780376335101238002341596065187298681933273336066132632", "timestamp": "1769384029506", "hash": "c67ecd9ed93d5ff1a23a3bdfbad7b4cb851439ef", "bids": [{"price": "0.01", "size": "173"}, {"price": "0.02", "size": "91"}, {"price": "0.04", "size": "37"}, {"price": "0.19", "size": "68.42"}, {"price": "0.2", "size": "47.77"}, {"price": "0.76", "size": "5"}], "asks": [{"price": "0.99", "size": "523"}, {"price": "0.98", "size": "200"}, {"price": "0.97", "size": "244"}, {"price": "0.96", "size": "37"}, {"price": "0.87", "size": "7.69"}, {"price": "0.86", "size": "7.22"}], "event_type": "book", "last_trade_price": ""}, {"market": "0x1f161c3ac6346fac7f82b5afd0fc83c61b2c17641370a42e87957612963aec60", "asset_id": "19794047285305540758111025656441684177459509788669329355942549572219263545399", "timestamp": "1769383901925", "hash": "53dd68aa32b553ec3b1670a90f8b9b4df18fdc52", "bids": [{"price": "0.01", "size": "173"}, {"price": "0.04", "size": "37"}, {"price": "0.05", "size": "21"}, {"price": "0.2", "size": "65"}, {"price": "0.21", "size": "52.38"}, {"price": "0.66", "size": "13"}], "asks": [{"price": "0.99", "size": "123"}, {"price": "0.98", "size": "650"}, {"price": "0.97", "size": "383.33"}, {"price": "0.96", "size": "137"}, {"price": "0.95", "size": "250"}, {"price": "0.91", "size": "13"}], "event_type": "book", "last_trade_price": ""}, {"market": "0xe19ce82eafb1ed4c2ebf154cdd3b0f0d3a94e409ad12b6a45a4ce2dc3673ee70", "asset_id": "20497800394204957420464560521558314804918837014912101447089997835490051837634", "timestamp": "1769383901930", "hash": "438fd519ad5588414bc8a241558de2dc42182c94", "bids": [{"price": "0.01", "size": "173"}, {"price": "0.04", "size": "37"}, {"price": "0.05", "size": "18"}, {"price": "0.2", "size": "65"}, {"price": "0.21", "size": "52.38"}, {"price": "0.76", "size": "13"}], "asks": [{"price": "0.99", "size": "536"}, {"price": "0.98", "size": "300"}, {"price": "0.97", "size": "194"}, {"price": "0.96", "size": "48.1"}, {"price": "0.86", "size": "7.4"}], "event_type": "book", "last_trade_price": ""}, {"market": "0xe19ce82eafb1ed4c2ebf154cdd3b0f0d3a94e409ad12b6a45a4ce2dc3673ee70", "asset_id": "32016425404624076903846858548712324368402015478910322743257344407029533885119", "timestamp": "1769383901930", "hash": "1a2e886431ecbdb97a4a46031d9e3340844de0ec", "bids": [{"price": "0.01", "size": "536"}, {"price": "0.02", "size": "300"}, {"price": "0.03", "size": "194"}, {"price": "0.04", "size": "48.1"}, {"price": "0.14", "size": "7.4"}], "asks": [{"price": "0.99", "size": "173"}, {"price": "0.96", "size": "37"}, {"price": "0.95", "size": "18"}, {"price": "0.8", "size": "65"}, {"price": "0.79", "size": "52.38"}, {"price": "0.24", "size": "13"}], "event_type": "book", "last_trade_price": ""}, {"market": "0x2672df88e6537ee93ce491c8bc6b1328c79f51fc962f98c1bd9d91f397245fd0", "asset_id": "26910263131478090808318689956141686870374584971925297003318119303483599699994", "timestamp": "1769382484886", "hash": "95b3d0e7575d07db0fa1b7c9a676bbb6aaed0f14", "bids": [{"price": "0.01", "size": "173"}, {"price": "0.02", "size": "76"}, {"price": "0.04", "size": "37"}, {"price": "0.79", "size": "13"}], "asks": [{"price": "0.99", "size": "123"}, {"price": "0.98", "size": "77"}, {"price": "0.96", "size": "37"}, {"price": "0.89", "size": "9.09"}], "event_type": "book", "last_trade_price": ""}]}
