{"_local_timestamp": "2026-01-25T23:34:28.861655+00:00", "data": [{"market": "0x946e937dd543d522f26675de159a81b671baf2673494cfe892d72f59b6a48d65", "asset_id": "32326797912692418881793085135004847069627417506373303910110643211151890932437", "timestamp": "1769384068481", "hash": "e920e4c01c250a318212386a9de13a7a84b0750c", "bids": [{"price": "0.01", "size": "138.18"}, {"price": "0.02", "size": "76.07"}, {"price": "0.04", "size": "21.16"}, {"price": "0.44", "size": "1100"}], "asks": [{"price": "0.99", "size": "138.12"}, {"price": "0.98", "size": "76.01"}, {"price": "0.96", "size": "21.21"}, {"price": "0.55", "size": "1000"}, {"price": "0.54", "size": "100"}], "event_type": "book", "last_trade_price": ""}, {"market": "0x2f38e972648214a9faf442dfb13a3306ba2767ca2b43185da164e054283808bf", "asset_id": "14522595131049267236332195965642891656236962715258897042595810607889013649709", "timestamp": "1769384067758", "hash": "9c8c5dba2a191f0b7c78bb924753a00ce6ac4985", "bids": [{"price": "0.01", "size": "1890.01"}, {"price": "0.02", "size": "1000"}, {"price": "0.03", "size": "10.41"}, {"price": "0.04", "size": "2625"}, {"price": "0.06", "size": "1000"}, {"price": "0.08", "size": "68.75"}, {"price": "0.09", "size": "206.52"}, {"price": "0.1", "size": "103"}, {"price": "0.11", "size": "200"}, {"price": "0.35", "size": "205"}, {"price": "0.36", "size": "1183"}, {"price": "0.37", "size": "5"}, {"price": "0.38", "size": "74"}], "asks": [{"price": "0.99", "size": "1890.1"}, {"price": "0.98", "size": "1000"}, {"price": "0.97", "size": "9.45"}, {"price": "0.96", "size": "2300"}, {"price": "0.95", "size": "800"}, {"price": "0.91", "size": "344.44"}, {"price": "0.9", "size": "200"}, {"price": "0.89", "size": "1005.59"}, {"price": "0.88", "size": "300"}, {"price": "0.8", "size": "700"}, {"price": "0.75", "size": "400"}, {"price": "0.74", "size": "200"}, {"price": "0.7", "size": "300"}, {"price": "0.67", "size": "300"}, {"price": "0.64", "size": "187"}, {"price": "0.48", "size": "1105"}, {"price": "0.46", "size": "5"}, {"price": "0.45", "size": "5"}, {"price": "0.42", "size": "5"}], "event_type": "book", "last_trade_price": "0.380"}, {"market": "0x87c844b30b587e7fd0fa9de1e6cbd8ceda173ff3d773ec5fca345047e97663c5", "asset_id": "81328461840865453437537555939823283523335876676600916477509008200626009722000", "timestamp": "1769384062002", "hash": "d2a5ce4477ccb386ff324b25d082d4e515ea1bf3", "bids": [{"price": "0.01", "size": "138.15"}, {"price": "0.02", "size": "76.04"}, {"price": "0.04", "size": "21.19"}, {"price": "0.43", "size": "500"}, {"price": "0.45", "size": "100"}], "asks": [{"price": "0.99", "size": "138.12"}, {"price": "0.98", "size": "118.44"}, {"price": "0.55", "size": "500"}, {"price": "0.54", "size": "100"}], "event_type": "book", "last_trade_price": ""}, {"market": "0x87c844b30b587e7fd0fa9de1e6cbd8ceda173ff3d773ec5fca345047e97663c5", "asset_id": "27477604225498520875722470451761249779556987401301302829297066492819524175988", "timestamp": "1769384062002", "hash": "319e675622b1ce3f71481b716bf4fb5a82fd148e", "bids": [{"price": "0.01", "size": "138.12"}, {"price": "0.02", "size": "118.44"}, {"price": "0.45", "size": "500"}, {"price": "0.46", "size": "100"}], "asks": [{"price": "0.99", "size": "138.15"}, {"price": "0.98", "size": "76.04"}, {"price": "0.96", "size": "21.19"}, {"price": "0.57", "size": "500"}, {"price": "0.55", "size": "100"}], "event_type": "book", "last_trade_price": ""}, {"market": "0x946e937dd543d522f26675de159a81b671baf2673494cfe892d72f59b6a48d65", "asset_id": "30096860216428751849752731020220240501257311873820387581706587487048682309490", "timestamp": "1769384068481", "hash": "9544568e97e9e8d06cd402a7f26fd5e2905a4bc1", "bids": [{"price": "0.01", "size": "138.12"}, {"price": "0.02", "size": "76.01"}, {"price": "0.04", "size": "21.21"}, {"price": "0.45", "size": "1000"}, {"price": "0.46", "size": "100"}], "asks": [{"price": "0.99", "size": "138.18"}, {"price": "0.98", "size": "76.07"}, {"price": "0.96", "size": "21.16"}, {"price": "0.56", "size": "1100"}], "event_type": "book", "last_trade_price": ""}, {"market": "0xc713ebea2d3f3c75c22f360a55ceff5347416bc9ca58fdf77aab197792b8d912", "asset_id": "83235839729762820596328567738200871340764884192429856507108774760505261237496", "timestamp": "1769383649236", "hash": "521bd5e8bc6b81c67ac1992a1ab38da9eeb66595", "bids": [{"price": "0.01", "size": "138.12"}, {"price": "0.02", "size": "118.44"}, {"price": "0.46", "size": "100"}], "asks": [{"price": "0.99", "size": "138.18"}, {"price": "0.98", "size": "118.41"}, {"price": "0.56", "size": "100"}], "event_type": "book", "last_trade_price": ""}, {"market": "0xc713ebea2d3f3c75c22f360a55ceff5347416bc9ca58fdf77aab197792b8d912", "asset_id": "80284667136460174211607827009360915516808713819381922734543063233622845321786", "timestamp": "1769383649236", "hash": "069d5bfb4d6e4ea6e030c990efc182741681bdc3", "bids": [{"price": "0.01", "size": "138.18"}, {"price": "0.02", "size": "118.41"}, {"price": "0.44", "size": "100"}], "asks": [{"price": "0.99", "size": "138.12"}, {"price": "0.98", "size": "118.44"}, {"price": "0.54", "size": "100"}], "event_type": "book", "last_trade_price": ""}, {"market": "0x2f38e972648214a9faf442dfb13a3306ba2767ca2b43185da164e054283808bf", "asset_id": "53686121198056356961708765230174235914321565963241610922776651877875433998743", "timestamp": "1769384067758", "hash": "9ab899e0dff51e159b7359a9828d90074b5c9d53", "bids": [{"price": "0.01", "size": "1890.1"}, {"price": "0.02", "size": "1000"}, {"price": "0.03", "size": "9.45"}, {"price": "0.04", "size": "2300"}, {"price": "0.05", "size": "800"}, {"price": "0.09", "size": "344.44"}, {"price": "0.1", "size": "200"}, {"price": "0.11", "size": "1005.59"}, {"price": "0.12", "size": "300"}, {"price": "0.2", "size": "700"}, {"price": "0.25", "size": "400"}, {"price": "0.26", "size": "200"}, {"price": "0.3", "size": "300"}, {"price": "0.33", "size": "300"}, {"price": "0.36", "size": "187"}, {"price": "0.52", "size": "1105"}, {"price": "0.54", "size": "5"}, {"price": "0.55", "size": "5"}, {"price": "0.58", "size": "5"}], "asks": [{"price": "0.99", "size": "1890.01"}, {"price": "0.98", "size": "1000"}, {"price": "0.97", "size": "10.41"}, {"price": "0.96", "size": "2625"}, {"price": "0.94", "size": "1000"}, {"price": "0.92", "size": "68.75"}, {"price": "0.91", "size": "206.52"}, {"price": "0.9", "size": "103"}, {"price": "0.89", "size": "200"}, {"price": "0.65", "size": "205"}, {"price": "0.64", "size": "1183"}, {"price": "0.63", "size": "5"}, {"price": "0.62", "size": "74"}], "event_type": "book", "last_trade_price": "0.380"}]}
{"_local_timestamp": "2026-01-25T23:34:28.891582+00:00", "data": {"market": "0x946e937dd543d522f26675de159a81b671baf2673494cfe892d72f59b6a48d65", "price_changes": [{"asset_id": "30096860216428751849752731020220240501257311873820387581706587487048682309490", "price": "0.45", "size": "1000", "side": "BUY", "hash": "53c43d9d7a5013053cbda6624747dfb93cf71fc7", "best_bid": "0.46", "best_ask": "0.56"}, {"asset_id": "32326797912692418881793085135004847069627417506373303910110643211151890932437", "price": "0.55", "size": "1000", "side": "SELL", "hash": "2421d6049c5fc3ae045e3ad785f44a72ae1ebef5", "best_bid": "0.44", "best_ask": "0.54"}], "timestamp": "1769384068480", "event_type": "price_change"}}
{"_local_timestamp": "2026-01-25T23:34:28.894807+00:00", "data": {"market": "0x946e937dd543d522f26675de159a81b671baf2673494cfe892d72f59b6a48d65", "price_changes": [{"asset_id": "32326797912692418881793085135004847069627417506373303910110643211151890932437", "price": "0.44", "size": "1100", "side": "BUY", "hash": "e920e4c01c250a318212386a9de13a7a84b0750c", "best_bid": "0.44", "best_ask": "0.54"}, {"asset_id": "30096860216428751849752731020220240501257311873820387581706587487048682309490", "price": "0.56", "size": "1100", "side": "SELL", "hash": "9544568e97e9e8d06cd402a7f26fd5e2905a4bc1", "best_bid": "0.46", "best_ask": "0.56"}], "timestamp": "1769384068481", "event_type": "price_change"}}
{"_local_timestamp": "2026-01-25T23:34:29.164785+00:00", "data": {"market": "0x946e937dd543d522f26675de159a81b671baf2673494cfe892d72f59b6a48d65", "price_changes": [{"asset_id": "32326797912692418881793085135004847069627417506373303910110643211151890932437", "price": "0.44", "size": "600", "side": "BUY", "hash": "89895313d700248418922a50285153410ee9d101", "best_bid": "0.44", "best_ask": "0.54"}, {"asset_id": "30096860216428751849752731020220240501257311873820387581706587487048682309490", "price": "0.56", "size": "600", "side": "SELL", "hash": "97484e7bf5d77fc73338d23307feff3f9473a686", "best_bid": "0.46", "best_ask": "0.56"}], "timestamp": "1769384069001", "event_type": "price_change"}}
{"_local_timestamp": "2026-01-25T23:34:29.172459+00:00", "data": {"market": "0x946e937dd543d522f26675de159a81b671baf2673494cfe892d72f59b6a48d65", "price_changes": [{"asset_id": "30096860216428751849752731020220240501257311873820387581706587487048682309490", "price": "0.45", "size": "500", "side": "BUY", "hash": "d89be8fa451324d5c19cd955cf00c5e4c3f1f2ce", "best_bid": "0.46", "best_ask": "0.56"}, {"asset_id": "32326797912692418881793085135004847069627417506373303910110643211151890932437", "price": "0.55", "size": "500", "side": "SELL", "hash": "118ad4ddc3de8a487a6a07ae64c7e376fcf2a586", "best_bid": "0.44", "best_ask": "0.54"}], "timestamp": "1769384069004", "event_type": "price_change"}}
{"_local_timestamp": "2026-01-25T23:34:34.294101+00:00", "data": {"market": "0x2f38e972648214a9faf442dfb13a3306ba2767ca2b43185da164e054283808bf", "price_changes": [{"asset_id": "53686121198056356961708765230174235914321565963241610922776651877875433998743", "price": "0.36", "size": "0", "side": "BUY", "hash": "8223b84e8c75ac48784f8c458762e88b1a493d21", "best_bid": "0.58", "best_ask": "0.62"}, {"asset_id": "14522595131049267236332195965642891656236962715258897042595810607889013649709", "price": "0.64", "size": "0", "side": "SELL", "hash": "ae187f6cfc2603bb9da918dbcc7688dbb307b666", "best_bid": "0.38", "best_ask": "0.42"}], "timestamp": "1769384074212", "event_type": "price_change"}}
{"_local_timestamp": "2026-01-25T23:34:34.300128+00:00", "data": {"market": "0x2f38e972648214a9faf442dfb13a3306ba2767ca2b43185da164e054283808bf", "price_changes": [{"asset_id": "53686121198056356961708765230174235914321565963241610922776651877875433998743", "price": "0.35", "size": "183", "side": "BUY", "hash": "dde6ebd11d406c45bcc0538c2ddd28e28ce876e9", "best_bid": "0.58", "best_ask": "0.62"}, {"asset_id": "14522595131049267236332195965642891656236962715258897042595810607889013649709", "price": "0.65", "size": "183", "side": "SELL", "hash": "fde9c9dda0e7b2b2ee9b14970969f84fbf3134ac", "best_bid": "0.38", "best_ask": "0.42"}], "timestamp": "1769384074214", "event_type": "price_change"}}
