{"_local_timestamp": "2026-01-25T23:41:07.163698+00:00", "data": [{"market": "0x1fa8827ea7fbd094a31162ece57c7b5e963b0b63d7e7e743e51de9cbf58953a8", "asset_id": "14224359231193794613898194689968930839080618600184518578153742756494528550961", "timestamp": "1769384462164", "hash": "456f82be3ee802ee29a804816d1b0e4c318f6b60", "bids": [{"price": "0.01", "size": "13776.15"}, {"price": "0.02", "size": "2250"}, {"price": "0.03", "size": "11.66"}, {"price": "0.04", "size": "300"}, {"price": "0.05", "size": "3899.11"}, {"price": "0.06", "size": "2199.11"}, {"price": "0.1", "size": "10"}, {"price": "0.11", "size": "5.3"}, {"price": "0.15", "size": "300"}, {"price": "0.32", "size": "200"}, {"price": "0.34", "size": "38.23"}, {"price": "0.36", "size": "30.55"}, {"price": "0.37", "size": "2000"}], "asks": [{"price": "0.99", "size": "13985.15"}, {"price": "0.98", "size": "150"}, {"price": "0.97", "size": "10.94"}, {"price": "0.95", "size": "10"}, {"price": "0.94", "size": "13.9"}, {"price": "0.86", "size": "5"}, {"price": "0.84", "size": "81.25"}, {"price": "0.82", "size": "61.11"}, {"price": "0.8", "size": "300"}, {"price": "0.79", "size": "10"}, {"price": "0.78", "size": "100"}, {"price": "0.75", "size": "200"}], "event_type": "book", "last_trade_price": "0.310"}, {"market": "0x1fa8827ea7fbd094a31162ece57c7b5e963b0b63d7e7e743e51de9cbf58953a8", "asset_id": "43529706202832600826352801023833082312614825603087597124116826663910039284634", "timestamp": "1769384462164", "hash": "aa3124e73061eb55075ace2516cdfde3d253e7c2", "bids": [{"price": "0.01", "size": "13985.15"}, {"price": "0.02", "size": "150"}, {"price": "0.03", "size": "10.94"}, {"price": "0.05", "size": "10"}, {"price": "0.06", "size": "13.9"}, {"price": "0.14", "size": "5"}, {"price": "0.16", "size": "81.25"}, {"price": "0.18", "size": "61.11"}, {"price": "0.2", "size": "300"}, {"price": "0.21", "size": "10"}, {"price": "0.22", "size": "100"}, {"price": "0.25", "size": "200"}], "asks": [{"price": "0.99", "size": "13776.15"}, {"price": "0.98", "size": "2250"}, {"price": "0.97", "size": "11.66"}, {"price": "0.96", "size": "300"}, {"price": "0.95", "size": "3899.11"}, {"price": "0.94", "size": "2199.11"}, {"price": "0.9", "size": "10"}, {"price": "0.89", "size": "5.3"}, {"price": "0.85", "size": "300"}, {"price": "0.68", "size": "200"}, {"price": "0.66", "size": "38.23"}, {"price": "0.64", "size": "30.55"}, {"price": "0.63", "size": "2000"}], "event_type": "book", "last_trade_price": "0.310"}]}
{"_local_timestamp": "2026-01-25T23:41:08.416686+00:00", "data": {"market": "0x1fa8827ea7fbd094a31162ece57c7b5e963b0b63d7e7e743e51de9cbf58953a8", "price_changes": [{"asset_id": "43529706202832600826352801023833082312614825603087597124116826663910039284634", "price": "0.26", "size": "50", "side": "BUY", "hash": "1a7741872a9c56dc0b438882f4db309e614226e0", "best_bid": "0.26", "best_ask": "0.63"}, {"asset_id": "14224359231193794613898194689968930839080618600184518578153742756494528550961", "price": "0.74", "size": "50", "side": "SELL", "hash": "a609f7a7e87058b66efc19d9c84e257685f22c26", "best_bid": "0.37", "best_ask": "0.74"}], "timestamp": "1769384468348", "event_type": "price_change"}}
{"_local_timestamp": "2026-01-25T23:41:09.049125+00:00", "data": {"market": "0x1fa8827ea7fbd094a31162ece57c7b5e963b0b63d7e7e743e51de9cbf58953a8", "price_changes": [{"asset_id": "43529706202832600826352801023833082312614825603087597124116826663910039284634", "price": "0.22", "size": "0", "side": "BUY", "hash": "4be7b06736317c3aa7c5eb590c5bb8cadc366e18", "best_bid": "0.26", "best_ask": "0.63"}, {"asset_id": "14224359231193794613898194689968930839080618600184518578153742756494528550961", "price": "0.78", "size": "0", "side": "SELL", "hash": "d333d492efc281273c67f9b1ee5b3ae0e3997670", "best_bid": "0.37", "best_ask": "0.74"}], "timestamp": "1769384468984", "event_type": "price_change"}}
{"_local_timestamp": "2026-01-25T23:41:11.803430+00:00", "data": {"market": "0x1fa8827ea7fbd094a31162ece57c7b5e963b0b63d7e7e743e51de9cbf58953a8", "price_changes": [{"asset_id": "43529706202832600826352801023833082312614825603087597124116826663910039284634", "price": "0.06", "size": "8.43", "side": "BUY", "hash": "4caa0b92ef365a5bf8f32dc364a030465f6f45a4", "best_bid": "0.26", "best_ask": "0.63"}, {"asset_id": "14224359231193794613898194689968930839080618600184518578153742756494528550961", "price": "0.94", "size": "8.43", "side": "SELL", "hash": "15fcbbf543d8b7605fe24a20ad58e521f2cdce84", "best_bid": "0.37", "best_ask": "0.74"}], "timestamp": "1769384471730", "event_type": "price_change"}}
{"_local_timestamp": "2026-01-25T23:41:23.387519+00:00", "data": {"market": "0x1fa8827ea7fbd094a31162ece57c7b5e963b0b63d7e7e743e51de9cbf58953a8", "price_changes": [{"asset_id": "43529706202832600826352801023833082312614825603087597124116826663910039284634", "price": "0.01", "size": "2988.71", "side": "BUY", "hash": "9c87679209fc07ba068d90eb05c2ce5fa728ba99", "best_bid": "0.26", "best_ask": "0.63"}, {"asset_id": "14224359231193794613898194689968930839080618600184518578153742756494528550961", "price": "0.99", "size": "2988.71", "side": "SELL", "hash": "30349d7441debc1446d681af05d5e9cb81e18885", "best_bid": "0.37", "best_ask": "0.74"}], "timestamp": "1769384483314", "event_type": "price_change"}}
{"_local_timestamp": "2026-01-25T23:41:23.469198+00:00", "data": {"market": "0x1fa8827ea7fbd094a31162ece57c7b5e963b0b63d7e7e743e51de9cbf58953a8", "price_changes": [{"asset_id": "14224359231193794613898194689968930839080618600184518578153742756494528550961", "price": "0.37", "size": "3999.11", "side": "BUY", "hash": "a6ae99cb4f80da418ccf33287c82b4c2fbb54698", "best_bid": "0.37", "best_ask": "0.74"}, {"asset_id": "43529706202832600826352801023833082312614825603087597124116826663910039284634", "price": "0.63", "size": "3999.11", "side": "SELL", "hash": "4ed17a716f0d85152a57992a22e74d2611427c6f", "best_bid": "0.26", "best_ask": "0.63"}], "timestamp": "1769384483403", "event_type": "price_change"}}
{"_local_timestamp": "2026-01-25T23:41:23.469612+00:00", "data": {"market": "0x1fa8827ea7fbd094a31162ece57c7b5e963b0b63d7e7e743e51de9cbf58953a8", "price_changes": [{"asset_id": "14224359231193794613898194689968930839080618600184518578153742756494528550961", "price": "0.38", "size": "1999.11", "side": "BUY", "hash": "31d047bfc9f33f5e8d11a31f2f7a9e88877f7c15", "best_bid": "0.38", "best_ask": "0.74"}, {"asset_id": "43529706202832600826352801023833082312614825603087597124116826663910039284634", "price": "0.62", "size": "1999.11", "side": "SELL", "hash": "7a9ea1966b8c343a2b584af1de932981cae61117", "best_bid": "0.26", "best_ask": "0.62"}], "timestamp": "1769384483404", "event_type": "price_change"}}
{"_local_timestamp": "2026-01-25T23:41:23.693900+00:00", "data": {"market": "0x1fa8827ea7fbd094a31162ece57c7b5e963b0b63d7e7e743e51de9cbf58953a8", "price_changes": [{"asset_id": "14224359231193794613898194689968930839080618600184518578153742756494528550961", "price": "0.39", "size": "30", "side": "BUY", "hash": "2ddb646dfb20078bb9fe4f7ee21eba84c312e2a6", "best_bid": "0.39", "best_ask": "0.74"}, {"asset_id": "43529706202832600826352801023833082312614825603087597124116826663910039284634", "price": "0.61", "size": "30", "side": "SELL", "hash": "d27c2fe5b6496e4c737ba55bfb2b9e902b5c88cb", "best_bid": "0.26", "best_ask": "0.61"}], "timestamp": "1769384483624", "event_type": "price_change"}}
{"_local_timestamp": "2026-01-25T23:41:24.036917+00:00", "data": {"market": "0x1fa8827ea7fbd094a31162ece57c7b5e963b0b63d7e7e743e51de9cbf58953a8", "price_changes": [{"asset_id": "14224359231193794613898194689968930839080618600184518578153742756494528550961", "price": "0.4", "size": "1000", "side": "BUY", "hash": "e9df24fbedf7bd036287032b46abed69f92860be", "best_bid": "0.4", "best_ask": "0.74"}, {"asset_id": "43529706202832600826352801023833082312614825603087597124116826663910039284634", "price": "0.6", "size": "1000", "side": "SELL", "hash": "ab25da9b114c2efa41596858c82f400c6dc75ed7", "best_bid": "0.26", "best_ask": "0.6"}], "timestamp": "1769384483970", "event_type": "price_change"}}
{"_local_timestamp": "2026-01-25T23:41:24.037295+00:00", "data": {"market": "0x1fa8827ea7fbd094a31162ece57c7b5e963b0b63d7e7e743e51de9cbf58953a8", "price_changes": [{"asset_id": "14224359231193794613898194689968930839080618600184518578153742756494528550961", "price": "0.37", "size": "1999.11", "side": "BUY", "hash": "1225359ab542d29317ffe8cf24deeded791b5c90", "best_bid": "0.4", "best_ask": "0.74"}, {"asset_id": "43529706202832600826352801023833082312614825603087597124116826663910039284634", "price": "0.63", "size": "1999.11", "side": "SELL", "hash": "2463f844ff1ee7007cca80db45037b8d9c91178f", "best_bid": "0.26", "best_ask": "0.6"}], "timestamp": "1769384483970", "event_type": "price_change"}}
{"_local_timestamp": "2026-01-25T23:41:26.063532+00:00", "data": {"market": "0x1fa8827ea7fbd094a31162ece57c7b5e963b0b63d7e7e743e51de9cbf58953a8", "price_changes": [{"asset_id": "14224359231193794613898194689968930839080618600184518578153742756494528550961", "price": "0.39", "size": "0", "side": "BUY", "hash": "9f0e68b38f3af26acbb8a81ba7da242225da1819", "best_bid": "0.4", "best_ask": "0.74"}, {"asset_id": "43529706202832600826352801023833082312614825603087597124116826663910039284634", "price": "0.61", "size": "0", "side": "SELL", "hash": "88979d03dc7da815bb56716f5636365d005faf51", "best_bid": "0.26", "best_ask": "0.6"}], "timestamp": "1769384485986", "event_type": "price_change"}}
{"_local_timestamp": "2026-01-25T23:41:26.162255+00:00", "data": {"market": "0x1fa8827ea7fbd094a31162ece57c7b5e963b0b63d7e7e743e51de9cbf58953a8", "price_changes": [{"asset_id": "14224359231193794613898194689968930839080618600184518578153742756494528550961", "price": "0.41", "size": "30", "side": "BUY", "hash": "b47ad55606a1d9a503b24a1a688df5b443ba8d26", "best_bid": "0.41", "best_ask": "0.74"}, {"asset_id": "43529706202832600826352801023833082312614825603087597124116826663910039284634", "price": "0.59", "size": "30", "side": "SELL", "hash": "d1c34fecfb63b61f18117644742f622f41530779", "best_bid": "0.26", "best_ask": "0.59"}], "timestamp": "1769384486076", "event_type": "price_change"}}
{"_local_timestamp": "2026-01-25T23:41:26.622066+00:00", "data": {"market": "0x1fa8827ea7fbd094a31162ece57c7b5e963b0b63d7e7e743e51de9cbf58953a8", "price_changes": [{"asset_id": "14224359231193794613898194689968930839080618600184518578153742756494528550961", "price": "0.4", "size": "0", "side": "BUY", "hash": "029cc3af18e6d86c2deb03133b99167985079002", "best_bid": "0.41", "best_ask": "0.74"}, {"asset_id": "43529706202832600826352801023833082312614825603087597124116826663910039284634", "price": "0.6", "size": "0", "side": "SELL", "hash": "62971dd469b0d17eb2814578119305509d01ddbf", "best_bid": "0.26", "best_ask": "0.59"}], "timestamp": "1769384486551", "event_type": "price_change"}}
{"_local_timestamp": "2026-01-25T23:41:26.630539+00:00", "data": {"market": "0x1fa8827ea7fbd094a31162ece57c7b5e963b0b63d7e7e743e51de9cbf58953a8", "price_changes": [{"asset_id": "14224359231193794613898194689968930839080618600184518578153742756494528550961", "price": "0.42", "size": "1000", "side": "BUY", "hash": "c6f8818dc60e461d0acaf3ecc2f107f06e890c48", "best_bid": "0.42", "best_ask": "0.74"}, {"asset_id": "43529706202832600826352801023833082312614825603087597124116826663910039284634", "price": "0.58", "size": "1000", "side": "SELL", "hash": "535ba932a3008a12b408d55480c15d1d300b7026", "best_bid": "0.26", "best_ask": "0.58"}], "timestamp": "1769384486565", "event_type": "price_change"}}
{"_local_timestamp": "2026-01-25T23:41:26.668118+00:00", "data": {"market": "0x1fa8827ea7fbd094a31162ece57c7b5e963b0b63d7e7e743e51de9cbf58953a8", "price_changes": [{"asset_id": "14224359231193794613898194689968930839080618600184518578153742756494528550961", "price": "0.38", "size": "0", "side": "BUY", "hash": "893728d103b3ce1377670fd78615b89ea87c316a", "best_bid": "0.42", "best_ask": "0.74"}, {"asset_id": "43529706202832600826352801023833082312614825603087597124116826663910039284634", "price": "0.62", "size": "0", "side": "SELL", "hash": "2297d8118c36d9a0359b7a6de82535b30d7c3d37", "best_bid": "0.26", "best_ask": "0.58"}], "timestamp": "1769384486594", "event_type": "price_change"}}
{"_local_timestamp": "2026-01-25T23:41:26.669041+00:00", "data": {"market": "0x1fa8827ea7fbd094a31162ece57c7b5e963b0b63d7e7e743e51de9cbf58953a8", "price_changes": [{"asset_id": "14224359231193794613898194689968930839080618600184518578153742756494528550961", "price": "0.37", "size": "0", "side": "BUY", "hash": "893728d103b3ce1377670fd78615b89ea87c316a", "best_bid": "0.42", "best_ask": "0.74"}, {"asset_id": "43529706202832600826352801023833082312614825603087597124116826663910039284634", "price": "0.63", "size": "0", "side": "SELL", "hash": "2297d8118c36d9a0359b7a6de82535b30d7c3d37", "best_bid": "0.26", "best_ask": "0.58"}], "timestamp": "1769384486594", "event_type": "price_change"}}
{"_local_timestamp": "2026-01-25T23:41:26.724101+00:00", "data": {"market": "0x1fa8827ea7fbd094a31162ece57c7b5e963b0b63d7e7e743e51de9cbf58953a8", "price_changes": [{"asset_id": "14224359231193794613898194689968930839080618600184518578153742756494528550961", "price": "0.38", "size": "1999.11", "side": "BUY", "hash": "39378528bf546c1253df83720353f2c3c839152a", "best_bid": "0.42", "best_ask": "0.74"}, {"asset_id": "43529706202832600826352801023833082312614825603087597124116826663910039284634", "price": "0.62", "size": "1999.11", "side": "SELL", "hash": "f3650728decfa4fd041826d251fef53e3791a9a6", "best_bid": "0.26", "best_ask": "0.58"}], "timestamp": "1769384486650", "event_type": "price_change"}}
{"_local_timestamp": "2026-01-25T23:41:26.724675+00:00", "data": {"market": "0x1fa8827ea7fbd094a31162ece57c7b5e963b0b63d7e7e743e51de9cbf58953a8", "price_changes": [{"asset_id": "14224359231193794613898194689968930839080618600184518578153742756494528550961", "price": "0.39", "size": "1999.11", "side": "BUY", "hash": "7136eb26f98f5bf64022abff80a598c63d342985", "best_bid": "0.42", "best_ask": "0.74"}, {"asset_id": "43529706202832600826352801023833082312614825603087597124116826663910039284634", "price": "0.61", "size": "1999.11", "side": "SELL", "hash": "55d58180149b1d5ec35d33e3a1bc79095b7e2f54", "best_bid": "0.26", "best_ask": "0.58"}], "timestamp": "1769384486650", "event_type": "price_change"}}
{"_local_timestamp": "2026-01-25T23:41:26.793016+00:00", "data": {"market": "0x1fa8827ea7fbd094a31162ece57c7b5e963b0b63d7e7e743e51de9cbf58953a8", "price_changes": [{"asset_id": "14224359231193794613898194689968930839080618600184518578153742756494528550961", "price": "0.41", "size": "0", "side": "BUY", "hash": "b5ae90c5969ac9e3d091b9329d5288bd226432b5", "best_bid": "0.42", "best_ask": "0.74"}, {"asset_id": "43529706202832600826352801023833082312614825603087597124116826663910039284634", "price": "0.59", "size": "0", "side": "SELL", "hash": "1abe2d31cdd0d19004b58282a9f276761163675e", "best_bid": "0.26", "best_ask": "0.58"}], "timestamp": "1769384486704", "event_type": "price_change"}}
{"_local_timestamp": "2026-01-25T23:41:27.048135+00:00", "data": {"market": "0x1fa8827ea7fbd094a31162ece57c7b5e963b0b63d7e7e743e51de9cbf58953a8", "price_changes": [{"asset_id": "14224359231193794613898194689968930839080618600184518578153742756494528550961", "price": "0.42", "size": "0", "side": "BUY", "hash": "756ceac7dab2c7281cbc0f9d90646923885dec23", "best_bid": "0.39", "best_ask": "0.74"}, {"asset_id": "43529706202832600826352801023833082312614825603087597124116826663910039284634", "price": "0.58", "size": "0", "side": "SELL", "hash": "4901105dcc7867eb596d6fe888e8794a2a142fa3", "best_bid": "0.26", "best_ask": "0.61"}], "timestamp": "1769384486967", "event_type": "price_change"}}
{"_local_timestamp": "2026-01-25T23:41:27.055542+00:00", "data": {"market": "0x1fa8827ea7fbd094a31162ece57c7b5e963b0b63d7e7e743e51de9cbf58953a8", "price_changes": [{"asset_id": "14224359231193794613898194689968930839080618600184518578153742756494528550961", "price": "0.4", "size": "1000", "side": "BUY", "hash": "da00b9bf85ff5c5a3a61bf129ac918cef8a1c66a", "best_bid": "0.4", "best_ask": "0.74"}, {"asset_id": "43529706202832600826352801023833082312614825603087597124116826663910039284634", "price": "0.6", "size": "1000", "side": "SELL", "hash": "de6429ef152557a3ace3f4e5181bb340187f29e0", "best_bid": "0.26", "best_ask": "0.6"}], "timestamp": "1769384486970", "event_type": "price_change"}}
{"_local_timestamp": "2026-01-25T23:41:27.498458+00:00", "data": {"market": "0x1fa8827ea7fbd094a31162ece57c7b5e963b0b63d7e7e743e51de9cbf58953a8", "price_changes": [{"asset_id": "14224359231193794613898194689968930839080618600184518578153742756494528550961", "price": "0.41", "size": "30", "side": "BUY", "hash": "98b87c3dbb4cd246f968b71cb3c5069e50f2e240", "best_bid": "0.41", "best_ask": "0.74"}, {"asset_id": "43529706202832600826352801023833082312614825603087597124116826663910039284634", "price": "0.59", "size": "30", "side": "SELL", "hash": "60a70f3bdc0f8846d7d02b5c2bb100a7a2f18363", "best_bid": "0.26", "best_ask": "0.59"}], "timestamp": "1769384487430", "event_type": "price_change"}}
{"_local_timestamp": "2026-01-25T23:41:27.647263+00:00", "data": {"market": "0x1fa8827ea7fbd094a31162ece57c7b5e963b0b63d7e7e743e51de9cbf58953a8", "price_changes": [{"asset_id": "14224359231193794613898194689968930839080618600184518578153742756494528550961", "price": "0.4", "size": "0", "side": "BUY", "hash": "b221c478faeec6c2c2941ed32ec9921e1d662b6c", "best_bid": "0.41", "best_ask": "0.74"}, {"asset_id": "43529706202832600826352801023833082312614825603087597124116826663910039284634", "price": "0.6", "size": "0", "side": "SELL", "hash": "68de1d01fa77b221c13bfb8f876019e3baec602e", "best_bid": "0.26", "best_ask": "0.59"}], "timestamp": "1769384487578", "event_type": "price_change"}}
{"_local_timestamp": "2026-01-25T23:41:27.657455+00:00", "data": {"market": "0x1fa8827ea7fbd094a31162ece57c7b5e963b0b63d7e7e743e51de9cbf58953a8", "price_changes": [{"asset_id": "14224359231193794613898194689968930839080618600184518578153742756494528550961", "price": "0.42", "size": "1000", "side": "BUY", "hash": "3c551d9e7506a71f0d8d008d02df92633201d572", "best_bid": "0.42", "best_ask": "0.74"}, {"asset_id": "43529706202832600826352801023833082312614825603087597124116826663910039284634", "price": "0.58", "size": "1000", "side": "SELL", "hash": "812c7bcad56c4d8c7bee45714df7fbbf2b8deaf0", "best_bid": "0.26", "best_ask": "0.58"}], "timestamp": "1769384487586", "event_type": "price_change"}}
{"_local_timestamp": "2026-01-25T23:41:29.165782+00:00", "data": {"market": "0x1fa8827ea7fbd094a31162ece57c7b5e963b0b63d7e7e743e51de9cbf58953a8", "price_changes": [{"asset_id": "14224359231193794613898194689968930839080618600184518578153742756494528550961", "price": "0.41", "size": "0", "side": "BUY", "hash": "65ac9b83b87f1499132cff32b50c78d6f230be03", "best_bid": "0.42", "best_ask": "0.74"}, {"asset_id": "43529706202832600826352801023833082312614825603087597124116826663910039284634", "price": "0.59", "size": "0", "side": "SELL", "hash": "f9baec5dc9486ef4e084c57e7ba9afe7da59de71", "best_bid": "0.26", "best_ask": "0.58"}], "timestamp": "1769384489094", "event_type": "price_change"}}
{"_local_timestamp": "2026-01-25T23:41:29.239562+00:00", "data": {"market": "0x1fa8827ea7fbd094a31162ece57c7b5e963b0b63d7e7e743e51de9cbf58953a8", "price_changes": [{"asset_id": "14224359231193794613898194689968930839080618600184518578153742756494528550961", "price": "0.43", "size": "30", "side": "BUY", "hash": "9482f9a5153f3fdb4c039821390d1954f15ecc30", "best_bid": "0.43", "best_ask": "0.74"}, {"asset_id": "43529706202832600826352801023833082312614825603087597124116826663910039284634", "price": "0.57", "size": "30", "side": "SELL", "hash": "4597d49f9ed58794bdafb2acd3d5e05419902c26", "best_bid": "0.26", "best_ask": "0.57"}], "timestamp": "1769384489156", "event_type": "price_change"}}
{"_local_timestamp": "2026-01-25T23:41:29.267054+00:00", "data": {"market": "0x1fa8827ea7fbd094a31162ece57c7b5e963b0b63d7e7e743e51de9cbf58953a8", "price_changes": [{"asset_id": "14224359231193794613898194689968930839080618600184518578153742756494528550961", "price": "0.38", "size": "0", "side": "BUY", "hash": "e428831499953e3e7d119e337fb4ed20563444a4", "best_bid": "0.43", "best_ask": "0.74"}, {"asset_id": "43529706202832600826352801023833082312614825603087597124116826663910039284634", "price": "0.62", "size": "0", "side": "SELL", "hash": "433587884c2a7a6269ef3388b9684066a26b6428", "best_bid": "0.26", "best_ask": "0.57"}], "timestamp": "1769384489199", "event_type": "price_change"}}
{"_local_timestamp": "2026-01-25T23:41:29.457106+00:00", "data": {"market": "0x1fa8827ea7fbd094a31162ece57c7b5e963b0b63d7e7e743e51de9cbf58953a8", "price_changes": [{"asset_id": "14224359231193794613898194689968930839080618600184518578153742756494528550961", "price": "0.42", "size": "0", "side": "BUY", "hash": "d5552bf333f9481952796574623cd77b8fc4eb1a", "best_bid": "0.43", "best_ask": "0.74"}, {"asset_id": "43529706202832600826352801023833082312614825603087597124116826663910039284634", "price": "0.58", "size": "0", "side": "SELL", "hash": "9ada1da4f95cb1c6a5bd8426a329c9a94059bff3", "best_bid": "0.26", "best_ask": "0.57"}], "timestamp": "1769384489387", "event_type": "price_change"}}
{"_local_timestamp": "2026-01-25T23:41:29.466304+00:00", "data": {"market": "0x1fa8827ea7fbd094a31162ece57c7b5e963b0b63d7e7e743e51de9cbf58953a8", "price_changes": [{"asset_id": "14224359231193794613898194689968930839080618600184518578153742756494528550961", "price": "0.44", "size": "1000", "side": "BUY", "hash": "a787a2fa18b46724cba98bc4b34e50d557354bd8", "best_bid": "0.44", "best_ask": "0.74"}, {"asset_id": "43529706202832600826352801023833082312614825603087597124116826663910039284634", "price": "0.56", "size": "1000", "side": "SELL", "hash": "f0c09110d94026b14098e60f0ed2ea995e508164", "best_bid": "0.26", "best_ask": "0.56"}], "timestamp": "1769384489398", "event_type": "price_change"}}
{"_local_timestamp": "2026-01-25T23:41:29.492918+00:00", "data": {"market": "0x1fa8827ea7fbd094a31162ece57c7b5e963b0b63d7e7e743e51de9cbf58953a8", "price_changes": [{"asset_id": "14224359231193794613898194689968930839080618600184518578153742756494528550961", "price": "0.39", "size": "0", "side": "BUY", "hash": "01c1349a1bbbc1408c88bb5db98fa55bb92bda9f", "best_bid": "0.44", "best_ask": "0.74"}, {"asset_id": "43529706202832600826352801023833082312614825603087597124116826663910039284634", "price": "0.61", "size": "0", "side": "SELL", "hash": "124b6c23f666479933f899f7aa5402be9e8ade23", "best_bid": "0.26", "best_ask": "0.56"}], "timestamp": "1769384489424", "event_type": "price_change"}}
{"_local_timestamp": "2026-01-25T23:41:29.948564+00:00", "data": {"market": "0x1fa8827ea7fbd094a31162ece57c7b5e963b0b63d7e7e743e51de9cbf58953a8", "price_changes": [{"asset_id": "14224359231193794613898194689968930839080618600184518578153742756494528550961", "price": "0.43", "size": "0", "side": "BUY", "hash": "903344f06d48c38b50e1d6dc3d09dd72bb150e42", "best_bid": "0.44", "best_ask": "0.74"}, {"asset_id": "43529706202832600826352801023833082312614825603087597124116826663910039284634", "price": "0.57", "size": "0", "side": "SELL", "hash": "82c5726f3a6af7a1b8e365fb1bee3136d0ba14ef", "best_bid": "0.26", "best_ask": "0.56"}], "timestamp": "1769384489876", "event_type": "price_change"}}
{"_local_timestamp": "2026-01-25T23:41:30.264503+00:00", "data": {"market": "0x1fa8827ea7fbd094a31162ece57c7b5e963b0b63d7e7e743e51de9cbf58953a8", "price_changes": [{"asset_id": "14224359231193794613898194689968930839080618600184518578153742756494528550961", "price": "0.44", "size": "0", "side": "BUY", "hash": "ccf9cb14e4fd1700244ce1b37e50183779f3c562", "best_bid": "0.36", "best_ask": "0.74"}, {"asset_id": "43529706202832600826352801023833082312614825603087597124116826663910039284634", "price": "0.56", "size": "0", "side": "SELL", "hash": "4cf7725852908d295e092d1d5ec16b15a167d122", "best_bid": "0.26", "best_ask": "0.64"}], "timestamp": "1769384490176", "event_type": "price_change"}}
{"_local_timestamp": "2026-01-25T23:41:30.264953+00:00", "data": {"market": "0x1fa8827ea7fbd094a31162ece57c7b5e963b0b63d7e7e743e51de9cbf58953a8", "price_changes": [{"asset_id": "14224359231193794613898194689968930839080618600184518578153742756494528550961", "price": "0.37", "size": "1000", "side": "BUY", "hash": "6c8a17889e0f4aae7127e1079fdcbcc985618aea", "best_bid": "0.37", "best_ask": "0.74"}, {"asset_id": "43529706202832600826352801023833082312614825603087597124116826663910039284634", "price": "0.63", "size": "1000", "side": "SELL", "hash": "15ef564bc1aa0aa813c2ff2bdce664221f8129be", "best_bid": "0.26", "best_ask": "0.63"}], "timestamp": "1769384490187", "event_type": "price_change"}}
