{"_local_timestamp": "2026-01-25T23:41:02.694354+00:00", "data": [{"market": "0x906155783777dff59b80b6fa752dee1d60f2671ca7f9f28fdb421b2fbe77ef99", "asset_id": "114482566877781218256939008299101201472855964174424569280251904133053249006365", "timestamp": "1769384461065", "hash": "85a2e01941de0dc1a1a46b9712ac8d4affad0b90", "bids": [{"price": "0.001", "size": "220.52"}, {"price": "0.002", "size": "5.98"}], "asks": [{"price": "0.999", "size": "110.03"}, {"price": "0.998", "size": "7.48"}, {"price": "0.98", "size": "2000"}, {"price": "0.979", "size": "42.38"}, {"price": "0.978", "size": "7"}, {"price": "0.548", "size": "10"}], "event_type": "book", "last_trade_price": ""}, {"market": "0x906155783777dff59b80b6fa752dee1d60f2671ca7f9f28fdb421b2fbe77ef99", "asset_id": "21596757527068792226728139038798911034149570857908587202415552206953926074928", "timestamp": "1769384461065", "hash": "ce5e2e98d337ce236eaed9b9a811e6fc626c50db", "bids": [{"price": "0.001", "size": "110.03"}, {"price": "0.002", "size": "7.48"}, {"price": "0.02", "size": "2000"}, {"price": "0.021", "size": "42.38"}, {"price": "0.022", "size": "7"}, {"price": "0.452", "size": "10"}], "asks": [{"price": "0.999", "size": "220.52"}, {"price": "0.998", "size": "5.98"}], "event_type": "book", "last_trade_price": ""}]}
{"_local_timestamp": "2026-01-25T23:41:24.287693+00:00", "data": {"market": "0x906155783777dff59b80b6fa752dee1d60f2671ca7f9f28fdb421b2fbe77ef99", "price_changes": [{"asset_id": "114482566877781218256939008299101201472855964174424569280251904133053249006365", "price": "0.548", "size": "0", "side": "SELL", "hash": "afffeef28e448ba5ce0623d986a35b9fb31eabe1", "best_bid": "0.002", "best_ask": "0.978"}, {"asset_id": "21596757527068792226728139038798911034149570857908587202415552206953926074928", "price": "0.452", "size": "0", "side": "BUY", "hash": "ceeafa86021d9c31c7a014080c6de13b50f65ca1", "best_bid": "0.022", "best_ask": "0.998"}], "timestamp": "1769384484199", "event_type": "price_change"}}
{"_local_timestamp": "2026-01-25T23:41:24.732329+00:00", "data": {"market": "0x906155783777dff59b80b6fa752dee1d60f2671ca7f9f28fdb421b2fbe77ef99", "price_changes": [{"asset_id": "114482566877781218256939008299101201472855964174424569280251904133053249006365", "price": "0.547", "size": "10", "side": "SELL", "hash": "21f772d46b71298515b83519fcf8769c38dfeae1", "best_bid": "0.002", "best_ask": "0.547"}, {"asset_id": "21596757527068792226728139038798911034149570857908587202415552206953926074928", "price": "0.453", "size": "10", "side": "BUY", "hash": "1bf87d39b9ef8d56fbc53122ba58e6c7b021eb7b", "best_bid": "0.453", "best_ask": "0.998"}], "timestamp": "1769384484647", "event_type": "price_change"}}
{"_local_timestamp": "2026-01-25T23:41:44.504006+00:00", "data": {"market": "0x906155783777dff59b80b6fa752dee1d60f2671ca7f9f28fdb421b2fbe77ef99", "price_changes": [{"asset_id": "114482566877781218256939008299101201472855964174424569280251904133053249006365", "price": "0.547", "size": "0", "side": "SELL", "hash": "081f550f95955a107fe1acdd0682ac2c7dcb1782", "best_bid": "0.002", "best_ask": "0.978"}, {"asset_id": "21596757527068792226728139038798911034149570857908587202415552206953926074928", "price": "0.453", "size": "0", "side": "BUY", "hash": "a162ce0c4eff32d97648424d01a1ddf13b712ca9", "best_bid": "0.022", "best_ask": "0.998"}], "timestamp": "1769384504426", "event_type": "price_change"}}
{"_local_timestamp": "2026-01-25T23:41:44.927815+00:00", "data": {"market": "0x906155783777dff59b80b6fa752dee1d60f2671ca7f9f28fdb421b2fbe77ef99", "price_changes": [{"asset_id": "114482566877781218256939008299101201472855964174424569280251904133053249006365", "price": "0.546", "size": "10", "side": "SELL", "hash": "a38571789756b2c3b06455e4430d0dadac126a34", "best_bid": "0.002", "best_ask": "0.546"}, {"asset_id": "21596757527068792226728139038798911034149570857908587202415552206953926074928", "price": "0.454", "size": "10", "side": "BUY", "hash": "64fe668c756c32dbce7e0d61f7768bb5617c3899", "best_bid": "0.454", "best_ask": "0.998"}], "timestamp": "1769384504854", "event_type": "price_change"}}
{"_local_timestamp": "2026-01-25T23:42:04.671591+00:00", "data": {"market": "0x906155783777dff59b80b6fa752dee1d60f2671ca7f9f28fdb421b2fbe77ef99", "price_changes": [{"asset_id": "114482566877781218256939008299101201472855964174424569280251904133053249006365", "price": "0.546", "size": "0", "side": "SELL", "hash": "7bbad9370fb9c518085544979e74c8462f3e038b", "best_bid": "0.002", "best_ask": "0.978"}, {"asset_id": "21596757527068792226728139038798911034149570857908587202415552206953926074928", "price": "0.454", "size": "0", "side": "BUY", "hash": "098acb51861d824e434f6ac2c1f1ca22de696053", "best_bid": "0.022", "best_ask": "0.998"}], "timestamp": "1769384524599", "event_type": "price_change"}}
{"_local_timestamp": "2026-01-25T23:42:05.156497+00:00", "data": {"market": "0x906155783777dff59b80b6fa752dee1d60f2671ca7f9f28fdb421b2fbe77ef99", "price_changes": [{"asset_id": "114482566877781218256939008299101201472855964174424569280251904133053249006365", "price": "0.545", "size": "10", "side": "SELL", "hash": "a72d943a0bf8a179e4913d8ef479846f63e51fb8", "best_bid": "0.002", "best_ask": "0.545"}, {"asset_id": "21596757527068792226728139038798911034149570857908587202415552206953926074928", "price": "0.455", "size": "10", "side": "BUY", "hash": "e7eb24b3b6e2e77c1c475f2d41ebdaae163a3dbe", "best_bid": "0.455", "best_ask": "0.998"}], "timestamp": "1769384525027", "event_type": "price_change"}}
{"_local_timestamp": "2026-01-25T23:42:26.012505+00:00", "data": {"market": "0x906155783777dff59b80b6fa752dee1d60f2671ca7f9f28fdb421b2fbe77ef99", "price_changes": [{"asset_id": "114482566877781218256939008299101201472855964174424569280251904133053249006365", "price": "0.545", "size": "0", "side": "SELL", "hash": "bd59d0e401eadbacadc6cdb237f6325f50bff60a", "best_bid": "0.002", "best_ask": "0.978"}, {"asset_id": "21596757527068792226728139038798911034149570857908587202415552206953926074928", "price": "0.455", "size": "0", "side": "BUY", "hash": "5585b0dab6a6cc42bbb53d2eb92972b3adde1acd", "best_bid": "0.022", "best_ask": "0.998"}], "timestamp": "1769384545894", "event_type": "price_change"}}
{"_local_timestamp": "2026-01-25T23:42:26.421006+00:00", "data": {"market": "0x906155783777dff59b80b6fa752dee1d60f2671ca7f9f28fdb421b2fbe77ef99", "price_changes": [{"asset_id": "114482566877781218256939008299101201472855964174424569280251904133053249006365", "price": "0.544", "size": "10", "side": "SELL", "hash": "149b688e82114b0f05a76b41d4bd8230a009cea8", "best_bid": "0.002", "best_ask": "0.544"}, {"asset_id": "21596757527068792226728139038798911034149570857908587202415552206953926074928", "price": "0.456", "size": "10", "side": "BUY", "hash": "01aecbbe78e92f6dd3fbc521b509bf7f27bcf707", "best_bid": "0.456", "best_ask": "0.998"}], "timestamp": "1769384546298", "event_type": "price_change"}}
