{"_local_timestamp": "2026-01-25T23:41:07.736800+00:00", "data": [{"market": "0x9086c36debbba7c4f515ea6e0937764b101a672ab9126edd47beb315fae32a5f", "asset_id": "90309620512318358478532881212285829690853597566117567936348371694520222272837", "timestamp": "1769384412948", "hash": "90c3b3a52e372458b813b225ed1611c4761e53b9", "bids": [{"price": "0.01", "size": "2452.11"}, {"price": "0.02", "size": "413.25"}, {"price": "0.03", "size": "12.88"}, {"price": "0.04", "size": "16.21"}, {"price": "0.05", "size": "5"}, {"price": "0.06", "size": "150"}, {"price": "0.07", "size": "986.09"}, {"price": "0.08", "size": "232.09"}, {"price": "0.09", "size": "100"}], "asks": [{"price": "0.99", "size": "13979.13"}, {"price": "0.98", "size": "2250"}, {"price": "0.97", "size": "10.12"}, {"price": "0.95", "size": "3899.11"}, {"price": "0.94", "size": "2199.11"}, {"price": "0.93", "size": "250"}, {"price": "0.92", "size": "400"}, {"price": "0.9", "size": "10"}, {"price": "0.89", "size": "5.44"}, {"price": "0.85", "size": "500"}, {"price": "0.8", "size": "700"}, {"price": "0.75", "size": "400"}, {"price": "0.67", "size": "200"}, {"price": "0.65", "size": "100"}, {"price": "0.6", "size": "300"}, {"price": "0.5", "size": "10"}, {"price": "0.41", "size": "100"}, {"price": "0.39", "size": "100"}, {"price": "0.37", "size": "5"}, {"price": "0.29", "size": "7.16"}, {"price": "0.28", "size": "18.05"}, {"price": "0.27", "size": "215.06"}, {"price": "0.19", "size": "150"}, {"price": "0.18", "size": "10.22"}, {"price": "0.16", "size": "5"}, {"price": "0.14", "size": "5"}, {"price": "0.13", "size": "5"}, {"price": "0.12", "size": "1571.81"}, {"price": "0.1", "size": "5993.83"}], "event_type": "book", "last_trade_price": "0.900"}, {"market": "0x9086c36debbba7c4f515ea6e0937764b101a672ab9126edd47beb315fae32a5f", "asset_id": "114257893546944041419030008424343463729956007545768680110657102669697110418246", "timestamp": "1769384412948", "hash": "7374a7bfb5db189c59f45e30ccbbc65cfdf19b27", "bids": [{"price": "0.01", "size": "13979.13"}, {"price": "0.02", "size": "2250"}, {"price": "0.03", "size": "10.12"}, {"price": "0.05", "size": "3899.11"}, {"price": "0.06", "size": "2199.11"}, {"price": "0.07", "size": "250"}, {"price": "0.08", "size": "400"}, {"price": "0.1", "size": "10"}, {"price": "0.11", "size": "5.44"}, {"price": "0.15", "size": "500"}, {"price": "0.2", "size": "700"}, {"price": "0.25", "size": "400"}, {"price": "0.33", "size": "200"}, {"price": "0.35", "size": "100"}, {"price": "0.4", "size": "300"}, {"price": "0.5", "size": "10"}, {"price": "0.59", "size": "100"}, {"price": "0.61", "size": "100"}, {"price": "0.63", "size": "5"}, {"price": "0.71", "size": "7.16"}, {"price": "0.72", "size": "18.05"}, {"price": "0.73", "size": "215.06"}, {"price": "0.81", "size": "150"}, {"price": "0.82", "size": "10.22"}, {"price": "0.84", "size": "5"}, {"price": "0.86", "size": "5"}, {"price": "0.87", "size": "5"}, {"price": "0.88", "size": "1571.81"}, {"price": "0.9", "size": "5993.83"}], "asks": [{"price": "0.99", "size": "2452.11"}, {"price": "0.98", "size": "413.25"}, {"price": "0.97", "size": "12.88"}, {"price": "0.96", "size": "16.21"}, {"price": "0.95", "size": "5"}, {"price": "0.94", "size": "150"}, {"price": "0.93", "size": "986.09"}, {"price": "0.92", "size": "232.09"}, {"price": "0.91", "size": "100"}], "event_type": "book", "last_trade_price": "0.900"}]}
{"_local_timestamp": "2026-01-25T23:41:11.830664+00:00", "data": {"market": "0x9086c36debbba7c4f515ea6e0937764b101a672ab9126edd47beb315fae32a5f", "price_changes": [{"asset_id": "90309620512318358478532881212285829690853597566117567936348371694520222272837", "price": "0.08", "size": "51.37", "side": "BUY", "hash": "dcb7d88b8cf06383780db2111a69acd3811447e2", "best_bid": "0.09", "best_ask": "0.1"}, {"asset_id": "114257893546944041419030008424343463729956007545768680110657102669697110418246", "price": "0.92", "size": "51.37", "side": "SELL", "hash": "bce6f837fcd7c7eef3ab19b4040aa813b2a7f3e1", "best_bid": "0.9", "best_ask": "0.91"}], "timestamp": "1769384471756", "event_type": "price_change"}}
{"_local_timestamp": "2026-01-25T23:41:12.339793+00:00", "data": {"market": "0x9086c36debbba7c4f515ea6e0937764b101a672ab9126edd47beb315fae32a5f", "price_changes": [{"asset_id": "90309620512318358478532881212285829690853597566117567936348371694520222272837", "price": "0.07", "size": "886.09", "side": "BUY", "hash": "a0ff0fc2c29353e8a74d1454728b86441dd3f855", "best_bid": "0.09", "best_ask": "0.1"}, {"asset_id": "114257893546944041419030008424343463729956007545768680110657102669697110418246", "price": "0.93", "size": "886.09", "side": "SELL", "hash": "4ca0b4967fabecdfc4a1b91ccfd18af72e456889", "best_bid": "0.9", "best_ask": "0.91"}], "timestamp": "1769384472270", "event_type": "price_change"}}
{"_local_timestamp": "2026-01-25T23:41:24.874962+00:00", "data": {"market": "0x9086c36debbba7c4f515ea6e0937764b101a672ab9126edd47beb315fae32a5f", "price_changes": [{"asset_id": "114257893546944041419030008424343463729956007545768680110657102669697110418246", "price": "0.9", "size": "5974.83", "side": "BUY", "hash": "71078ba48968e2203eadbff2750f47e940243887", "best_bid": "0.9", "best_ask": "0.91"}, {"asset_id": "90309620512318358478532881212285829690853597566117567936348371694520222272837", "price": "0.1", "size": "5974.83", "side": "SELL", "hash": "d1599e63db70cda93979004aa10541ac90d27817", "best_bid": "0.09", "best_ask": "0.1"}], "timestamp": "1769384484805", "event_type": "price_change"}}
{"_local_timestamp": "2026-01-25T23:41:24.875920+00:00", "data": {"market": "0x9086c36debbba7c4f515ea6e0937764b101a672ab9126edd47beb315fae32a5f", "asset_id": "90309620512318358478532881212285829690853597566117567936348371694520222272837", "bids": [{"price": "0.01", "size": "2452.11"}, {"price": "0.02", "size": "413.25"}, {"price": "0.03", "size": "12.88"}, {"price": "0.04", "size": "16.21"}, {"price": "0.05", "size": "5"}, {"price": "0.06", "size": "150"}, {"price": "0.07", "size": "886.09"}, {"price": "0.08", "size": "51.37"}, {"price": "0.09", "size": "100"}], "asks": [{"price": "0.99", "size": "13979.13"}, {"price": "0.98", "size": "2250"}, {"price": "0.97", "size": "10.12"}, {"price": "0.95", "size": "3899.11"}, {"price": "0.94", "size": "2199.11"}, {"price": "0.93", "size": "250"}, {"price": "0.92", "size": "400"}, {"price": "0.9", "size": "10"}, {"price": "0.89", "size": "5.44"}, {"price": "0.85", "size": "500"}, {"price": "0.8", "size": "700"}, {"price": "0.75", "size": "400"}, {"price": "0.67", "size": "200"}, {"price": "0.65", "size": "100"}, {"price": "0.6", "size": "300"}, {"price": "0.5", "size": "10"}, {"price": "0.41", "size": "100"}, {"price": "0.39", "size": "100"}, {"price": "0.37", "size": "5"}, {"price": "0.29", "size": "7.16"}, {"price": "0.28", "size": "18.05"}, {"price": "0.27", "size": "215.06"}, {"price": "0.19", "size": "150"}, {"price": "0.18", "size": "10.22"}, {"price": "0.16", "size": "5"}, {"price": "0.14", "size": "5"}, {"price": "0.13", "size": "5"}, {"price": "0.12", "size": "1571.81"}, {"price": "0.1", "size": "5974.83"}], "hash": "d1599e63db70cda93979004aa10541ac90d27817", "timestamp": "1769384484805", "event_type": "book"}}
{"_local_timestamp": "2026-01-25T23:41:24.882264+00:00", "data": {"market": "0x9086c36debbba7c4f515ea6e0937764b101a672ab9126edd47beb315fae32a5f", "asset_id": "114257893546944041419030008424343463729956007545768680110657102669697110418246", "bids": [{"price": "0.01", "size": "13979.13"}, {"price": "0.02", "size": "2250"}, {"price": "0.03", "size": "10.12"}, {"price": "0.05", "size": "3899.11"}, {"price": "0.06", "size": "2199.11"}, {"price": "0.07", "size": "250"}, {"price": "0.08", "size": "400"}, {"price": "0.1", "size": "10"}, {"price": "0.11", "size": "5.44"}, {"price": "0.15", "size": "500"}, {"price": "0.2", "size": "700"}, {"price": "0.25", "size": "400"}, {"price": "0.33", "size": "200"}, {"price": "0.35", "size": "100"}, {"price": "0.4", "size": "300"}, {"price": "0.5", "size": "10"}, {"price": "0.59", "size": "100"}, {"price": "0.61", "size": "100"}, {"price": "0.63", "size": "5"}, {"price": "0.71", "size": "7.16"}, {"price": "0.72", "size": "18.05"}, {"price": "0.73", "size": "215.06"}, {"price": "0.81", "size": "150"}, {"price": "0.82", "size": "10.22"}, {"price": "0.84", "size": "5"}, {"price": "0.86", "size": "5"}, {"price": "0.87", "size": "5"}, {"price": "0.88", "size": "1571.81"}, {"price": "0.9", "size": "5974.83"}], "asks": [{"price": "0.99", "size": "2452.11"}, {"price": "0.98", "size": "413.25"}, {"price": "0.97", "size": "12.88"}, {"price": "0.96", "size": "16.21"}, {"price": "0.95", "size": "5"}, {"price": "0.94", "size": "150"}, {"price": "0.93", "size": "886.09"}, {"price": "0.92", "size": "51.37"}, {"price": "0.91", "size": "100"}], "hash": "71078ba48968e2203eadbff2750f47e940243887", "timestamp": "1769384484805", "event_type": "book"}}
{"_local_timestamp": "2026-01-25T23:41:24.940777+00:00", "data": {"market": "0x9086c36debbba7c4f515ea6e0937764b101a672ab9126edd47beb315fae32a5f", "asset_id": "90309620512318358478532881212285829690853597566117567936348371694520222272837", "price": "0.1", "size": "19", "fee_rate_bps": "0", "side": "BUY", "timestamp": "1769384484856", "event_type": "last_trade_price", "transaction_hash": "0xcd82bff07663d196d6287eafccab2511349051842fc3239f81fcf928448a961c"}}
{"_local_timestamp": "2026-01-25T23:41:25.269668+00:00", "data": {"market": "0x9086c36debbba7c4f515ea6e0937764b101a672ab9126edd47beb315fae32a5f", "price_changes": [{"asset_id": "114257893546944041419030008424343463729956007545768680110657102669697110418246", "price": "0.88", "size": "1071.81", "side": "BUY", "hash": "eebe829ecee53e50a1c045f593e8e31057310859", "best_bid": "0.9", "best_ask": "0.91"}, {"asset_id": "90309620512318358478532881212285829690853597566117567936348371694520222272837", "price": "0.12", "size": "1071.81", "side": "SELL", "hash": "6dc27e89b6af5b85fec90d1b927ce518e477f058", "best_bid": "0.09", "best_ask": "0.1"}], "timestamp": "1769384485198", "event_type": "price_change"}}
{"_local_timestamp": "2026-01-25T23:41:27.148170+00:00", "data": {"market": "0x9086c36debbba7c4f515ea6e0937764b101a672ab9126edd47beb315fae32a5f", "price_changes": [{"asset_id": "90309620512318358478532881212285829690853597566117567936348371694520222272837", "price": "0.08", "size": "96.55", "side": "BUY", "hash": "edb81d096e78a647319307d2dc75fd080ca9c560", "best_bid": "0.09", "best_ask": "0.1"}, {"asset_id": "114257893546944041419030008424343463729956007545768680110657102669697110418246", "price": "0.92", "size": "96.55", "side": "SELL", "hash": "fbf9b064bea192f5da16eae5e9e4f84844ffbc44", "best_bid": "0.9", "best_ask": "0.91"}], "timestamp": "1769384487072", "event_type": "price_change"}}
{"_local_timestamp": "2026-01-25T23:41:27.149841+00:00", "data": {"market": "0x9086c36debbba7c4f515ea6e0937764b101a672ab9126edd47beb315fae32a5f", "price_changes": [{"asset_id": "90309620512318358478532881212285829690853597566117567936348371694520222272837", "price": "0.08", "size": "141.73", "side": "BUY", "hash": "ca35544077bceb7081549741f5d9c7aa558d86db", "best_bid": "0.09", "best_ask": "0.1"}, {"asset_id": "114257893546944041419030008424343463729956007545768680110657102669697110418246", "price": "0.92", "size": "141.73", "side": "SELL", "hash": "c60747ce4021e123379806cb84693a5f43577898", "best_bid": "0.9", "best_ask": "0.91"}], "timestamp": "1769384487072", "event_type": "price_change"}}
{"_local_timestamp": "2026-01-25T23:41:27.150783+00:00", "data": {"market": "0x9086c36debbba7c4f515ea6e0937764b101a672ab9126edd47beb315fae32a5f", "price_changes": [{"asset_id": "90309620512318358478532881212285829690853597566117567936348371694520222272837", "price": "0.08", "size": "186.91", "side": "BUY", "hash": "14b71bfdd5fe32044d5fa9f703a98d6d384a7770", "best_bid": "0.09", "best_ask": "0.1"}, {"asset_id": "114257893546944041419030008424343463729956007545768680110657102669697110418246", "price": "0.92", "size": "186.91", "side": "SELL", "hash": "b8b4d56555a4688a9800b2f44dc8cc77bb39057d", "best_bid": "0.9", "best_ask": "0.91"}], "timestamp": "1769384487073", "event_type": "price_change"}}
{"_local_timestamp": "2026-01-25T23:41:27.152040+00:00", "data": {"market": "0x9086c36debbba7c4f515ea6e0937764b101a672ab9126edd47beb315fae32a5f", "price_changes": [{"asset_id": "90309620512318358478532881212285829690853597566117567936348371694520222272837", "price": "0.08", "size": "232.09", "side": "BUY", "hash": "cbfb8726c24fbbce214dd9edb3766b125fc2844a", "best_bid": "0.09", "best_ask": "0.1"}, {"asset_id": "114257893546944041419030008424343463729956007545768680110657102669697110418246", "price": "0.92", "size": "232.09", "side": "SELL", "hash": "0580dc3604b6c196840323f66dc0eff0d824057d", "best_bid": "0.9", "best_ask": "0.91"}], "timestamp": "1769384487073", "event_type": "price_change"}}
{"_local_timestamp": "2026-01-25T23:42:17.192295+00:00", "data": {"market": "0x9086c36debbba7c4f515ea6e0937764b101a672ab9126edd47beb315fae32a5f", "price_changes": [{"asset_id": "90309620512318358478532881212285829690853597566117567936348371694520222272837", "price": "0.08", "size": "51.37", "side": "BUY", "hash": "f3f27fb056fcb79907de7ed2f332e249a51fa2d4", "best_bid": "0.09", "best_ask": "0.1"}, {"asset_id": "114257893546944041419030008424343463729956007545768680110657102669697110418246", "price": "0.92", "size": "51.37", "side": "SELL", "hash": "4d54f71552278b5db625a1e9056e40c657144ffa", "best_bid": "0.9", "best_ask": "0.91"}], "timestamp": "1769384537098", "event_type": "price_change"}}
{"_local_timestamp": "2026-01-25T23:42:17.923841+00:00", "data": {"market": "0x9086c36debbba7c4f515ea6e0937764b101a672ab9126edd47beb315fae32a5f", "price_changes": [{"asset_id": "114257893546944041419030008424343463729956007545768680110657102669697110418246", "price": "0.88", "size": "571.81", "side": "BUY", "hash": "bfbf2795d49f1bd1612c102103f16a09026b45ff", "best_bid": "0.9", "best_ask": "0.91"}, {"asset_id": "90309620512318358478532881212285829690853597566117567936348371694520222272837", "price": "0.12", "size": "571.81", "side": "SELL", "hash": "682b0de4c740c1450505631240356cc7b58ebc42", "best_bid": "0.09", "best_ask": "0.1"}], "timestamp": "1769384537809", "event_type": "price_change"}}
{"_local_timestamp": "2026-01-25T23:42:29.754428+00:00", "data": {"market": "0x9086c36debbba7c4f515ea6e0937764b101a672ab9126edd47beb315fae32a5f", "price_changes": [{"asset_id": "90309620512318358478532881212285829690853597566117567936348371694520222272837", "price": "0.08", "size": "96.55", "side": "BUY", "hash": "b551929578f4ca6f71e34198bef8f5eac982e06d", "best_bid": "0.09", "best_ask": "0.1"}, {"asset_id": "114257893546944041419030008424343463729956007545768680110657102669697110418246", "price": "0.92", "size": "96.55", "side": "SELL", "hash": "4e2b93444f7051507920e9f36018c3c4abf337c2", "best_bid": "0.9", "best_ask": "0.91"}], "timestamp": "1769384549602", "event_type": "price_change"}}
{"_local_timestamp": "2026-01-25T23:42:29.754967+00:00", "data": {"market": "0x9086c36debbba7c4f515ea6e0937764b101a672ab9126edd47beb315fae32a5f", "price_changes": [{"asset_id": "90309620512318358478532881212285829690853597566117567936348371694520222272837", "price": "0.08", "size": "141.73", "side": "BUY", "hash": "fccb9898f564f86f2f62286c43260bff074d7fd1", "best_bid": "0.09", "best_ask": "0.1"}, {"asset_id": "114257893546944041419030008424343463729956007545768680110657102669697110418246", "price": "0.92", "size": "141.73", "side": "SELL", "hash": "a6336da92f50970e0b624fcdf418bc0de79629cd", "best_bid": "0.9", "best_ask": "0.91"}], "timestamp": "1769384549603", "event_type": "price_change"}}
{"_local_timestamp": "2026-01-25T23:42:29.755630+00:00", "data": {"market": "0x9086c36debbba7c4f515ea6e0937764b101a672ab9126edd47beb315fae32a5f", "price_changes": [{"asset_id": "90309620512318358478532881212285829690853597566117567936348371694520222272837", "price": "0.08", "size": "186.91", "side": "BUY", "hash": "691a81fd7f3534b566ee43cc72100ef882152036", "best_bid": "0.09", "best_ask": "0.1"}, {"asset_id": "114257893546944041419030008424343463729956007545768680110657102669697110418246", "price": "0.92", "size": "186.91", "side": "SELL", "hash": "d1c818ad6bb7c5e6e33bbe12a68bae17b56156e4", "best_bid": "0.9", "best_ask": "0.91"}], "timestamp": "1769384549603", "event_type": "price_change"}}
{"_local_timestamp": "2026-01-25T23:42:29.756245+00:00", "data": {"market": "0x9086c36debbba7c4f515ea6e0937764b101a672ab9126edd47beb315fae32a5f", "price_changes": [{"asset_id": "90309620512318358478532881212285829690853597566117567936348371694520222272837", "price": "0.08", "size": "232.09", "side": "BUY", "hash": "408c2a99c42d784995a44051807bfb71db557f61", "best_bid": "0.09", "best_ask": "0.1"}, {"asset_id": "114257893546944041419030008424343463729956007545768680110657102669697110418246", "price": "0.92", "size": "232.09", "side": "SELL", "hash": "fa6c3f9e92bb8dd54ae288c364afdc87283766ea", "best_bid": "0.9", "best_ask": "0.91"}], "timestamp": "1769384549604", "event_type": "price_change"}}
{"_local_timestamp": "2026-01-25T23:43:02.211849+00:00", "data": {"market": "0x9086c36debbba7c4f515ea6e0937764b101a672ab9126edd47beb315fae32a5f", "price_changes": [{"asset_id": "114257893546944041419030008424343463729956007545768680110657102669697110418246", "price": "0.02", "size": "2100", "side": "BUY", "hash": "e44c0b5ebfc869c51eeba60ae52e9de8c0223d4d", "best_bid": "0.9", "best_ask": "0.91"}, {"asset_id": "90309620512318358478532881212285829690853597566117567936348371694520222272837", "price": "0.98", "size": "2100", "side": "SELL", "hash": "a5ac9a68bb4392d71d59b3e53190076d1ee21196", "best_bid": "0.09", "best_ask": "0.1"}], "timestamp": "1769384582005", "event_type": "price_change"}}
{"_local_timestamp": "2026-01-25T23:43:02.216005+00:00", "data": {"market": "0x9086c36debbba7c4f515ea6e0937764b101a672ab9126edd47beb315fae32a5f", "price_changes": [{"asset_id": "90309620512318358478532881212285829690853597566117567936348371694520222272837", "price": "0.02", "size": "263.25", "side": "BUY", "hash": "f86ca6bdec3778b0c3d985ac550633379e36e074", "best_bid": "0.09", "best_ask": "0.1"}, {"asset_id": "114257893546944041419030008424343463729956007545768680110657102669697110418246", "price": "0.98", "size": "263.25", "side": "SELL", "hash": "83cb4e6d7386029aeb06bc259c3b6c193e7578a9", "best_bid": "0.9", "best_ask": "0.91"}], "timestamp": "1769384582008", "event_type": "price_change"}}
{"_local_timestamp": "2026-01-25T23:43:06.274260+00:00", "data": {"market": "0x9086c36debbba7c4f515ea6e0937764b101a672ab9126edd47beb315fae32a5f", "price_changes": [{"asset_id": "114257893546944041419030008424343463729956007545768680110657102669697110418246", "price": "0.02", "size": "2250", "side": "BUY", "hash": "55034415856f62ee038c7b92b921592d11d18bf0", "best_bid": "0.9", "best_ask": "0.91"}, {"asset_id": "90309620512318358478532881212285829690853597566117567936348371694520222272837", "price": "0.98", "size": "2250", "side": "SELL", "hash": "50f176031592775ce79617eb2872ae3ab776fa0d", "best_bid": "0.09", "best_ask": "0.1"}], "timestamp": "1769384586130", "event_type": "price_change"}}
{"_local_timestamp": "2026-01-25T23:43:06.299026+00:00", "data": {"market": "0x9086c36debbba7c4f515ea6e0937764b101a672ab9126edd47beb315fae32a5f", "price_changes": [{"asset_id": "90309620512318358478532881212285829690853597566117567936348371694520222272837", "price": "0.02", "size": "413.25", "side": "BUY", "hash": "243afd8553efd05c0762820637b5a804a14b2a97", "best_bid": "0.09", "best_ask": "0.1"}, {"asset_id": "114257893546944041419030008424343463729956007545768680110657102669697110418246", "price": "0.98", "size": "413.25", "side": "SELL", "hash": "43d60cd0836fac09079d913a0e4bd330bd79dbcc", "best_bid": "0.9", "best_ask": "0.91"}], "timestamp": "1769384586153", "event_type": "price_change"}}
{"_local_timestamp": "2026-01-25T23:43:14.562138+00:00", "data": {"market": "0x9086c36debbba7c4f515ea6e0937764b101a672ab9126edd47beb315fae32a5f", "price_changes": [{"asset_id": "90309620512318358478532881212285829690853597566117567936348371694520222272837", "price": "0.08", "size": "51.37", "side": "BUY", "hash": "6b21ceaddf03e6f159e675d9bd70258183bcffb7", "best_bid": "0.09", "best_ask": "0.1"}, {"asset_id": "114257893546944041419030008424343463729956007545768680110657102669697110418246", "price": "0.92", "size": "51.37", "side": "SELL", "hash": "d86ea64cb0b3cd48bee86697989dd9f1eec58aed", "best_bid": "0.9", "best_ask": "0.91"}], "timestamp": "1769384594439", "event_type": "price_change"}}
