{"_local_timestamp": "2026-01-25T23:33:35.658577+00:00", "data": [{"market": "0xa0f0cce5d67cf27b5a7c91b8be7346b09fc9bac7da17e37587ecce9b837a961a", "asset_id": "52699712428901962192736027833996903528867458158535165017805057452306566093962", "timestamp": "1769384012751", "hash": "cd8ff6b1cdff04c68e18f16df915a218a2c43ba9", "bids": [{"price": "0.001", "size": "100577.99"}, {"price": "0.002", "size": "55000"}, {"price": "0.008", "size": "155"}, {"price": "0.01", "size": "27068"}, {"price": "0.011", "size": "55710"}, {"price": "0.08", "size": "155"}, {"price": "0.097", "size": "100"}, {"price": "0.099", "size": "100"}, {"price": "0.1", "size": "3500"}, {"price": "0.101", "size": "10000"}, {"price": "0.47", "size": "100"}, {"price": "0.49", "size": "100"}, {"price": "0.497", "size": "200"}, {"price": "0.499", "size": "100"}, {"price": "0.5", "size": "176"}, {"price": "0.75", "size": "60"}, {"price": "0.767", "size": "60"}, {"price": "0.768", "size": "88"}, {"price": "0.769", "size": "60"}, {"price": "0.77", "size": "60"}, {"price": "0.771", "size": "53"}, {"price": "0.772", "size": "30.32"}, {"price": "0.99", "size": "5"}, {"price": "0.991", "size": "500"}, {"price": "0.992", "size": "5"}, {"price": "0.999", "size": "113303.1"}], "asks": [], "event_type": "book", "last_trade_price": ""}, {"market": "0x8d10b2c043d8d40857a22347d9cbba9794abbe7477c71ada6dc409c89f148739", "asset_id": "102432885077551242159113016851311280841043600194881798270351828946341838308519", "timestamp": "1769384012751", "hash": "1f30e7db97dd288a20f4804925dadf71ddc01e0b", "bids": [], "asks": [{"price": "0.999", "size": "100063"}, {"price": "0.998", "size": "55000"}, {"price": "0.992", "size": "155"}, {"price": "0.99", "size": "27068"}, {"price": "0.989", "size": "55710"}, {"price": "0.92", "size": "155"}, {"price": "0.903", "size": "100"}, {"price": "0.901", "size": "100"}, {"price": "0.9", "size": "3500"}, {"price": "0.899", "size": "10000"}, {"price": "0.53", "size": "100"}, {"price": "0.51", "size": "100"}, {"price": "0.503", "size": "200"}, {"price": "0.501", "size": "100"}, {"price": "0.5", "size": "176"}, {"price": "0.25", "size": "60"}, {"price": "0.233", "size": "60"}, {"price": "0.232", "size": "88"}, {"price": "0.231", "size": "60"}, {"price": "0.23", "size": "60"}, {"price": "0.229", "size": "53"}, {"price": "0.228", "size": "25"}, {"price": "0.227", "size": "10"}, {"price": "0.01", "size": "5"}, {"price": "0.009", "size": "500"}, {"price": "0.001", "size": "113303.1"}], "event_type": "book", "last_trade_price": ""}, {"market": "0x8d10b2c043d8d40857a22347d9cbba9794abbe7477c71ada6dc409c89f148739", "asset_id": "66405822325694340926749815933341507926892696879883099194228778094076937329669", "timestamp": "1769384012751", "hash": "9ef90c5c1b0f8f4228c6420bf56e5055e5235193", "bids": [{"price": "0.001", "size": "100063"}, {"price": "0.002", "size": "55000"}, {"price": "0.008", "size": "155"}, {"price": "0.01", "size": "27068"}, {"price": "0.011", "size": "55710"}, {"price": "0.08", "size": "155"}, {"price": "0.097", "size": "100"}, {"price": "0.099", "size": "100"}, {"price": "0.1", "size": "3500"}, {"price": "0.101", "size": "10000"}, {"price": "0.47", "size": "100"}, {"price": "0.49", "size": "100"}, {"price": "0.497", "size": "200"}, {"price": "0.499", "size": "100"}, {"price": "0.5", "size": "176"}, {"price": "0.75", "size": "60"}, {"price": "0.767", "size": "60"}, {"price": "0.768", "size": "88"}, {"price": "0.769", "size": "60"}, {"price": "0.77", "size": "60"}, {"price": "0.771", "size": "53"}, {"price": "0.772", "size": "25"}, {"price": "0.773", "size": "10"}, {"price": "0.99", "size": "5"}, {"price": "0.991", "size": "500"}, {"price": "0.999", "size": "113303.1"}], "asks": [], "event_type": "book", "last_trade_price": ""}, {"market": "0xa0f0cce5d67cf27b5a7c91b8be7346b09fc9bac7da17e37587ecce9b837a961a", "asset_id": "97559399235955958752928269387133709066779606157400190343072576353734416363060", "timestamp": "1769384012751", "hash": "e52217f14f70f15aad6c550863304337a5166152", "bids": [], "asks": [{"price": "0.999", "size": "100577.99"}, {"price": "0.998", "size": "55000"}, {"price": "0.992", "size": "155"}, {"price": "0.99", "size": "27068"}, {"price": "0.989", "size": "55710"}, {"price": "0.92", "size": "155"}, {"price": "0.903", "size": "100"}, {"price": "0.901", "size": "100"}, {"price": "0.9", "size": "3500"}, {"price": "0.899", "size": "10000"}, {"price": "0.53", "size": "100"}, {"price": "0.51", "size": "100"}, {"price": "0.503", "size": "200"}, {"price": "0.501", "size": "100"}, {"price": "0.5", "size": "176"}, {"price": "0.25", "size": "60"}, {"price": "0.233", "size": "60"}, {"price": "0.232", "size": "88"}, {"price": "0.231", "size": "60"}, {"price": "0.23", "size": "60"}, {"price": "0.229", "size": "53"}, {"price": "0.228", "size": "30.32"}, {"price": "0.01", "size": "5"}, {"price": "0.009", "size": "500"}, {"price": "0.008", "size": "5"}, {"price": "0.001", "size": "113303.1"}], "event_type": "book", "last_trade_price": ""}]}
{"_local_timestamp": "2026-01-25T23:33:45.883772+00:00", "data": {"market": "0x8d10b2c043d8d40857a22347d9cbba9794abbe7477c71ada6dc409c89f148739", "price_changes": [{"asset_id": "66405822325694340926749815933341507926892696879883099194228778094076937329669", "price": "0.999", "size": "100005.1", "side": "BUY", "hash": "3f2be15e5033ab32b61ab202fdf62f0fcc74ab58", "best_bid": "0.999", "best_ask": "1"}, {"asset_id": "102432885077551242159113016851311280841043600194881798270351828946341838308519", "price": "0.001", "size": "100005.1", "side": "SELL", "hash": "a6b63cf7b4a0221ca99c364a57ba8e88c4aa7fa0", "best_bid": "0", "best_ask": "0.001"}], "timestamp": "1769384025807", "event_type": "price_change"}}
{"_local_timestamp": "2026-01-25T23:33:45.895546+00:00", "data": {"market": "0xa0f0cce5d67cf27b5a7c91b8be7346b09fc9bac7da17e37587ecce9b837a961a", "price_changes": [{"asset_id": "52699712428901962192736027833996903528867458158535165017805057452306566093962", "price": "0.999", "size": "100005.1", "side": "BUY", "hash": "3bfad4c078c9ef788b8cc43f345c51bed0a3b362", "best_bid": "0.999", "best_ask": "1"}, {"asset_id": "97559399235955958752928269387133709066779606157400190343072576353734416363060", "price": "0.001", "size": "100005.1", "side": "SELL", "hash": "7eeead95753957fb891b7f5c27d1311750f9428b", "best_bid": "0", "best_ask": "0.001"}], "timestamp": "1769384025807", "event_type": "price_change"}}
{"_local_timestamp": "2026-01-25T23:33:47.592751+00:00", "data": {"market": "0x8d10b2c043d8d40857a22347d9cbba9794abbe7477c71ada6dc409c89f148739", "price_changes": [{"asset_id": "66405822325694340926749815933341507926892696879883099194228778094076937329669", "price": "0.999", "size": "102502.1", "side": "BUY", "hash": "558b4bd9b2dff18817a6c518918dd34499281fda", "best_bid": "0.999", "best_ask": "1"}, {"asset_id": "102432885077551242159113016851311280841043600194881798270351828946341838308519", "price": "0.001", "size": "102502.1", "side": "SELL", "hash": "9e1d304a63bdd33e7f6e341cf8eeb9942a3dadae", "best_bid": "0", "best_ask": "0.001"}], "timestamp": "1769384027504", "event_type": "price_change"}}
{"_local_timestamp": "2026-01-25T23:33:47.594066+00:00", "data": {"market": "0xa0f0cce5d67cf27b5a7c91b8be7346b09fc9bac7da17e37587ecce9b837a961a", "price_changes": [{"asset_id": "52699712428901962192736027833996903528867458158535165017805057452306566093962", "price": "0.999", "size": "102502.1", "side": "BUY", "hash": "3ab9329ae392359d737bc9aafca4fcb8fb0eedb4", "best_bid": "0.999", "best_ask": "1"}, {"asset_id": "97559399235955958752928269387133709066779606157400190343072576353734416363060", "price": "0.001", "size": "102502.1", "side": "SELL", "hash": "01dc84ecfd8f86ddf4a7dc5111b361aa47a6eabe", "best_bid": "0", "best_ask": "0.001"}], "timestamp": "1769384027504", "event_type": "price_change"}}
{"_local_timestamp": "2026-01-25T23:33:47.993838+00:00", "data": {"market": "0xa0f0cce5d67cf27b5a7c91b8be7346b09fc9bac7da17e37587ecce9b837a961a", "price_changes": [{"asset_id": "52699712428901962192736027833996903528867458158535165017805057452306566093962", "price": "0.999", "size": "104998.1", "side": "BUY", "hash": "2505388317452251f34233d05f0e727143d0cf1b", "best_bid": "0.999", "best_ask": "1"}, {"asset_id": "97559399235955958752928269387133709066779606157400190343072576353734416363060", "price": "0.001", "size": "104998.1", "side": "SELL", "hash": "58177ba73487a5310956d02d536539282aead698", "best_bid": "0", "best_ask": "0.001"}], "timestamp": "1769384027913", "event_type": "price_change"}}
{"_local_timestamp": "2026-01-25T23:33:47.997261+00:00", "data": {"market": "0x8d10b2c043d8d40857a22347d9cbba9794abbe7477c71ada6dc409c89f148739", "price_changes": [{"asset_id": "66405822325694340926749815933341507926892696879883099194228778094076937329669", "price": "0.999", "size": "104998.1", "side": "BUY", "hash": "05599ce80bb9daf02fa5b960451d0ac7f84896f0", "best_bid": "0.999", "best_ask": "1"}, {"asset_id": "102432885077551242159113016851311280841043600194881798270351828946341838308519", "price": "0.001", "size": "104998.1", "side": "SELL", "hash": "aec45ef3651e60037556379166e170cbbf8f6f08", "best_bid": "0", "best_ask": "0.001"}], "timestamp": "1769384027913", "event_type": "price_change"}}
{"_local_timestamp": "2026-01-25T23:33:48.511238+00:00", "data": {"market": "0x8d10b2c043d8d40857a22347d9cbba9794abbe7477c71ada6dc409c89f148739", "price_changes": [{"asset_id": "66405822325694340926749815933341507926892696879883099194228778094076937329669", "price": "0.999", "size": "107493.1", "side": "BUY", "hash": "2bfb3fc8a7340285046e617707c2f553df19d140", "best_bid": "0.999", "best_ask": "1"}, {"asset_id": "102432885077551242159113016851311280841043600194881798270351828946341838308519", "price": "0.001", "size": "107493.1", "side": "SELL", "hash": "7cd98f6a0c79238fdf68af998b287e5b14daf2ef", "best_bid": "0", "best_ask": "0.001"}], "timestamp": "1769384028429", "event_type": "price_change"}}
{"_local_timestamp": "2026-01-25T23:33:48.512371+00:00", "data": {"market": "0xa0f0cce5d67cf27b5a7c91b8be7346b09fc9bac7da17e37587ecce9b837a961a", "price_changes": [{"asset_id": "52699712428901962192736027833996903528867458158535165017805057452306566093962", "price": "0.999", "size": "107493.1", "side": "BUY", "hash": "2f0e835263e7783778be49bbfb11384228ce6d90", "best_bid": "0.999", "best_ask": "1"}, {"asset_id": "97559399235955958752928269387133709066779606157400190343072576353734416363060", "price": "0.001", "size": "107493.1", "side": "SELL", "hash": "605efff3ac6853584bbf85c7a11ba18d2e421ea9", "best_bid": "0", "best_ask": "0.001"}], "timestamp": "1769384028429", "event_type": "price_change"}}
{"_local_timestamp": "2026-01-25T23:33:49.319886+00:00", "data": {"market": "0xa0f0cce5d67cf27b5a7c91b8be7346b09fc9bac7da17e37587ecce9b837a961a", "price_changes": [{"asset_id": "52699712428901962192736027833996903528867458158535165017805057452306566093962", "price": "0.999", "size": "108116.1", "side": "BUY", "hash": "18b6963497496cb611b0857ffce0312e237631cb", "best_bid": "0.999", "best_ask": "1"}, {"asset_id": "97559399235955958752928269387133709066779606157400190343072576353734416363060", "price": "0.001", "size": "108116.1", "side": "SELL", "hash": "815f3913af8b4fb4d577dddb0ae33738962c6d5d", "best_bid": "0", "best_ask": "0.001"}], "timestamp": "1769384029236", "event_type": "price_change"}}
{"_local_timestamp": "2026-01-25T23:33:49.322385+00:00", "data": {"market": "0x8d10b2c043d8d40857a22347d9cbba9794abbe7477c71ada6dc409c89f148739", "price_changes": [{"asset_id": "66405822325694340926749815933341507926892696879883099194228778094076937329669", "price": "0.999", "size": "108116.1", "side": "BUY", "hash": "9585185510583ad2a6a6a6f99004169a7fd4923e", "best_bid": "0.999", "best_ask": "1"}, {"asset_id": "102432885077551242159113016851311280841043600194881798270351828946341838308519", "price": "0.001", "size": "108116.1", "side": "SELL", "hash": "12bc0384065f9c38771d1329c19c755cea1d6df1", "best_bid": "0", "best_ask": "0.001"}], "timestamp": "1769384029237", "event_type": "price_change"}}
{"_local_timestamp": "2026-01-25T23:33:49.799994+00:00", "data": {"market": "0xa0f0cce5d67cf27b5a7c91b8be7346b09fc9bac7da17e37587ecce9b837a961a", "price_changes": [{"asset_id": "52699712428901962192736027833996903528867458158535165017805057452306566093962", "price": "0.999", "size": "108738.1", "side": "BUY", "hash": "c8b798b1336b6f09b03eb5d447ccda7604beb8e7", "best_bid": "0.999", "best_ask": "1"}, {"asset_id": "97559399235955958752928269387133709066779606157400190343072576353734416363060", "price": "0.001", "size": "108738.1", "side": "SELL", "hash": "9398ac5427d3c41f56ae3d6f2386b90f9126a244", "best_bid": "0", "best_ask": "0.001"}], "timestamp": "1769384029722", "event_type": "price_change"}}
{"_local_timestamp": "2026-01-25T23:33:49.807607+00:00", "data": {"market": "0x8d10b2c043d8d40857a22347d9cbba9794abbe7477c71ada6dc409c89f148739", "price_changes": [{"asset_id": "66405822325694340926749815933341507926892696879883099194228778094076937329669", "price": "0.999", "size": "108738.1", "side": "BUY", "hash": "e7f6d82b3d56d3bd23d70426a30349d289e4e2ba", "best_bid": "0.999", "best_ask": "1"}, {"asset_id": "102432885077551242159113016851311280841043600194881798270351828946341838308519", "price": "0.001", "size": "108738.1", "side": "SELL", "hash": "05e33e7dd1a243dc81aab82bb5e0c2dd86de9050", "best_bid": "0", "best_ask": "0.001"}], "timestamp": "1769384029722", "event_type": "price_change"}}
{"_local_timestamp": "2026-01-25T23:33:51.627764+00:00", "data": {"market": "0x8d10b2c043d8d40857a22347d9cbba9794abbe7477c71ada6dc409c89f148739", "price_changes": [{"asset_id": "66405822325694340926749815933341507926892696879883099194228778094076937329669", "price": "0.999", "size": "108893.1", "side": "BUY", "hash": "44660057c2c924868ae77f16b3595d42f839cf52", "best_bid": "0.999", "best_ask": "1"}, {"asset_id": "102432885077551242159113016851311280841043600194881798270351828946341838308519", "price": "0.001", "size": "108893.1", "side": "SELL", "hash": "6a2d55a4aaa2791e75a05eda81a375e8c7e22f64", "best_bid": "0", "best_ask": "0.001"}], "timestamp": "1769384031551", "event_type": "price_change"}}
{"_local_timestamp": "2026-01-25T23:33:51.628871+00:00", "data": {"market": "0xa0f0cce5d67cf27b5a7c91b8be7346b09fc9bac7da17e37587ecce9b837a961a", "price_changes": [{"asset_id": "52699712428901962192736027833996903528867458158535165017805057452306566093962", "price": "0.999", "size": "108893.1", "side": "BUY", "hash": "361de6b8daf9da55a27f2917bfb678fdd26f9dd9", "best_bid": "0.999", "best_ask": "1"}, {"asset_id": "97559399235955958752928269387133709066779606157400190343072576353734416363060", "price": "0.001", "size": "108893.1", "side": "SELL", "hash": "ad0a32378c33edd90d7ba3388116e49951821f30", "best_bid": "0", "best_ask": "0.001"}], "timestamp": "1769384031552", "event_type": "price_change"}}
{"_local_timestamp": "2026-01-25T23:33:52.621949+00:00", "data": {"market": "0xa0f0cce5d67cf27b5a7c91b8be7346b09fc9bac7da17e37587ecce9b837a961a", "price_changes": [{"asset_id": "52699712428901962192736027833996903528867458158535165017805057452306566093962", "price": "0.999", "size": "109047.1", "side": "BUY", "hash": "cc730625d091f5d8740a58befb39fe754c4bf015", "best_bid": "0.999", "best_ask": "1"}, {"asset_id": "97559399235955958752928269387133709066779606157400190343072576353734416363060", "price": "0.001", "size": "109047.1", "side": "SELL", "hash": "de3b90eaa94d47a01e50359d3886c433d2a52268", "best_bid": "0", "best_ask": "0.001"}], "timestamp": "1769384032534", "event_type": "price_change"}}
{"_local_timestamp": "2026-01-25T23:33:52.626319+00:00", "data": {"market": "0x8d10b2c043d8d40857a22347d9cbba9794abbe7477c71ada6dc409c89f148739", "price_changes": [{"asset_id": "66405822325694340926749815933341507926892696879883099194228778094076937329669", "price": "0.999", "size": "109047.1", "side": "BUY", "hash": "a71f36399a39dcffc24fd1c146987b4a8b9f6a0c", "best_bid": "0.999", "best_ask": "1"}, {"asset_id": "102432885077551242159113016851311280841043600194881798270351828946341838308519", "price": "0.001", "size": "109047.1", "side": "SELL", "hash": "98663330b1212df14ffaf55f5eb3961c2d058f51", "best_bid": "0", "best_ask": "0.001"}], "timestamp": "1769384032533", "event_type": "price_change"}}
{"_local_timestamp": "2026-01-25T23:33:52.996333+00:00", "data": {"market": "0x8d10b2c043d8d40857a22347d9cbba9794abbe7477c71ada6dc409c89f148739", "price_changes": [{"asset_id": "66405822325694340926749815933341507926892696879883099194228778094076937329669", "price": "0.999", "size": "109200.1", "side": "BUY", "hash": "66e5ee23423e93424a4d3f8732f142f2e95e3e96", "best_bid": "0.999", "best_ask": "1"}, {"asset_id": "102432885077551242159113016851311280841043600194881798270351828946341838308519", "price": "0.001", "size": "109200.1", "side": "SELL", "hash": "5b4c3106657e84002ef694f78d6e94ca427a92c1", "best_bid": "0", "best_ask": "0.001"}], "timestamp": "1769384032904", "event_type": "price_change"}}
{"_local_timestamp": "2026-01-25T23:33:52.997249+00:00", "data": {"market": "0xa0f0cce5d67cf27b5a7c91b8be7346b09fc9bac7da17e37587ecce9b837a961a", "price_changes": [{"asset_id": "52699712428901962192736027833996903528867458158535165017805057452306566093962", "price": "0.999", "size": "109200.1", "side": "BUY", "hash": "67ddc85274d2a0ee97cc556b7bbdcadd92faf4f2", "best_bid": "0.999", "best_ask": "1"}, {"asset_id": "97559399235955958752928269387133709066779606157400190343072576353734416363060", "price": "0.001", "size": "109200.1", "side": "SELL", "hash": "92aac55faf4eacab70d69b3a6ef3429cbc97b9bd", "best_bid": "0", "best_ask": "0.001"}], "timestamp": "1769384032904", "event_type": "price_change"}}
{"_local_timestamp": "2026-01-25T23:33:54.555730+00:00", "data": {"market": "0x8d10b2c043d8d40857a22347d9cbba9794abbe7477c71ada6dc409c89f148739", "price_changes": [{"asset_id": "66405822325694340926749815933341507926892696879883099194228778094076937329669", "price": "0.999", "size": "109237.1", "side": "BUY", "hash": "4a6e5590965bc00a4bd55f4785a4826225387570", "best_bid": "0.999", "best_ask": "1"}, {"asset_id": "102432885077551242159113016851311280841043600194881798270351828946341838308519", "price": "0.001", "size": "109237.1", "side": "SELL", "hash": "442d6236525bb332824838474e933ca27d28d497", "best_bid": "0", "best_ask": "0.001"}], "timestamp": "1769384034483", "event_type": "price_change"}}
{"_local_timestamp": "2026-01-25T23:33:54.575451+00:00", "data": {"market": "0xa0f0cce5d67cf27b5a7c91b8be7346b09fc9bac7da17e37587ecce9b837a961a", "price_changes": [{"asset_id": "52699712428901962192736027833996903528867458158535165017805057452306566093962", "price": "0.999", "size": "109237.1", "side": "BUY", "hash": "38ee452e68f2ca2561d95fee29e02dc84e1fd81c", "best_bid": "0.999", "best_ask": "1"}, {"asset_id": "97559399235955958752928269387133709066779606157400190343072576353734416363060", "price": "0.001", "size": "109237.1", "side": "SELL", "hash": "18e25e05efb0c973b0237087bfea0332caab6cbc", "best_bid": "0", "best_ask": "0.001"}], "timestamp": "1769384034484", "event_type": "price_change"}}
{"_local_timestamp": "2026-01-25T23:33:55.235885+00:00", "data": {"market": "0xa0f0cce5d67cf27b5a7c91b8be7346b09fc9bac7da17e37587ecce9b837a961a", "price_changes": [{"asset_id": "52699712428901962192736027833996903528867458158535165017805057452306566093962", "price": "0.999", "size": "109273.1", "side": "BUY", "hash": "271c19c6c26c622a751a9c9fea599f6421ed0d0c", "best_bid": "0.999", "best_ask": "1"}, {"asset_id": "97559399235955958752928269387133709066779606157400190343072576353734416363060", "price": "0.001", "size": "109273.1", "side": "SELL", "hash": "346a38fcb8abf43cbb91b454a37f3eb689477d41", "best_bid": "0", "best_ask": "0.001"}], "timestamp": "1769384035131", "event_type": "price_change"}}
{"_local_timestamp": "2026-01-25T23:33:55.236361+00:00", "data": {"market": "0x8d10b2c043d8d40857a22347d9cbba9794abbe7477c71ada6dc409c89f148739", "price_changes": [{"asset_id": "66405822325694340926749815933341507926892696879883099194228778094076937329669", "price": "0.999", "size": "109273.1", "side": "BUY", "hash": "8106cbfa36c8c1f24ad6795917933a507af0486d", "best_bid": "0.999", "best_ask": "1"}, {"asset_id": "102432885077551242159113016851311280841043600194881798270351828946341838308519", "price": "0.001", "size": "109273.1", "side": "SELL", "hash": "85322efa721dd94fbb93b9001e1f3b8c4499d7e0", "best_bid": "0", "best_ask": "0.001"}], "timestamp": "1769384035132", "event_type": "price_change"}}
{"_local_timestamp": "2026-01-25T23:33:55.615975+00:00", "data": {"market": "0x8d10b2c043d8d40857a22347d9cbba9794abbe7477c71ada6dc409c89f148739", "price_changes": [{"asset_id": "66405822325694340926749815933341507926892696879883099194228778094076937329669", "price": "0.999", "size": "109308.1", "side": "BUY", "hash": "90e0d3ca316bc19abc3a0b480ce09287437ba0a9", "best_bid": "0.999", "best_ask": "1"}, {"asset_id": "102432885077551242159113016851311280841043600194881798270351828946341838308519", "price": "0.001", "size": "109308.1", "side": "SELL", "hash": "4a45c40b0e4cc4989927505e2cff32ddceedd1c4", "best_bid": "0", "best_ask": "0.001"}], "timestamp": "1769384035536", "event_type": "price_change"}}
{"_local_timestamp": "2026-01-25T23:33:55.617870+00:00", "data": {"market": "0xa0f0cce5d67cf27b5a7c91b8be7346b09fc9bac7da17e37587ecce9b837a961a", "price_changes": [{"asset_id": "52699712428901962192736027833996903528867458158535165017805057452306566093962", "price": "0.999", "size": "109308.1", "side": "BUY", "hash": "6f712a1f89071cf0c3df0c4e488076504b6bc3ad", "best_bid": "0.999", "best_ask": "1"}, {"asset_id": "97559399235955958752928269387133709066779606157400190343072576353734416363060", "price": "0.001", "size": "109308.1", "side": "SELL", "hash": "63466a20c2a59fe9cb39ec2ac67da8ea8b099e66", "best_bid": "0", "best_ask": "0.001"}], "timestamp": "1769384035535", "event_type": "price_change"}}
{"_local_timestamp": "2026-01-25T23:34:08.124591+00:00", "data": {"market": "0xa0f0cce5d67cf27b5a7c91b8be7346b09fc9bac7da17e37587ecce9b837a961a", "price_changes": [{"asset_id": "52699712428901962192736027833996903528867458158535165017805057452306566093962", "price": "0.999", "size": "104998.1", "side": "BUY", "hash": "c37888abaa8c08cac26dea7b2f16c797c8e395fd", "best_bid": "0.999", "best_ask": "1"}, {"asset_id": "97559399235955958752928269387133709066779606157400190343072576353734416363060", "price": "0.001", "size": "104998.1", "side": "SELL", "hash": "0439df9263bc56151c2d63343bb89c3889298c91", "best_bid": "0", "best_ask": "0.001"}], "timestamp": "1769384047890", "event_type": "price_change"}}
{"_local_timestamp": "2026-01-25T23:34:08.158209+00:00", "data": {"market": "0x8d10b2c043d8d40857a22347d9cbba9794abbe7477c71ada6dc409c89f148739", "price_changes": [{"asset_id": "66405822325694340926749815933341507926892696879883099194228778094076937329669", "price": "0.999", "size": "104998.1", "side": "BUY", "hash": "b4ebde4398ae78bbd20a2a8eae19b61a639a06de", "best_bid": "0.999", "best_ask": "1"}, {"asset_id": "102432885077551242159113016851311280841043600194881798270351828946341838308519", "price": "0.001", "size": "104998.1", "side": "SELL", "hash": "e06dc59348cca27d1e7a74c9784afd30a0ef8965", "best_bid": "0", "best_ask": "0.001"}], "timestamp": "1769384047889", "event_type": "price_change"}}
{"_local_timestamp": "2026-01-25T23:34:08.823877+00:00", "data": {"market": "0x8d10b2c043d8d40857a22347d9cbba9794abbe7477c71ada6dc409c89f148739", "price_changes": [{"asset_id": "66405822325694340926749815933341507926892696879883099194228778094076937329669", "price": "0.999", "size": "100005.1", "side": "BUY", "hash": "2f3128b027ff8f2bf6911ed1851d53865f316e70", "best_bid": "0.999", "best_ask": "1"}, {"asset_id": "102432885077551242159113016851311280841043600194881798270351828946341838308519", "price": "0.001", "size": "100005.1", "side": "SELL", "hash": "582c78c1997ab3fe12cd440b4677d06c5499557a", "best_bid": "0", "best_ask": "0.001"}], "timestamp": "1769384048564", "event_type": "price_change"}}
{"_local_timestamp": "2026-01-25T23:34:08.831154+00:00", "data": {"market": "0xa0f0cce5d67cf27b5a7c91b8be7346b09fc9bac7da17e37587ecce9b837a961a", "price_changes": [{"asset_id": "52699712428901962192736027833996903528867458158535165017805057452306566093962", "price": "0.999", "size": "100005.1", "side": "BUY", "hash": "8896ec0afee1646c1cae51fccb6731db314c5bc0", "best_bid": "0.999", "best_ask": "1"}, {"asset_id": "97559399235955958752928269387133709066779606157400190343072576353734416363060", "price": "0.001", "size": "100005.1", "side": "SELL", "hash": "6984842cc93f81f69995d9b86a651c49e6e8659c", "best_bid": "0", "best_ask": "0.001"}], "timestamp": "1769384048564", "event_type": "price_change"}}
{"_local_timestamp": "2026-01-25T23:34:09.447867+00:00", "data": {"market": "0xa0f0cce5d67cf27b5a7c91b8be7346b09fc9bac7da17e37587ecce9b837a961a", "price_changes": [{"asset_id": "52699712428901962192736027833996903528867458158535165017805057452306566093962", "price": "0.999", "size": "90005.1", "side": "BUY", "hash": "4f30753451bff9b151ceefff084fb7663c5228ef", "best_bid": "0.999", "best_ask": "1"}, {"asset_id": "97559399235955958752928269387133709066779606157400190343072576353734416363060", "price": "0.001", "size": "90005.1", "side": "SELL", "hash": "043438a68aedc779ffc25abe2ded987084fa4c6a", "best_bid": "0", "best_ask": "0.001"}], "timestamp": "1769384049208", "event_type": "price_change"}}
{"_local_timestamp": "2026-01-25T23:34:09.448513+00:00", "data": {"market": "0x8d10b2c043d8d40857a22347d9cbba9794abbe7477c71ada6dc409c89f148739", "price_changes": [{"asset_id": "66405822325694340926749815933341507926892696879883099194228778094076937329669", "price": "0.999", "size": "90005.1", "side": "BUY", "hash": "f70e455ff3213d85ffc9ba03801c1ea4da724eb3", "best_bid": "0.999", "best_ask": "1"}, {"asset_id": "102432885077551242159113016851311280841043600194881798270351828946341838308519", "price": "0.001", "size": "90005.1", "side": "SELL", "hash": "dde1187222a4ffa16d440a6a13ad97b1d8f51fe7", "best_bid": "0", "best_ask": "0.001"}], "timestamp": "1769384049208", "event_type": "price_change"}}
{"_local_timestamp": "2026-01-25T23:34:11.321289+00:00", "data": {"market": "0x8d10b2c043d8d40857a22347d9cbba9794abbe7477c71ada6dc409c89f148739", "price_changes": [{"asset_id": "66405822325694340926749815933341507926892696879883099194228778094076937329669", "price": "0.999", "size": "92505.1", "side": "BUY", "hash": "732aa3bdf0b4ddb8d9f4768a540861774eebc092", "best_bid": "0.999", "best_ask": "1"}, {"asset_id": "102432885077551242159113016851311280841043600194881798270351828946341838308519", "price": "0.001", "size": "92505.1", "side": "SELL", "hash": "a9a0e433f9cf35eada020228e7c23812aeb077eb", "best_bid": "0", "best_ask": "0.001"}], "timestamp": "1769384051120", "event_type": "price_change"}}
{"_local_timestamp": "2026-01-25T23:34:11.321836+00:00", "data": {"market": "0xa0f0cce5d67cf27b5a7c91b8be7346b09fc9bac7da17e37587ecce9b837a961a", "price_changes": [{"asset_id": "52699712428901962192736027833996903528867458158535165017805057452306566093962", "price": "0.999", "size": "92505.1", "side": "BUY", "hash": "122ed0582517a0d25dc60a89625519c15a386423", "best_bid": "0.999", "best_ask": "1"}, {"asset_id": "97559399235955958752928269387133709066779606157400190343072576353734416363060", "price": "0.001", "size": "92505.1", "side": "SELL", "hash": "905e444dd18dc0775665c6a562a567e708d8d008", "best_bid": "0", "best_ask": "0.001"}], "timestamp": "1769384051120", "event_type": "price_change"}}
{"_local_timestamp": "2026-01-25T23:34:12.603984+00:00", "data": {"market": "0x8d10b2c043d8d40857a22347d9cbba9794abbe7477c71ada6dc409c89f148739", "price_changes": [{"asset_id": "66405822325694340926749815933341507926892696879883099194228778094076937329669", "price": "0.999", "size": "93129.1", "side": "BUY", "hash": "f735ff946977aa6b8faf59a70b9526e6421dd897", "best_bid": "0.999", "best_ask": "1"}, {"asset_id": "102432885077551242159113016851311280841043600194881798270351828946341838308519", "price": "0.001", "size": "93129.1", "side": "SELL", "hash": "4daf553f083baf6b16692bb06212e71ea4cb6254", "best_bid": "0", "best_ask": "0.001"}], "timestamp": "1769384052359", "event_type": "price_change"}}
{"_local_timestamp": "2026-01-25T23:34:12.605269+00:00", "data": {"market": "0xa0f0cce5d67cf27b5a7c91b8be7346b09fc9bac7da17e37587ecce9b837a961a", "price_changes": [{"asset_id": "52699712428901962192736027833996903528867458158535165017805057452306566093962", "price": "0.999", "size": "93129.1", "side": "BUY", "hash": "2b1bbcf557ef59f0e80f2bcbc4a0d48bbb948fd2", "best_bid": "0.999", "best_ask": "1"}, {"asset_id": "97559399235955958752928269387133709066779606157400190343072576353734416363060", "price": "0.001", "size": "93129.1", "side": "SELL", "hash": "04797caaf36a8ed9b461f08f334f0ff0b790765d", "best_bid": "0", "best_ask": "0.001"}], "timestamp": "1769384052359", "event_type": "price_change"}}
{"_local_timestamp": "2026-01-25T23:34:13.735001+00:00", "data": {"market": "0x8d10b2c043d8d40857a22347d9cbba9794abbe7477c71ada6dc409c89f148739", "price_changes": [{"asset_id": "66405822325694340926749815933341507926892696879883099194228778094076937329669", "price": "0.999", "size": "93284.1", "side": "BUY", "hash": "63638403af03f44e996012eed16b50b500d9527f", "best_bid": "0.999", "best_ask": "1"}, {"asset_id": "102432885077551242159113016851311280841043600194881798270351828946341838308519", "price": "0.001", "size": "93284.1", "side": "SELL", "hash": "16ed0bb82ab363815d05a3318b82df0f64f550a1", "best_bid": "0", "best_ask": "0.001"}], "timestamp": "1769384053418", "event_type": "price_change"}}
{"_local_timestamp": "2026-01-25T23:34:13.739826+00:00", "data": {"market": "0xa0f0cce5d67cf27b5a7c91b8be7346b09fc9bac7da17e37587ecce9b837a961a", "price_changes": [{"asset_id": "52699712428901962192736027833996903528867458158535165017805057452306566093962", "price": "0.999", "size": "93284.1", "side": "BUY", "hash": "abbc6a884aa7135a8420298cdce6d8fdf3ae2656", "best_bid": "0.999", "best_ask": "1"}, {"asset_id": "97559399235955958752928269387133709066779606157400190343072576353734416363060", "price": "0.001", "size": "93284.1", "side": "SELL", "hash": "162e735a3b2b97c321225a6b43edfc228f195b64", "best_bid": "0", "best_ask": "0.001"}], "timestamp": "1769384053417", "event_type": "price_change"}}
{"_local_timestamp": "2026-01-25T23:34:25.611655+00:00", "data": {"market": "0x8d10b2c043d8d40857a22347d9cbba9794abbe7477c71ada6dc409c89f148739", "price_changes": [{"asset_id": "66405822325694340926749815933341507926892696879883099194228778094076937329669", "price": "0.999", "size": "80005.1", "side": "BUY", "hash": "f43b35fa81511cacf6b68b2e37333c300f89f6a7", "best_bid": "0.999", "best_ask": "1"}, {"asset_id": "102432885077551242159113016851311280841043600194881798270351828946341838308519", "price": "0.001", "size": "80005.1", "side": "SELL", "hash": "9688b587f046a38e7b8697b1e11d48e2254f52eb", "best_bid": "0", "best_ask": "0.001"}], "timestamp": "1769384065337", "event_type": "price_change"}}
{"_local_timestamp": "2026-01-25T23:34:25.628552+00:00", "data": {"market": "0xa0f0cce5d67cf27b5a7c91b8be7346b09fc9bac7da17e37587ecce9b837a961a", "price_changes": [{"asset_id": "52699712428901962192736027833996903528867458158535165017805057452306566093962", "price": "0.999", "size": "80005.1", "side": "BUY", "hash": "475717ff8ff8723b9bf8150ca889a19056386df1", "best_bid": "0.999", "best_ask": "1"}, {"asset_id": "97559399235955958752928269387133709066779606157400190343072576353734416363060", "price": "0.001", "size": "80005.1", "side": "SELL", "hash": "85ae92dc717138a3c5c55eb6003e519ed4970928", "best_bid": "0", "best_ask": "0.001"}], "timestamp": "1769384065339", "event_type": "price_change"}}
{"_local_timestamp": "2026-01-25T23:34:26.472865+00:00", "data": {"market": "0xa0f0cce5d67cf27b5a7c91b8be7346b09fc9bac7da17e37587ecce9b837a961a", "price_changes": [{"asset_id": "52699712428901962192736027833996903528867458158535165017805057452306566093962", "price": "0.999", "size": "80630.1", "side": "BUY", "hash": "7823ba1a3ac7c75991bc91ea34325c16350fa5e4", "best_bid": "0.999", "best_ask": "1"}, {"asset_id": "97559399235955958752928269387133709066779606157400190343072576353734416363060", "price": "0.001", "size": "80630.1", "side": "SELL", "hash": "9a18977b3baab95d137a1dc1aaf16df9a6ef5a11", "best_bid": "0", "best_ask": "0.001"}], "timestamp": "1769384066208", "event_type": "price_change"}}
{"_local_timestamp": "2026-01-25T23:34:26.473351+00:00", "data": {"market": "0x8d10b2c043d8d40857a22347d9cbba9794abbe7477c71ada6dc409c89f148739", "price_changes": [{"asset_id": "66405822325694340926749815933341507926892696879883099194228778094076937329669", "price": "0.999", "size": "80630.1", "side": "BUY", "hash": "e5400c0e130bf819d362ecb6b8225813dc09ee73", "best_bid": "0.999", "best_ask": "1"}, {"asset_id": "102432885077551242159113016851311280841043600194881798270351828946341838308519", "price": "0.001", "size": "80630.1", "side": "SELL", "hash": "5e680e4975e50b2399493ba064c57032979d976c", "best_bid": "0", "best_ask": "0.001"}], "timestamp": "1769384066208", "event_type": "price_change"}}
{"_local_timestamp": "2026-01-25T23:34:26.836259+00:00", "data": {"market": "0x8d10b2c043d8d40857a22347d9cbba9794abbe7477c71ada6dc409c89f148739", "price_changes": [{"asset_id": "66405822325694340926749815933341507926892696879883099194228778094076937329669", "price": "0.999", "size": "81254.1", "side": "BUY", "hash": "9db5af8598caf20dbd61076295c0c754452ea848", "best_bid": "0.999", "best_ask": "1"}, {"asset_id": "102432885077551242159113016851311280841043600194881798270351828946341838308519", "price": "0.001", "size": "81254.1", "side": "SELL", "hash": "f23b7f3cee7b27644ec698e6a37e2caa87d07723", "best_bid": "0", "best_ask": "0.001"}], "timestamp": "1769384066564", "event_type": "price_change"}}
{"_local_timestamp": "2026-01-25T23:34:26.836700+00:00", "data": {"market": "0xa0f0cce5d67cf27b5a7c91b8be7346b09fc9bac7da17e37587ecce9b837a961a", "price_changes": [{"asset_id": "52699712428901962192736027833996903528867458158535165017805057452306566093962", "price": "0.999", "size": "81254.1", "side": "BUY", "hash": "78e38ddee26e4a1ae0fd5180b86edd0880c4f26b", "best_bid": "0.999", "best_ask": "1"}, {"asset_id": "97559399235955958752928269387133709066779606157400190343072576353734416363060", "price": "0.001", "size": "81254.1", "side": "SELL", "hash": "a175383cf66fceda9fb7c92d964ebd5449fadc94", "best_bid": "0", "best_ask": "0.001"}], "timestamp": "1769384066565", "event_type": "price_change"}}
{"_local_timestamp": "2026-01-25T23:34:28.095756+00:00", "data": {"market": "0x8d10b2c043d8d40857a22347d9cbba9794abbe7477c71ada6dc409c89f148739", "price_changes": [{"asset_id": "66405822325694340926749815933341507926892696879883099194228778094076937329669", "price": "0.999", "size": "81409.1", "side": "BUY", "hash": "3fca783ee69f4d48f35f2fd6b5d9a4acf25309f7", "best_bid": "0.999", "best_ask": "1"}, {"asset_id": "102432885077551242159113016851311280841043600194881798270351828946341838308519", "price": "0.001", "size": "81409.1", "side": "SELL", "hash": "801c64dfa059f28e64c466978b43c96a53da9112", "best_bid": "0", "best_ask": "0.001"}], "timestamp": "1769384067741", "event_type": "price_change"}}
{"_local_timestamp": "2026-01-25T23:34:28.105042+00:00", "data": {"market": "0xa0f0cce5d67cf27b5a7c91b8be7346b09fc9bac7da17e37587ecce9b837a961a", "price_changes": [{"asset_id": "52699712428901962192736027833996903528867458158535165017805057452306566093962", "price": "0.999", "size": "81409.1", "side": "BUY", "hash": "15b28a3876337e4d852381665cc55a177203d72e", "best_bid": "0.999", "best_ask": "1"}, {"asset_id": "97559399235955958752928269387133709066779606157400190343072576353734416363060", "price": "0.001", "size": "81409.1", "side": "SELL", "hash": "c98966494ee71f65f84438aab004f60d95901653", "best_bid": "0", "best_ask": "0.001"}], "timestamp": "1769384067741", "event_type": "price_change"}}
{"_local_timestamp": "2026-01-25T23:34:28.428737+00:00", "data": {"market": "0x8d10b2c043d8d40857a22347d9cbba9794abbe7477c71ada6dc409c89f148739", "price_changes": [{"asset_id": "66405822325694340926749815933341507926892696879883099194228778094076937329669", "price": "0.999", "size": "81563.1", "side": "BUY", "hash": "6b4906574e58deb72a2e8fc786d32fcd2d02b6ca", "best_bid": "0.999", "best_ask": "1"}, {"asset_id": "102432885077551242159113016851311280841043600194881798270351828946341838308519", "price": "0.001", "size": "81563.1", "side": "SELL", "hash": "0c95d97159f1f5f34958d386cf44892da3f97427", "best_bid": "0", "best_ask": "0.001"}], "timestamp": "1769384068167", "event_type": "price_change"}}
{"_local_timestamp": "2026-01-25T23:34:28.446998+00:00", "data": {"market": "0xa0f0cce5d67cf27b5a7c91b8be7346b09fc9bac7da17e37587ecce9b837a961a", "price_changes": [{"asset_id": "52699712428901962192736027833996903528867458158535165017805057452306566093962", "price": "0.999", "size": "81563.1", "side": "BUY", "hash": "958d2f9069e8a40977ec596435e1623d9eb5db55", "best_bid": "0.999", "best_ask": "1"}, {"asset_id": "97559399235955958752928269387133709066779606157400190343072576353734416363060", "price": "0.001", "size": "81563.1", "side": "SELL", "hash": "760aa287c49fec74e89ebe6d8cb24761b38d96d5", "best_bid": "0", "best_ask": "0.001"}], "timestamp": "1769384068167", "event_type": "price_change"}}
{"_local_timestamp": "2026-01-25T23:34:29.510211+00:00", "data": {"market": "0xa0f0cce5d67cf27b5a7c91b8be7346b09fc9bac7da17e37587ecce9b837a961a", "price_changes": [{"asset_id": "52699712428901962192736027833996903528867458158535165017805057452306566093962", "price": "0.999", "size": "81716.1", "side": "BUY", "hash": "c837e963695382bfc629e0e9a1e71d97d6689c62", "best_bid": "0.999", "best_ask": "1"}, {"asset_id": "97559399235955958752928269387133709066779606157400190343072576353734416363060", "price": "0.001", "size": "81716.1", "side": "SELL", "hash": "57bc1e50765dfa6c85fe2ea2c24fe8c823c05a6f", "best_bid": "0", "best_ask": "0.001"}], "timestamp": "1769384069278", "event_type": "price_change"}}
{"_local_timestamp": "2026-01-25T23:34:29.515838+00:00", "data": {"market": "0x8d10b2c043d8d40857a22347d9cbba9794abbe7477c71ada6dc409c89f148739", "price_changes": [{"asset_id": "66405822325694340926749815933341507926892696879883099194228778094076937329669", "price": "0.999", "size": "81716.1", "side": "BUY", "hash": "046df01474c7fbdd7ffb8bee04b1fec8d9f91cde", "best_bid": "0.999", "best_ask": "1"}, {"asset_id": "102432885077551242159113016851311280841043600194881798270351828946341838308519", "price": "0.001", "size": "81716.1", "side": "SELL", "hash": "47e8386f8049a4da88c38f0086eb68fe81eb4284", "best_bid": "0", "best_ask": "0.001"}], "timestamp": "1769384069278", "event_type": "price_change"}}
{"_local_timestamp": "2026-01-25T23:34:29.925382+00:00", "data": {"market": "0xa0f0cce5d67cf27b5a7c91b8be7346b09fc9bac7da17e37587ecce9b837a961a", "price_changes": [{"asset_id": "52699712428901962192736027833996903528867458158535165017805057452306566093962", "price": "0.999", "size": "81868.1", "side": "BUY", "hash": "ba3e98ae65dd3750c884fbda37d1b066b479a3e1", "best_bid": "0.999", "best_ask": "1"}, {"asset_id": "97559399235955958752928269387133709066779606157400190343072576353734416363060", "price": "0.001", "size": "81868.1", "side": "SELL", "hash": "a73bf740c3dcd971d2e9bd2e57af1a1813d9f8b7", "best_bid": "0", "best_ask": "0.001"}], "timestamp": "1769384069641", "event_type": "price_change"}}
{"_local_timestamp": "2026-01-25T23:34:29.929246+00:00", "data": {"market": "0x8d10b2c043d8d40857a22347d9cbba9794abbe7477c71ada6dc409c89f148739", "price_changes": [{"asset_id": "66405822325694340926749815933341507926892696879883099194228778094076937329669", "price": "0.999", "size": "81868.1", "side": "BUY", "hash": "9a75102765e8e1cdc6a463c175c5842933997e2f", "best_bid": "0.999", "best_ask": "1"}, {"asset_id": "102432885077551242159113016851311280841043600194881798270351828946341838308519", "price": "0.001", "size": "81868.1", "side": "SELL", "hash": "e5356b0a41959441b1478a9f2879f66b0dccf1a3", "best_bid": "0", "best_ask": "0.001"}], "timestamp": "1769384069642", "event_type": "price_change"}}
{"_local_timestamp": "2026-01-25T23:34:30.526588+00:00", "data": {"market": "0xa0f0cce5d67cf27b5a7c91b8be7346b09fc9bac7da17e37587ecce9b837a961a", "price_changes": [{"asset_id": "52699712428901962192736027833996903528867458158535165017805057452306566093962", "price": "0.999", "size": "82019.1", "side": "BUY", "hash": "981e347359d0fe84667ff0a74a2f3148bc68ea87", "best_bid": "0.999", "best_ask": "1"}, {"asset_id": "97559399235955958752928269387133709066779606157400190343072576353734416363060", "price": "0.001", "size": "82019.1", "side": "SELL", "hash": "fde2f43dc9d71be6f7f5ed9039399336d5fbaa94", "best_bid": "0", "best_ask": "0.001"}], "timestamp": "1769384070204", "event_type": "price_change"}}
{"_local_timestamp": "2026-01-25T23:34:30.536352+00:00", "data": {"market": "0x8d10b2c043d8d40857a22347d9cbba9794abbe7477c71ada6dc409c89f148739", "price_changes": [{"asset_id": "66405822325694340926749815933341507926892696879883099194228778094076937329669", "price": "0.999", "size": "82019.1", "side": "BUY", "hash": "1a78273d87c1539501ed8f17ebc9abf88fd2200d", "best_bid": "0.999", "best_ask": "1"}, {"asset_id": "102432885077551242159113016851311280841043600194881798270351828946341838308519", "price": "0.001", "size": "82019.1", "side": "SELL", "hash": "0ccd1bcf19f35e3c4060d299f71dac88ce267311", "best_bid": "0", "best_ask": "0.001"}], "timestamp": "1769384070205", "event_type": "price_change"}}
{"_local_timestamp": "2026-01-25T23:34:30.821958+00:00", "data": {"market": "0xa0f0cce5d67cf27b5a7c91b8be7346b09fc9bac7da17e37587ecce9b837a961a", "price_changes": [{"asset_id": "52699712428901962192736027833996903528867458158535165017805057452306566093962", "price": "0.999", "size": "82056.1", "side": "BUY", "hash": "fc2de9974c118d01873fc2a14cc1b838420fc324", "best_bid": "0.999", "best_ask": "1"}, {"asset_id": "97559399235955958752928269387133709066779606157400190343072576353734416363060", "price": "0.001", "size": "82056.1", "side": "SELL", "hash": "a52c58589ac5d8dd6f48e7d156bdd6f481ed0303", "best_bid": "0", "best_ask": "0.001"}], "timestamp": "1769384070575", "event_type": "price_change"}}
{"_local_timestamp": "2026-01-25T23:34:30.823578+00:00", "data": {"market": "0x8d10b2c043d8d40857a22347d9cbba9794abbe7477c71ada6dc409c89f148739", "price_changes": [{"asset_id": "66405822325694340926749815933341507926892696879883099194228778094076937329669", "price": "0.999", "size": "82056.1", "side": "BUY", "hash": "01eff850594f02870627c25cfc4f8d6e820d9468", "best_bid": "0.999", "best_ask": "1"}, {"asset_id": "102432885077551242159113016851311280841043600194881798270351828946341838308519", "price": "0.001", "size": "82056.1", "side": "SELL", "hash": "a9b6b4a5c3f50f094bb5f1b51f40f3e01b4ea4a7", "best_bid": "0", "best_ask": "0.001"}], "timestamp": "1769384070574", "event_type": "price_change"}}
{"_local_timestamp": "2026-01-25T23:34:31.157371+00:00", "data": {"market": "0xa0f0cce5d67cf27b5a7c91b8be7346b09fc9bac7da17e37587ecce9b837a961a", "price_changes": [{"asset_id": "52699712428901962192736027833996903528867458158535165017805057452306566093962", "price": "0.999", "size": "82092.1", "side": "BUY", "hash": "71d1421f9a5c1d57f0cbe8efb3abe71a58c443a3", "best_bid": "0.999", "best_ask": "1"}, {"asset_id": "97559399235955958752928269387133709066779606157400190343072576353734416363060", "price": "0.001", "size": "82092.1", "side": "SELL", "hash": "e16ef73f1c8d0d7481362fe25aaa12a85f502e0f", "best_bid": "0", "best_ask": "0.001"}], "timestamp": "1769384070923", "event_type": "price_change"}}
{"_local_timestamp": "2026-01-25T23:34:31.163143+00:00", "data": {"market": "0x8d10b2c043d8d40857a22347d9cbba9794abbe7477c71ada6dc409c89f148739", "price_changes": [{"asset_id": "66405822325694340926749815933341507926892696879883099194228778094076937329669", "price": "0.999", "size": "82092.1", "side": "BUY", "hash": "385282359c0260d27aaadbd11c2a47d8785b51c9", "best_bid": "0.999", "best_ask": "1"}, {"asset_id": "102432885077551242159113016851311280841043600194881798270351828946341838308519", "price": "0.001", "size": "82092.1", "side": "SELL", "hash": "66c6e1b58160290eb6fba0efeb6846d8dd9f04a0", "best_bid": "0", "best_ask": "0.001"}], "timestamp": "1769384070924", "event_type": "price_change"}}
{"_local_timestamp": "2026-01-25T23:34:32.373357+00:00", "data": {"market": "0xa0f0cce5d67cf27b5a7c91b8be7346b09fc9bac7da17e37587ecce9b837a961a", "price_changes": [{"asset_id": "52699712428901962192736027833996903528867458158535165017805057452306566093962", "price": "0.999", "size": "82127.1", "side": "BUY", "hash": "5204dafdfe9bc2ab1e78f4fcd67b700dc4980514", "best_bid": "0.999", "best_ask": "1"}, {"asset_id": "97559399235955958752928269387133709066779606157400190343072576353734416363060", "price": "0.001", "size": "82127.1", "side": "SELL", "hash": "bbf19d0b7dcb8c1a93f33e5ff9a1442c3732cd72", "best_bid": "0", "best_ask": "0.001"}], "timestamp": "1769384072100", "event_type": "price_change"}}
{"_local_timestamp": "2026-01-25T23:34:32.389372+00:00", "data": {"market": "0x8d10b2c043d8d40857a22347d9cbba9794abbe7477c71ada6dc409c89f148739", "price_changes": [{"asset_id": "66405822325694340926749815933341507926892696879883099194228778094076937329669", "price": "0.999", "size": "82127.1", "side": "BUY", "hash": "2963890160bf09f88610c04472633ba79286e81d", "best_bid": "0.999", "best_ask": "1"}, {"asset_id": "102432885077551242159113016851311280841043600194881798270351828946341838308519", "price": "0.001", "size": "82127.1", "side": "SELL", "hash": "ff7a5f988cf4c9812f265f4a0916b052b9c5e373", "best_bid": "0", "best_ask": "0.001"}], "timestamp": "1769384072106", "event_type": "price_change"}}
{"_local_timestamp": "2026-01-25T23:34:32.837939+00:00", "data": {"market": "0x8d10b2c043d8d40857a22347d9cbba9794abbe7477c71ada6dc409c89f148739", "price_changes": [{"asset_id": "66405822325694340926749815933341507926892696879883099194228778094076937329669", "price": "0.999", "size": "82161.1", "side": "BUY", "hash": "b28852e5faabd0faa34642449965f946ef703c24", "best_bid": "0.999", "best_ask": "1"}, {"asset_id": "102432885077551242159113016851311280841043600194881798270351828946341838308519", "price": "0.001", "size": "82161.1", "side": "SELL", "hash": "97bdc0d08bc9c175ddd611c85959f6b2b22cd682", "best_bid": "0", "best_ask": "0.001"}], "timestamp": "1769384072583", "event_type": "price_change"}}
{"_local_timestamp": "2026-01-25T23:34:32.838446+00:00", "data": {"market": "0xa0f0cce5d67cf27b5a7c91b8be7346b09fc9bac7da17e37587ecce9b837a961a", "price_changes": [{"asset_id": "52699712428901962192736027833996903528867458158535165017805057452306566093962", "price": "0.999", "size": "82161.1", "side": "BUY", "hash": "c1e8f45b0ce7d97e76fc6086d3340d85ffd46740", "best_bid": "0.999", "best_ask": "1"}, {"asset_id": "97559399235955958752928269387133709066779606157400190343072576353734416363060", "price": "0.001", "size": "82161.1", "side": "SELL", "hash": "51a48171a1bf639587aeca5f34818c7c9b5ab79d", "best_bid": "0", "best_ask": "0.001"}], "timestamp": "1769384072583", "event_type": "price_change"}}
{"_local_timestamp": "2026-01-25T23:34:33.594139+00:00", "data": {"market": "0x8d10b2c043d8d40857a22347d9cbba9794abbe7477c71ada6dc409c89f148739", "price_changes": [{"asset_id": "66405822325694340926749815933341507926892696879883099194228778094076937329669", "price": "0.999", "size": "82194.1", "side": "BUY", "hash": "670346993f13fd72bce489762a63cf3cd8770622", "best_bid": "0.999", "best_ask": "1"}, {"asset_id": "102432885077551242159113016851311280841043600194881798270351828946341838308519", "price": "0.001", "size": "82194.1", "side": "SELL", "hash": "71dca46f2219be7b8554c9bf1509530dfb86a3d2", "best_bid": "0", "best_ask": "0.001"}], "timestamp": "1769384073354", "event_type": "price_change"}}
{"_local_timestamp": "2026-01-25T23:34:33.628264+00:00", "data": {"market": "0xa0f0cce5d67cf27b5a7c91b8be7346b09fc9bac7da17e37587ecce9b837a961a", "price_changes": [{"asset_id": "52699712428901962192736027833996903528867458158535165017805057452306566093962", "price": "0.999", "size": "82194.1", "side": "BUY", "hash": "e5994227df1b03f0e8307d08a0a4468bcba374c4", "best_bid": "0.999", "best_ask": "1"}, {"asset_id": "97559399235955958752928269387133709066779606157400190343072576353734416363060", "price": "0.001", "size": "82194.1", "side": "SELL", "hash": "fc7be561e4dbf9db01ea4a05a556701ae586763e", "best_bid": "0", "best_ask": "0.001"}], "timestamp": "1769384073354", "event_type": "price_change"}}
{"_local_timestamp": "2026-01-25T23:34:36.302887+00:00", "data": {"market": "0x8d10b2c043d8d40857a22347d9cbba9794abbe7477c71ada6dc409c89f148739", "price_changes": [{"asset_id": "66405822325694340926749815933341507926892696879883099194228778094076937329669", "price": "0.999", "size": "84694.1", "side": "BUY", "hash": "a2c9fa71840f0be1bf2e64c8118be1f1b2ce84aa", "best_bid": "0.999", "best_ask": "1"}, {"asset_id": "102432885077551242159113016851311280841043600194881798270351828946341838308519", "price": "0.001", "size": "84694.1", "side": "SELL", "hash": "041d03c6506dc5711255a6fe3f2b9a682de59a0c", "best_bid": "0", "best_ask": "0.001"}], "timestamp": "1769384076056", "event_type": "price_change"}}
{"_local_timestamp": "2026-01-25T23:34:36.315730+00:00", "data": {"market": "0xa0f0cce5d67cf27b5a7c91b8be7346b09fc9bac7da17e37587ecce9b837a961a", "price_changes": [{"asset_id": "52699712428901962192736027833996903528867458158535165017805057452306566093962", "price": "0.999", "size": "84694.1", "side": "BUY", "hash": "1f688f84a4a7181a7aedb5473483afd59c917995", "best_bid": "0.999", "best_ask": "1"}, {"asset_id": "97559399235955958752928269387133709066779606157400190343072576353734416363060", "price": "0.001", "size": "84694.1", "side": "SELL", "hash": "0c9bfa303030bdbeb4ace522ee9d9aca4e50ab58", "best_bid": "0", "best_ask": "0.001"}], "timestamp": "1769384076057", "event_type": "price_change"}}
{"_local_timestamp": "2026-01-25T23:34:38.523706+00:00", "data": {"market": "0x8d10b2c043d8d40857a22347d9cbba9794abbe7477c71ada6dc409c89f148739", "price_changes": [{"asset_id": "66405822325694340926749815933341507926892696879883099194228778094076937329669", "price": "0.999", "size": "84849.1", "side": "BUY", "hash": "006a93d055527338cb28f978739aa12ae8a2f84d", "best_bid": "0.999", "best_ask": "1"}, {"asset_id": "102432885077551242159113016851311280841043600194881798270351828946341838308519", "price": "0.001", "size": "84849.1", "side": "SELL", "hash": "a4533eecb72543ea3eeda26854c566f5bea1bcea", "best_bid": "0", "best_ask": "0.001"}], "timestamp": "1769384078438", "event_type": "price_change"}}
{"_local_timestamp": "2026-01-25T23:34:38.529824+00:00", "data": {"market": "0xa0f0cce5d67cf27b5a7c91b8be7346b09fc9bac7da17e37587ecce9b837a961a", "price_changes": [{"asset_id": "52699712428901962192736027833996903528867458158535165017805057452306566093962", "price": "0.999", "size": "84849.1", "side": "BUY", "hash": "1a83d0a1835f12f8c5e7d1ce8c4219cbccb64631", "best_bid": "0.999", "best_ask": "1"}, {"asset_id": "97559399235955958752928269387133709066779606157400190343072576353734416363060", "price": "0.001", "size": "84849.1", "side": "SELL", "hash": "29bfc790d81637b874fb6becd67fe2053a5fe363", "best_bid": "0", "best_ask": "0.001"}], "timestamp": "1769384078438", "event_type": "price_change"}}
{"_local_timestamp": "2026-01-25T23:34:38.861756+00:00", "data": {"market": "0x8d10b2c043d8d40857a22347d9cbba9794abbe7477c71ada6dc409c89f148739", "price_changes": [{"asset_id": "66405822325694340926749815933341507926892696879883099194228778094076937329669", "price": "0.999", "size": "85003.1", "side": "BUY", "hash": "8c98edb1e8ff59cc3ac1d64572f7dc6990ab58e4", "best_bid": "0.999", "best_ask": "1"}, {"asset_id": "102432885077551242159113016851311280841043600194881798270351828946341838308519", "price": "0.001", "size": "85003.1", "side": "SELL", "hash": "33d3facd5507dd9ad717f21c667303685d923083", "best_bid": "0", "best_ask": "0.001"}], "timestamp": "1769384078785", "event_type": "price_change"}}
{"_local_timestamp": "2026-01-25T23:34:38.862249+00:00", "data": {"market": "0xa0f0cce5d67cf27b5a7c91b8be7346b09fc9bac7da17e37587ecce9b837a961a", "price_changes": [{"asset_id": "52699712428901962192736027833996903528867458158535165017805057452306566093962", "price": "0.999", "size": "85003.1", "side": "BUY", "hash": "afec9347c4b9098e1b8fd6b46c1f4f6ba15a39a6", "best_bid": "0.999", "best_ask": "1"}, {"asset_id": "97559399235955958752928269387133709066779606157400190343072576353734416363060", "price": "0.001", "size": "85003.1", "side": "SELL", "hash": "a50bbab44aed5dc95d9cdc871ce089ccfc918d87", "best_bid": "0", "best_ask": "0.001"}], "timestamp": "1769384078786", "event_type": "price_change"}}
{"_local_timestamp": "2026-01-25T23:34:40.198533+00:00", "data": {"market": "0xa0f0cce5d67cf27b5a7c91b8be7346b09fc9bac7da17e37587ecce9b837a961a", "price_changes": [{"asset_id": "52699712428901962192736027833996903528867458158535165017805057452306566093962", "price": "0.999", "size": "85156.1", "side": "BUY", "hash": "c01434bb25d2b2c5367c102502fb1b73e7a0ea77", "best_bid": "0.999", "best_ask": "1"}, {"asset_id": "97559399235955958752928269387133709066779606157400190343072576353734416363060", "price": "0.001", "size": "85156.1", "side": "SELL", "hash": "17407ef9859507faa9601cf7cc59f7fe2be77da0", "best_bid": "0", "best_ask": "0.001"}], "timestamp": "1769384080021", "event_type": "price_change"}}
{"_local_timestamp": "2026-01-25T23:34:40.202644+00:00", "data": {"market": "0x8d10b2c043d8d40857a22347d9cbba9794abbe7477c71ada6dc409c89f148739", "price_changes": [{"asset_id": "66405822325694340926749815933341507926892696879883099194228778094076937329669", "price": "0.999", "size": "85156.1", "side": "BUY", "hash": "d73c049e5cdadca2362c34f83dbc826b41b8a3e3", "best_bid": "0.999", "best_ask": "1"}, {"asset_id": "102432885077551242159113016851311280841043600194881798270351828946341838308519", "price": "0.001", "size": "85156.1", "side": "SELL", "hash": "8fc2069845073d5d4e526625d5fa692b4b9e81f8", "best_bid": "0", "best_ask": "0.001"}], "timestamp": "1769384080021", "event_type": "price_change"}}
{"_local_timestamp": "2026-01-25T23:34:40.668108+00:00", "data": {"market": "0x8d10b2c043d8d40857a22347d9cbba9794abbe7477c71ada6dc409c89f148739", "price_changes": [{"asset_id": "66405822325694340926749815933341507926892696879883099194228778094076937329669", "price": "0.999", "size": "85308.1", "side": "BUY", "hash": "2b55a7ded102149410aa152eb15e0b03f37def0f", "best_bid": "0.999", "best_ask": "1"}, {"asset_id": "102432885077551242159113016851311280841043600194881798270351828946341838308519", "price": "0.001", "size": "85308.1", "side": "SELL", "hash": "c64aa85559bcc154790ba627295c7746a85aa71b", "best_bid": "0", "best_ask": "0.001"}], "timestamp": "1769384080486", "event_type": "price_change"}}
{"_local_timestamp": "2026-01-25T23:34:40.684537+00:00", "data": {"market": "0xa0f0cce5d67cf27b5a7c91b8be7346b09fc9bac7da17e37587ecce9b837a961a", "price_changes": [{"asset_id": "52699712428901962192736027833996903528867458158535165017805057452306566093962", "price": "0.999", "size": "85308.1", "side": "BUY", "hash": "bacfa575abfb62906a0f3676a5146c7a48d14249", "best_bid": "0.999", "best_ask": "1"}, {"asset_id": "97559399235955958752928269387133709066779606157400190343072576353734416363060", "price": "0.001", "size": "85308.1", "side": "SELL", "hash": "469ed94d43d48d2e3958eca6ecb11f5bc96162ad", "best_bid": "0", "best_ask": "0.001"}], "timestamp": "1769384080491", "event_type": "price_change"}}
{"_local_timestamp": "2026-01-25T23:35:07.475134+00:00", "data": {"market": "0xa0f0cce5d67cf27b5a7c91b8be7346b09fc9bac7da17e37587ecce9b837a961a", "price_changes": [{"asset_id": "52699712428901962192736027833996903528867458158535165017805057452306566093962", "price": "0.999", "size": "80005.1", "side": "BUY", "hash": "7a9fe2ca21d5298b6154c2f692b2f487f079b8d2", "best_bid": "0.999", "best_ask": "1"}, {"asset_id": "97559399235955958752928269387133709066779606157400190343072576353734416363060", "price": "0.001", "size": "80005.1", "side": "SELL", "hash": "ef37e70352cf89968c08566a87d895e83f55ae91", "best_bid": "0", "best_ask": "0.001"}], "timestamp": "1769384107390", "event_type": "price_change"}}
{"_local_timestamp": "2026-01-25T23:35:07.476451+00:00", "data": {"market": "0x8d10b2c043d8d40857a22347d9cbba9794abbe7477c71ada6dc409c89f148739", "price_changes": [{"asset_id": "66405822325694340926749815933341507926892696879883099194228778094076937329669", "price": "0.999", "size": "80005.1", "side": "BUY", "hash": "c1948785f32d88a9dc6ca690e725ad2495f61447", "best_bid": "0.999", "best_ask": "1"}, {"asset_id": "102432885077551242159113016851311280841043600194881798270351828946341838308519", "price": "0.001", "size": "80005.1", "side": "SELL", "hash": "80aeb5adb28fade1b12dba036ba94c36bb9a0d13", "best_bid": "0", "best_ask": "0.001"}], "timestamp": "1769384107391", "event_type": "price_change"}}
{"_local_timestamp": "2026-01-25T23:35:07.730209+00:00", "data": {"market": "0xa0f0cce5d67cf27b5a7c91b8be7346b09fc9bac7da17e37587ecce9b837a961a", "price_changes": [{"asset_id": "52699712428901962192736027833996903528867458158535165017805057452306566093962", "price": "0.999", "size": "80044.1", "side": "BUY", "hash": "93e4ed96c399b78fbd08590af4d41c8e56019ebb", "best_bid": "0.999", "best_ask": "1"}, {"asset_id": "97559399235955958752928269387133709066779606157400190343072576353734416363060", "price": "0.001", "size": "80044.1", "side": "SELL", "hash": "8701b8686b61bcacb6b8e017a1c670fd997f8f63", "best_bid": "0", "best_ask": "0.001"}], "timestamp": "1769384107618", "event_type": "price_change"}}
{"_local_timestamp": "2026-01-25T23:35:07.733447+00:00", "data": {"market": "0x8d10b2c043d8d40857a22347d9cbba9794abbe7477c71ada6dc409c89f148739", "price_changes": [{"asset_id": "66405822325694340926749815933341507926892696879883099194228778094076937329669", "price": "0.999", "size": "80044.1", "side": "BUY", "hash": "f65f71c6ca04058a908cd4a260e676eb549c5bb1", "best_bid": "0.999", "best_ask": "1"}, {"asset_id": "102432885077551242159113016851311280841043600194881798270351828946341838308519", "price": "0.001", "size": "80044.1", "side": "SELL", "hash": "a598a9db324052af030787f04cc277f8194c8592", "best_bid": "0", "best_ask": "0.001"}], "timestamp": "1769384107618", "event_type": "price_change"}}
{"_local_timestamp": "2026-01-25T23:35:08.017790+00:00", "data": {"market": "0x8d10b2c043d8d40857a22347d9cbba9794abbe7477c71ada6dc409c89f148739", "price_changes": [{"asset_id": "66405822325694340926749815933341507926892696879883099194228778094076937329669", "price": "0.999", "size": "80082.1", "side": "BUY", "hash": "12b01e04edf9be71b0ad80d51d1f159b65af1950", "best_bid": "0.999", "best_ask": "1"}, {"asset_id": "102432885077551242159113016851311280841043600194881798270351828946341838308519", "price": "0.001", "size": "80082.1", "side": "SELL", "hash": "1b65eb580fccf7060c9d6d136dc55b1d38f56974", "best_bid": "0", "best_ask": "0.001"}], "timestamp": "1769384107941", "event_type": "price_change"}}
{"_local_timestamp": "2026-01-25T23:35:08.018407+00:00", "data": {"market": "0xa0f0cce5d67cf27b5a7c91b8be7346b09fc9bac7da17e37587ecce9b837a961a", "price_changes": [{"asset_id": "52699712428901962192736027833996903528867458158535165017805057452306566093962", "price": "0.999", "size": "80082.1", "side": "BUY", "hash": "90319904c8e75950659e1892eefbc700b93d6b78", "best_bid": "0.999", "best_ask": "1"}, {"asset_id": "97559399235955958752928269387133709066779606157400190343072576353734416363060", "price": "0.001", "size": "80082.1", "side": "SELL", "hash": "48a01804d08357e33186a6cff96fe9331f62474c", "best_bid": "0", "best_ask": "0.001"}], "timestamp": "1769384107941", "event_type": "price_change"}}
{"_local_timestamp": "2026-01-25T23:35:08.463161+00:00", "data": {"market": "0xa0f0cce5d67cf27b5a7c91b8be7346b09fc9bac7da17e37587ecce9b837a961a", "price_changes": [{"asset_id": "52699712428901962192736027833996903528867458158535165017805057452306566093962", "price": "0.999", "size": "80119.1", "side": "BUY", "hash": "c608357c0b6b6c3f02ce466f811ba49acc13f61b", "best_bid": "0.999", "best_ask": "1"}, {"asset_id": "97559399235955958752928269387133709066779606157400190343072576353734416363060", "price": "0.001", "size": "80119.1", "side": "SELL", "hash": "952ad1cdbbf2f333383bd730a434abbf2999277b", "best_bid": "0", "best_ask": "0.001"}], "timestamp": "1769384108369", "event_type": "price_change"}}
{"_local_timestamp": "2026-01-25T23:35:08.463647+00:00", "data": {"market": "0x8d10b2c043d8d40857a22347d9cbba9794abbe7477c71ada6dc409c89f148739", "price_changes": [{"asset_id": "66405822325694340926749815933341507926892696879883099194228778094076937329669", "price": "0.999", "size": "80119.1", "side": "BUY", "hash": "cd525f740468dfb7cee1020770e0b76a57a1e1aa", "best_bid": "0.999", "best_ask": "1"}, {"asset_id": "102432885077551242159113016851311280841043600194881798270351828946341838308519", "price": "0.001", "size": "80119.1", "side": "SELL", "hash": "a1ef9dac5a7515874216c0ca7a8c7830d29ac11e", "best_bid": "0", "best_ask": "0.001"}], "timestamp": "1769384108370", "event_type": "price_change"}}
{"_local_timestamp": "2026-01-25T23:35:08.906700+00:00", "data": {"market": "0x8d10b2c043d8d40857a22347d9cbba9794abbe7477c71ada6dc409c89f148739", "price_changes": [{"asset_id": "66405822325694340926749815933341507926892696879883099194228778094076937329669", "price": "0.999", "size": "80155.1", "side": "BUY", "hash": "59d328e1b19880f5a51a23a19460c19624518278", "best_bid": "0.999", "best_ask": "1"}, {"asset_id": "102432885077551242159113016851311280841043600194881798270351828946341838308519", "price": "0.001", "size": "80155.1", "side": "SELL", "hash": "5e3f8d39605eb841afc0bcc4289fe7bcd63129f0", "best_bid": "0", "best_ask": "0.001"}], "timestamp": "1769384108822", "event_type": "price_change"}}
{"_local_timestamp": "2026-01-25T23:35:08.918240+00:00", "data": {"market": "0xa0f0cce5d67cf27b5a7c91b8be7346b09fc9bac7da17e37587ecce9b837a961a", "price_changes": [{"asset_id": "52699712428901962192736027833996903528867458158535165017805057452306566093962", "price": "0.999", "size": "80155.1", "side": "BUY", "hash": "2a3b5e831d5f7440be7df8224f3e08fbc74a628d", "best_bid": "0.999", "best_ask": "1"}, {"asset_id": "97559399235955958752928269387133709066779606157400190343072576353734416363060", "price": "0.001", "size": "80155.1", "side": "SELL", "hash": "c366b0f4d7bc2500dcf39001d185732aa4d96b88", "best_bid": "0", "best_ask": "0.001"}], "timestamp": "1769384108822", "event_type": "price_change"}}
{"_local_timestamp": "2026-01-25T23:35:09.237795+00:00", "data": {"market": "0x8d10b2c043d8d40857a22347d9cbba9794abbe7477c71ada6dc409c89f148739", "price_changes": [{"asset_id": "66405822325694340926749815933341507926892696879883099194228778094076937329669", "price": "0.999", "size": "80190.1", "side": "BUY", "hash": "ea8cc414d23fcffa29381cf2d724e253772b0e21", "best_bid": "0.999", "best_ask": "1"}, {"asset_id": "102432885077551242159113016851311280841043600194881798270351828946341838308519", "price": "0.001", "size": "80190.1", "side": "SELL", "hash": "bf38b81687d7ead271c5941fe64a2eed122c3556", "best_bid": "0", "best_ask": "0.001"}], "timestamp": "1769384109162", "event_type": "price_change"}}
{"_local_timestamp": "2026-01-25T23:35:09.243104+00:00", "data": {"market": "0xa0f0cce5d67cf27b5a7c91b8be7346b09fc9bac7da17e37587ecce9b837a961a", "price_changes": [{"asset_id": "52699712428901962192736027833996903528867458158535165017805057452306566093962", "price": "0.999", "size": "80190.1", "side": "BUY", "hash": "aed28b5555d8621cecbb9612d1c4946a6a470948", "best_bid": "0.999", "best_ask": "1"}, {"asset_id": "97559399235955958752928269387133709066779606157400190343072576353734416363060", "price": "0.001", "size": "80190.1", "side": "SELL", "hash": "17fec75d055fdb01cfa3559e75e25da6edb79d78", "best_bid": "0", "best_ask": "0.001"}], "timestamp": "1769384109162", "event_type": "price_change"}}
