{"_local_timestamp": "2026-01-25T23:34:02.855175+00:00", "data": [{"market": "0x06e4063230316609733e6124fdf2d0bb1437d50b1951a6d9828f20b53f22dc37", "asset_id": "15380300024921773157246086606107455846091546347245401072780051622093883690964", "timestamp": "1769383982848", "hash": "081bf7bc11d26b59e0a3c701f86322c56a95f89a", "bids": [{"price": "0.01", "size": "395.09"}, {"price": "0.02", "size": "150"}, {"price": "0.03", "size": "12.91"}, {"price": "0.07", "size": "305.47"}, {"price": "0.08", "size": "200"}, {"price": "0.09", "size": "130.13"}, {"price": "0.1", "size": "675"}, {"price": "0.11", "size": "368.18"}, {"price": "0.14", "size": "300"}, {"price": "0.15", "size": "273.33"}, {"price": "0.16", "size": "236.25"}, {"price": "0.19", "size": "260"}], "asks": [{"price": "0.99", "size": "2990.84"}, {"price": "0.98", "size": "2450"}, {"price": "0.97", "size": "7.22"}, {"price": "0.94", "size": "1900"}, {"price": "0.92", "size": "400"}, {"price": "0.91", "size": "7.5"}, {"price": "0.85", "size": "800"}, {"price": "0.84", "size": "200"}, {"price": "0.83", "size": "200"}, {"price": "0.81", "size": "125"}, {"price": "0.8", "size": "875"}, {"price": "0.79", "size": "250"}, {"price": "0.76", "size": "54.16"}, {"price": "0.7", "size": "600"}, {"price": "0.69", "size": "235.48"}, {"price": "0.67", "size": "300"}, {"price": "0.49", "size": "210"}], "event_type": "book", "last_trade_price": ""}, {"market": "0x06e4063230316609733e6124fdf2d0bb1437d50b1951a6d9828f20b53f22dc37", "asset_id": "99043154677825348289059066634534714517769325186938308418854825663723401612814", "timestamp": "1769383982848", "hash": "fea50e0f6fcb06fd2f8eff700734e6364c13ff67", "bids": [{"price": "0.01", "size": "2990.84"}, {"price": "0.02", "size": "2450"}, {"price": "0.03", "size": "7.22"}, {"price": "0.06", "size": "1900"}, {"price": "0.08", "size": "400"}, {"price": "0.09", "size": "7.5"}, {"price": "0.15", "size": "800"}, {"price": "0.16", "size": "200"}, {"price": "0.17", "size": "200"}, {"price": "0.19", "size": "125"}, {"price": "0.2", "size": "875"}, {"price": "0.21", "size": "250"}, {"price": "0.24", "size": "54.16"}, {"price": "0.3", "size": "600"}, {"price": "0.31", "size": "235.48"}, {"price": "0.33", "size": "300"}, {"price": "0.51", "size": "210"}], "asks": [{"price": "0.99", "size": "395.09"}, {"price": "0.98", "size": "150"}, {"price": "0.97", "size": "12.91"}, {"price": "0.93", "size": "305.47"}, {"price": "0.92", "size": "200"}, {"price": "0.91", "size": "130.13"}, {"price": "0.9", "size": "675"}, {"price": "0.89", "size": "368.18"}, {"price": "0.86", "size": "300"}, {"price": "0.85", "size": "273.33"}, {"price": "0.84", "size": "236.25"}, {"price": "0.81", "size": "260"}], "event_type": "book", "last_trade_price": ""}]}
{"_local_timestamp": "2026-01-25T23:34:48.927122+00:00", "data": {"market": "0x06e4063230316609733e6124fdf2d0bb1437d50b1951a6d9828f20b53f22dc37", "price_changes": [{"asset_id": "99043154677825348289059066634534714517769325186938308418854825663723401612814", "price": "0.54", "size": "50", "side": "BUY", "hash": "f1682d82d2474b6e1fd83dca151e6ab7eb13bddb", "best_bid": "0.54", "best_ask": "0.81"}, {"asset_id": "15380300024921773157246086606107455846091546347245401072780051622093883690964", "price": "0.46", "size": "50", "side": "SELL", "hash": "5790355a363a265c11f0983f8351bca9353d93b2", "best_bid": "0.19", "best_ask": "0.46"}], "timestamp": "1769384088856", "event_type": "price_change"}}
{"_local_timestamp": "2026-01-25T23:34:48.975101+00:00", "data": {"market": "0x06e4063230316609733e6124fdf2d0bb1437d50b1951a6d9828f20b53f22dc37", "price_changes": [{"asset_id": "99043154677825348289059066634534714517769325186938308418854825663723401612814", "price": "0.17", "size": "400", "side": "BUY", "hash": "417749e15006ae9c7fc4d48cb29b7203bacba648", "best_bid": "0.54", "best_ask": "0.81"}, {"asset_id": "15380300024921773157246086606107455846091546347245401072780051622093883690964", "price": "0.83", "size": "400", "side": "SELL", "hash": "791037ccb7f8291535a5c1ddbae51dc62e2c3ad5", "best_bid": "0.19", "best_ask": "0.46"}], "timestamp": "1769384088903", "event_type": "price_change"}}
{"_local_timestamp": "2026-01-25T23:34:48.975554+00:00", "data": {"market": "0x06e4063230316609733e6124fdf2d0bb1437d50b1951a6d9828f20b53f22dc37", "price_changes": [{"asset_id": "99043154677825348289059066634534714517769325186938308418854825663723401612814", "price": "0.54", "size": "250", "side": "BUY", "hash": "7c70ed82b6206bae3b145f42f907e69f727f3162", "best_bid": "0.54", "best_ask": "0.81"}, {"asset_id": "15380300024921773157246086606107455846091546347245401072780051622093883690964", "price": "0.46", "size": "250", "side": "SELL", "hash": "a1778cd503b74e5e956b47990281b452472093e2", "best_bid": "0.19", "best_ask": "0.46"}], "timestamp": "1769384088905", "event_type": "price_change"}}
{"_local_timestamp": "2026-01-25T23:34:48.979014+00:00", "data": {"market": "0x06e4063230316609733e6124fdf2d0bb1437d50b1951a6d9828f20b53f22dc37", "price_changes": [{"asset_id": "99043154677825348289059066634534714517769325186938308418854825663723401612814", "price": "0.16", "size": "0", "side": "BUY", "hash": "37c7646ed073718527204e4d0861f301e7ada88a", "best_bid": "0.54", "best_ask": "0.81"}, {"asset_id": "15380300024921773157246086606107455846091546347245401072780051622093883690964", "price": "0.84", "size": "0", "side": "SELL", "hash": "5300c02188e82b33ddb73f618092426c01e8a657", "best_bid": "0.19", "best_ask": "0.46"}], "timestamp": "1769384088909", "event_type": "price_change"}}
{"_local_timestamp": "2026-01-25T23:34:48.979300+00:00", "data": {"market": "0x06e4063230316609733e6124fdf2d0bb1437d50b1951a6d9828f20b53f22dc37", "price_changes": [{"asset_id": "99043154677825348289059066634534714517769325186938308418854825663723401612814", "price": "0.01", "size": "2790.84", "side": "BUY", "hash": "37c7646ed073718527204e4d0861f301e7ada88a", "best_bid": "0.54", "best_ask": "0.81"}, {"asset_id": "15380300024921773157246086606107455846091546347245401072780051622093883690964", "price": "0.99", "size": "2790.84", "side": "SELL", "hash": "5300c02188e82b33ddb73f618092426c01e8a657", "best_bid": "0.19", "best_ask": "0.46"}], "timestamp": "1769384088909", "event_type": "price_change"}}
{"_local_timestamp": "2026-01-25T23:34:52.404499+00:00", "data": {"market": "0x06e4063230316609733e6124fdf2d0bb1437d50b1951a6d9828f20b53f22dc37", "price_changes": [{"asset_id": "15380300024921773157246086606107455846091546347245401072780051622093883690964", "price": "0.07", "size": "300", "side": "BUY", "hash": "c41d70b60918e7df5b8d342c776b3d35e84887cc", "best_bid": "0.19", "best_ask": "0.46"}, {"asset_id": "99043154677825348289059066634534714517769325186938308418854825663723401612814", "price": "0.93", "size": "300", "side": "SELL", "hash": "04c0ce6365fd92145a3e1f6798ea88e2fddabe1c", "best_bid": "0.54", "best_ask": "0.81"}], "timestamp": "1769384092338", "event_type": "price_change"}}
{"_local_timestamp": "2026-01-25T23:35:35.596656+00:00", "data": {"market": "0x06e4063230316609733e6124fdf2d0bb1437d50b1951a6d9828f20b53f22dc37", "price_changes": [{"asset_id": "15380300024921773157246086606107455846091546347245401072780051622093883690964", "price": "0.01", "size": "2394.2", "side": "BUY", "hash": "30a8c3ca234c4d4e470a7bf72f0825480e80b42c", "best_bid": "0.19", "best_ask": "0.46"}, {"asset_id": "99043154677825348289059066634534714517769325186938308418854825663723401612814", "price": "0.99", "size": "2394.2", "side": "SELL", "hash": "c3d3196314f04e98a0fe4a138640f4ee53ed9b04", "best_bid": "0.54", "best_ask": "0.81"}], "timestamp": "1769384135355", "event_type": "price_change"}}
{"_local_timestamp": "2026-01-25T23:35:35.597533+00:00", "data": {"market": "0x06e4063230316609733e6124fdf2d0bb1437d50b1951a6d9828f20b53f22dc37", "price_changes": [{"asset_id": "99043154677825348289059066634534714517769325186938308418854825663723401612814", "price": "0.07", "size": "1999.11", "side": "BUY", "hash": "1d70e39c8af0bf7d64d8e6b542ce783fc38d8e18", "best_bid": "0.54", "best_ask": "0.81"}, {"asset_id": "15380300024921773157246086606107455846091546347245401072780051622093883690964", "price": "0.93", "size": "1999.11", "side": "SELL", "hash": "6fd2e5eb3f428e0c7da1df29835e130fbcf31d65", "best_bid": "0.19", "best_ask": "0.46"}], "timestamp": "1769384135357", "event_type": "price_change"}}
{"_local_timestamp": "2026-01-25T23:35:35.836149+00:00", "data": {"market": "0x06e4063230316609733e6124fdf2d0bb1437d50b1951a6d9828f20b53f22dc37", "price_changes": [{"asset_id": "99043154677825348289059066634534714517769325186938308418854825663723401612814", "price": "0.01", "size": "5789.95", "side": "BUY", "hash": "3e7085a8a36fd0d592c76dad9f6e5686920ffca2", "best_bid": "0.54", "best_ask": "0.81"}, {"asset_id": "15380300024921773157246086606107455846091546347245401072780051622093883690964", "price": "0.99", "size": "5789.95", "side": "SELL", "hash": "b0a47b7f62b4da4e17071a4837dd2f97cc989e34", "best_bid": "0.19", "best_ask": "0.46"}], "timestamp": "1769384135605", "event_type": "price_change"}}
{"_local_timestamp": "2026-01-25T23:35:35.840298+00:00", "data": {"market": "0x06e4063230316609733e6124fdf2d0bb1437d50b1951a6d9828f20b53f22dc37", "price_changes": [{"asset_id": "15380300024921773157246086606107455846091546347245401072780051622093883690964", "price": "0.01", "size": "4393.31", "side": "BUY", "hash": "2fccf7b8d21f4d625f2d98daa59ece658b520033", "best_bid": "0.19", "best_ask": "0.46"}, {"asset_id": "99043154677825348289059066634534714517769325186938308418854825663723401612814", "price": "0.99", "size": "4393.31", "side": "SELL", "hash": "22dfc96215663cfbfb9c07083a0c3397aa245133", "best_bid": "0.54", "best_ask": "0.81"}], "timestamp": "1769384135608", "event_type": "price_change"}}
{"_local_timestamp": "2026-01-25T23:35:35.840663+00:00", "data": {"market": "0x06e4063230316609733e6124fdf2d0bb1437d50b1951a6d9828f20b53f22dc37", "price_changes": [{"asset_id": "15380300024921773157246086606107455846091546347245401072780051622093883690964", "price": "0.01", "size": "7392.42", "side": "BUY", "hash": "a4720489a0575496ece61a47057f4dfde2662512", "best_bid": "0.19", "best_ask": "0.46"}, {"asset_id": "99043154677825348289059066634534714517769325186938308418854825663723401612814", "price": "0.99", "size": "7392.42", "side": "SELL", "hash": "bd4bf07b2871cf820cde5219ca523ac798413cf3", "best_bid": "0.54", "best_ask": "0.81"}], "timestamp": "1769384135611", "event_type": "price_change"}}
{"_local_timestamp": "2026-01-25T23:35:35.841036+00:00", "data": {"market": "0x06e4063230316609733e6124fdf2d0bb1437d50b1951a6d9828f20b53f22dc37", "price_changes": [{"asset_id": "15380300024921773157246086606107455846091546347245401072780051622093883690964", "price": "0.01", "size": "10391.53", "side": "BUY", "hash": "16fa14e0ec780c171943bcc759a86ca125dc380c", "best_bid": "0.19", "best_ask": "0.46"}, {"asset_id": "99043154677825348289059066634534714517769325186938308418854825663723401612814", "price": "0.99", "size": "10391.53", "side": "SELL", "hash": "4836f021eef344b8d264a1d49190426b1e4f03f0", "best_bid": "0.54", "best_ask": "0.81"}], "timestamp": "1769384135612", "event_type": "price_change"}}
{"_local_timestamp": "2026-01-25T23:35:35.841413+00:00", "data": {"market": "0x06e4063230316609733e6124fdf2d0bb1437d50b1951a6d9828f20b53f22dc37", "price_changes": [{"asset_id": "99043154677825348289059066634534714517769325186938308418854825663723401612814", "price": "0.01", "size": "8789.06", "side": "BUY", "hash": "b06d16d734100f4b6f3039234c8acc54c9adf5f8", "best_bid": "0.54", "best_ask": "0.81"}, {"asset_id": "15380300024921773157246086606107455846091546347245401072780051622093883690964", "price": "0.99", "size": "8789.06", "side": "SELL", "hash": "4c80449d2089fd591574ced04d81979ccc4a4c4a", "best_bid": "0.19", "best_ask": "0.46"}], "timestamp": "1769384135614", "event_type": "price_change"}}
{"_local_timestamp": "2026-01-25T23:35:35.845548+00:00", "data": {"market": "0x06e4063230316609733e6124fdf2d0bb1437d50b1951a6d9828f20b53f22dc37", "price_changes": [{"asset_id": "99043154677825348289059066634534714517769325186938308418854825663723401612814", "price": "0.01", "size": "10788.17", "side": "BUY", "hash": "64e8ce25fe3ad8fb63bf912aca496efc4f520c08", "best_bid": "0.54", "best_ask": "0.81"}, {"asset_id": "15380300024921773157246086606107455846091546347245401072780051622093883690964", "price": "0.99", "size": "10788.17", "side": "SELL", "hash": "789d55aa0d6786a4e1b423119d30789d5dc05dd7", "best_bid": "0.19", "best_ask": "0.46"}], "timestamp": "1769384135616", "event_type": "price_change"}}
{"_local_timestamp": "2026-01-25T23:35:35.853282+00:00", "data": {"market": "0x06e4063230316609733e6124fdf2d0bb1437d50b1951a6d9828f20b53f22dc37", "price_changes": [{"asset_id": "99043154677825348289059066634534714517769325186938308418854825663723401612814", "price": "0.06", "size": "3899.11", "side": "BUY", "hash": "33036aa2e28e117f5ad23dce53bdb2e1097506e3", "best_bid": "0.54", "best_ask": "0.81"}, {"asset_id": "15380300024921773157246086606107455846091546347245401072780051622093883690964", "price": "0.94", "size": "3899.11", "side": "SELL", "hash": "aa292bb716839f13d88627822473d1fe716de09c", "best_bid": "0.19", "best_ask": "0.46"}], "timestamp": "1769384135618", "event_type": "price_change"}}
{"_local_timestamp": "2026-01-25T23:35:35.853708+00:00", "data": {"market": "0x06e4063230316609733e6124fdf2d0bb1437d50b1951a6d9828f20b53f22dc37", "price_changes": [{"asset_id": "99043154677825348289059066634534714517769325186938308418854825663723401612814", "price": "0.01", "size": "13787.28", "side": "BUY", "hash": "bf92359d03e69b5cac2c69618d221fbbe7afcabf", "best_bid": "0.54", "best_ask": "0.81"}, {"asset_id": "15380300024921773157246086606107455846091546347245401072780051622093883690964", "price": "0.99", "size": "13787.28", "side": "SELL", "hash": "bda457276f7a825fd00cfb3fc01ae3706a7e6f36", "best_bid": "0.19", "best_ask": "0.46"}], "timestamp": "1769384135620", "event_type": "price_change"}}
{"_local_timestamp": "2026-01-25T23:35:35.872523+00:00", "data": {"market": "0x06e4063230316609733e6124fdf2d0bb1437d50b1951a6d9828f20b53f22dc37", "price_changes": [{"asset_id": "15380300024921773157246086606107455846091546347245401072780051622093883690964", "price": "0.01", "size": "13390.64", "side": "BUY", "hash": "3d328bebef997ba378ac7e6d691ef12f9f4a8c4c", "best_bid": "0.19", "best_ask": "0.46"}, {"asset_id": "99043154677825348289059066634534714517769325186938308418854825663723401612814", "price": "0.99", "size": "13390.64", "side": "SELL", "hash": "e3f61ddb0d2a99c046cfad33dfce098595abb430", "best_bid": "0.54", "best_ask": "0.81"}], "timestamp": "1769384135621", "event_type": "price_change"}}
{"_local_timestamp": "2026-01-25T23:35:36.884819+00:00", "data": {"market": "0x06e4063230316609733e6124fdf2d0bb1437d50b1951a6d9828f20b53f22dc37", "price_changes": [{"asset_id": "15380300024921773157246086606107455846091546347245401072780051622093883690964", "price": "0.19", "size": "210", "side": "BUY", "hash": "28d05f31c5755c0c1f0a54e65c14d7ee0975b377", "best_bid": "0.19", "best_ask": "0.46"}, {"asset_id": "99043154677825348289059066634534714517769325186938308418854825663723401612814", "price": "0.81", "size": "210", "side": "SELL", "hash": "8267ec0214b80f5e907589cf541ad8b080b3effa", "best_bid": "0.54", "best_ask": "0.81"}], "timestamp": "1769384136676", "event_type": "price_change"}}
{"_local_timestamp": "2026-01-25T23:35:36.885342+00:00", "data": {"market": "0x06e4063230316609733e6124fdf2d0bb1437d50b1951a6d9828f20b53f22dc37", "price_changes": [{"asset_id": "99043154677825348289059066634534714517769325186938308418854825663723401612814", "price": "0.54", "size": "200", "side": "BUY", "hash": "f01fd6d3e1a5756e7c79d41705c34e688b55fdd8", "best_bid": "0.54", "best_ask": "0.81"}, {"asset_id": "15380300024921773157246086606107455846091546347245401072780051622093883690964", "price": "0.46", "size": "200", "side": "SELL", "hash": "1c25c2566bfa4b00b6e1576992d1b90bc3a69844", "best_bid": "0.19", "best_ask": "0.46"}], "timestamp": "1769384136676", "event_type": "price_change"}}
{"_local_timestamp": "2026-01-25T23:35:36.941720+00:00", "data": {"market": "0x06e4063230316609733e6124fdf2d0bb1437d50b1951a6d9828f20b53f22dc37", "price_changes": [{"asset_id": "99043154677825348289059066634534714517769325186938308418854825663723401612814", "price": "0.16", "size": "200", "side": "BUY", "hash": "11e4d28ea49b6973c3e65f7bace1a584f52d119b", "best_bid": "0.54", "best_ask": "0.81"}, {"asset_id": "15380300024921773157246086606107455846091546347245401072780051622093883690964", "price": "0.84", "size": "200", "side": "SELL", "hash": "c5d34df1ffb36217a4dfe19c9b9e28f18d83b26d", "best_bid": "0.19", "best_ask": "0.46"}], "timestamp": "1769384136725", "event_type": "price_change"}}
{"_local_timestamp": "2026-01-25T23:35:36.942221+00:00", "data": {"market": "0x06e4063230316609733e6124fdf2d0bb1437d50b1951a6d9828f20b53f22dc37", "price_changes": [{"asset_id": "99043154677825348289059066634534714517769325186938308418854825663723401612814", "price": "0.01", "size": "13987.28", "side": "BUY", "hash": "43ff5d37d0cfa2016c359e1c6522b3ec4151b5cd", "best_bid": "0.54", "best_ask": "0.81"}, {"asset_id": "15380300024921773157246086606107455846091546347245401072780051622093883690964", "price": "0.99", "size": "13987.28", "side": "SELL", "hash": "1a75598b1e6320c9939272ee2af526361a80817b", "best_bid": "0.19", "best_ask": "0.46"}], "timestamp": "1769384136726", "event_type": "price_change"}}
{"_local_timestamp": "2026-01-25T23:35:36.942529+00:00", "data": {"market": "0x06e4063230316609733e6124fdf2d0bb1437d50b1951a6d9828f20b53f22dc37", "price_changes": [{"asset_id": "99043154677825348289059066634534714517769325186938308418854825663723401612814", "price": "0.17", "size": "200", "side": "BUY", "hash": "91a606a32e3e092a4d922c0d0aceee9c6d77e80a", "best_bid": "0.51", "best_ask": "0.81"}, {"asset_id": "15380300024921773157246086606107455846091546347245401072780051622093883690964", "price": "0.83", "size": "200", "side": "SELL", "hash": "2fb7b66c75d9cda3342dfcd6f1a7adf89743a838", "best_bid": "0.19", "best_ask": "0.49"}], "timestamp": "1769384136727", "event_type": "price_change"}}
{"_local_timestamp": "2026-01-25T23:35:36.942850+00:00", "data": {"market": "0x06e4063230316609733e6124fdf2d0bb1437d50b1951a6d9828f20b53f22dc37", "price_changes": [{"asset_id": "99043154677825348289059066634534714517769325186938308418854825663723401612814", "price": "0.54", "size": "0", "side": "BUY", "hash": "91a606a32e3e092a4d922c0d0aceee9c6d77e80a", "best_bid": "0.51", "best_ask": "0.81"}, {"asset_id": "15380300024921773157246086606107455846091546347245401072780051622093883690964", "price": "0.46", "size": "0", "side": "SELL", "hash": "2fb7b66c75d9cda3342dfcd6f1a7adf89743a838", "best_bid": "0.19", "best_ask": "0.49"}], "timestamp": "1769384136727", "event_type": "price_change"}}
{"_local_timestamp": "2026-01-25T23:35:38.327727+00:00", "data": {"market": "0x06e4063230316609733e6124fdf2d0bb1437d50b1951a6d9828f20b53f22dc37", "price_changes": [{"asset_id": "15380300024921773157246086606107455846091546347245401072780051622093883690964", "price": "0.2", "size": "50", "side": "BUY", "hash": "cef2ea4a284d401686c57b5b88bc71e7a252389b", "best_bid": "0.2", "best_ask": "0.49"}, {"asset_id": "99043154677825348289059066634534714517769325186938308418854825663723401612814", "price": "0.8", "size": "50", "side": "SELL", "hash": "55b03e15a622bc6a4d30a89d4d11bd615dc36b8c", "best_bid": "0.51", "best_ask": "0.8"}], "timestamp": "1769384138243", "event_type": "price_change"}}
{"_local_timestamp": "2026-01-25T23:35:38.328136+00:00", "data": {"market": "0x06e4063230316609733e6124fdf2d0bb1437d50b1951a6d9828f20b53f22dc37", "price_changes": [{"asset_id": "99043154677825348289059066634534714517769325186938308418854825663723401612814", "price": "0.55", "size": "50", "side": "BUY", "hash": "b9dda60d0caa7507f9dadbab3d37f68083365812", "best_bid": "0.55", "best_ask": "0.8"}, {"asset_id": "15380300024921773157246086606107455846091546347245401072780051622093883690964", "price": "0.45", "size": "50", "side": "SELL", "hash": "2662d09a8a1ba2c3f3546e0856365d1156bbf65c", "best_bid": "0.2", "best_ask": "0.45"}], "timestamp": "1769384138243", "event_type": "price_change"}}
{"_local_timestamp": "2026-01-25T23:35:38.822983+00:00", "data": {"market": "0x06e4063230316609733e6124fdf2d0bb1437d50b1951a6d9828f20b53f22dc37", "price_changes": [{"asset_id": "15380300024921773157246086606107455846091546347245401072780051622093883690964", "price": "0.14", "size": "100", "side": "BUY", "hash": "173b41400b5dbd496d3944c257a0c81e0087000b", "best_bid": "0.2", "best_ask": "0.45"}, {"asset_id": "99043154677825348289059066634534714517769325186938308418854825663723401612814", "price": "0.86", "size": "100", "side": "SELL", "hash": "5c4b4adb6247ab5bf3ccb45a0028e27f270337a7", "best_bid": "0.55", "best_ask": "0.8"}], "timestamp": "1769384138733", "event_type": "price_change"}}
{"_local_timestamp": "2026-01-25T23:35:38.823486+00:00", "data": {"market": "0x06e4063230316609733e6124fdf2d0bb1437d50b1951a6d9828f20b53f22dc37", "price_changes": [{"asset_id": "99043154677825348289059066634534714517769325186938308418854825663723401612814", "price": "0.16", "size": "0", "side": "BUY", "hash": "b83d1726ac5e6c7aa726d0565c285b53e46f634b", "best_bid": "0.55", "best_ask": "0.8"}, {"asset_id": "15380300024921773157246086606107455846091546347245401072780051622093883690964", "price": "0.84", "size": "0", "side": "SELL", "hash": "b58ab500d3cab5e63fc09ef3325006a832812ac9", "best_bid": "0.2", "best_ask": "0.45"}], "timestamp": "1769384138733", "event_type": "price_change"}}
{"_local_timestamp": "2026-01-25T23:35:38.823857+00:00", "data": {"market": "0x06e4063230316609733e6124fdf2d0bb1437d50b1951a6d9828f20b53f22dc37", "price_changes": [{"asset_id": "99043154677825348289059066634534714517769325186938308418854825663723401612814", "price": "0.01", "size": "13787.28", "side": "BUY", "hash": "b83d1726ac5e6c7aa726d0565c285b53e46f634b", "best_bid": "0.55", "best_ask": "0.8"}, {"asset_id": "15380300024921773157246086606107455846091546347245401072780051622093883690964", "price": "0.99", "size": "13787.28", "side": "SELL", "hash": "b58ab500d3cab5e63fc09ef3325006a832812ac9", "best_bid": "0.2", "best_ask": "0.45"}], "timestamp": "1769384138733", "event_type": "price_change"}}
{"_local_timestamp": "2026-01-25T23:35:38.824197+00:00", "data": {"market": "0x06e4063230316609733e6124fdf2d0bb1437d50b1951a6d9828f20b53f22dc37", "price_changes": [{"asset_id": "99043154677825348289059066634534714517769325186938308418854825663723401612814", "price": "0.17", "size": "400", "side": "BUY", "hash": "630c0ff86e541fa81e34a004148b7e6577f83dfb", "best_bid": "0.55", "best_ask": "0.8"}, {"asset_id": "15380300024921773157246086606107455846091546347245401072780051622093883690964", "price": "0.83", "size": "400", "side": "SELL", "hash": "84c3c3dc1df915f01133831fabf61647c9532eef", "best_bid": "0.2", "best_ask": "0.45"}], "timestamp": "1769384138734", "event_type": "price_change"}}
{"_local_timestamp": "2026-01-25T23:35:38.824529+00:00", "data": {"market": "0x06e4063230316609733e6124fdf2d0bb1437d50b1951a6d9828f20b53f22dc37", "price_changes": [{"asset_id": "99043154677825348289059066634534714517769325186938308418854825663723401612814", "price": "0.55", "size": "250", "side": "BUY", "hash": "643c301c081642b1f5366ff7910b286373cdbfe5", "best_bid": "0.55", "best_ask": "0.8"}, {"asset_id": "15380300024921773157246086606107455846091546347245401072780051622093883690964", "price": "0.45", "size": "250", "side": "SELL", "hash": "621849f1a8a661b3f7d3c93b6493be30736ed7d5", "best_bid": "0.2", "best_ask": "0.45"}], "timestamp": "1769384138734", "event_type": "price_change"}}
{"_local_timestamp": "2026-01-25T23:35:38.825030+00:00", "data": {"market": "0x06e4063230316609733e6124fdf2d0bb1437d50b1951a6d9828f20b53f22dc37", "price_changes": [{"asset_id": "15380300024921773157246086606107455846091546347245401072780051622093883690964", "price": "0.2", "size": "250", "side": "BUY", "hash": "a326a8c241365bc0fc6d336f03fc601e0865bad1", "best_bid": "0.2", "best_ask": "0.45"}, {"asset_id": "99043154677825348289059066634534714517769325186938308418854825663723401612814", "price": "0.8", "size": "250", "side": "SELL", "hash": "32d56ea59cafedbe0a94c6aa95c79a1665e26c65", "best_bid": "0.55", "best_ask": "0.8"}], "timestamp": "1769384138735", "event_type": "price_change"}}
