{"_local_timestamp": "2026-01-25T23:41:14.356195+00:00", "data": [{"market": "0x40e2b34cbd7c18c21101ceac9ed0d1f590cc431497cd87454e075c873d84318c", "asset_id": "44783638794099997968951684857171483406677990293870020606926437562777765424292", "timestamp": "1769382483674", "hash": "71c459a7997c47d0336f0aeddaa35cefafacdcc3", "bids": [{"price": "0.01", "size": "594.79"}, {"price": "0.02", "size": "663.72"}, {"price": "0.03", "size": "366.67"}, {"price": "0.04", "size": "6.21"}, {"price": "0.05", "size": "600"}, {"price": "0.06", "size": "255.48"}, {"price": "0.07", "size": "15.47"}], "asks": [{"price": "0.99", "size": "986.11"}, {"price": "0.98", "size": "155.67"}, {"price": "0.97", "size": "166.67"}, {"price": "0.96", "size": "20.63"}, {"price": "0.9", "size": "600"}, {"price": "0.86", "size": "300"}, {"price": "0.85", "size": "200"}, {"price": "0.83", "size": "125"}, {"price": "0.82", "size": "75"}, {"price": "0.8", "size": "600"}, {"price": "0.78", "size": "141"}, {"price": "0.77", "size": "56.52"}, {"price": "0.76", "size": "45.83"}, {"price": "0.7", "size": "600"}, {"price": "0.69", "size": "5"}], "event_type": "book", "last_trade_price": ""}, {"market": "0x40e2b34cbd7c18c21101ceac9ed0d1f590cc431497cd87454e075c873d84318c", "asset_id": "108323562079095317884364173311741940594624991504119824316863036773510595049521", "timestamp": "1769382483674", "hash": "3a3a2142d2b33c3629acf829e1105210fa81e18a", "bids": [{"price": "0.01", "size": "986.11"}, {"price": "0.02", "size": "155.67"}, {"price": "0.03", "size": "166.67"}, {"price": "0.04", "size": "20.63"}, {"price": "0.1", "size": "600"}, {"price": "0.14", "size": "300"}, {"price": "0.15", "size": "200"}, {"price": "0.17", "size": "125"}, {"price": "0.18", "size": "75"}, {"price": "0.2", "size": "600"}, {"price": "0.22", "size": "141"}, {"price": "0.23", "size": "56.52"}, {"price": "0.24", "size": "45.83"}, {"price": "0.3", "size": "600"}, {"price": "0.31", "size": "5"}], "asks": [{"price": "0.99", "size": "594.79"}, {"price": "0.98", "size": "663.72"}, {"price": "0.97", "size": "366.67"}, {"price": "0.96", "size": "6.21"}, {"price": "0.95", "size": "600"}, {"price": "0.94", "size": "255.48"}, {"price": "0.93", "size": "15.47"}], "event_type": "book", "last_trade_price": ""}]}
{"_local_timestamp": "2026-01-25T23:41:27.186150+00:00", "data": {"market": "0x40e2b34cbd7c18c21101ceac9ed0d1f590cc431497cd87454e075c873d84318c", "price_changes": [{"asset_id": "44783638794099997968951684857171483406677990293870020606926437562777765424292", "price": "0.02", "size": "513.72", "side": "BUY", "hash": "62588d339bc38792bf1317dbad8ce8555b160186", "best_bid": "0.07", "best_ask": "0.69"}, {"asset_id": "108323562079095317884364173311741940594624991504119824316863036773510595049521", "price": "0.98", "size": "513.72", "side": "SELL", "hash": "9fc959ab2b17db2199dba6cbfb65f99748eeb3c4", "best_bid": "0.31", "best_ask": "0.93"}], "timestamp": "1769384487000", "event_type": "price_change"}}
{"_local_timestamp": "2026-01-25T23:41:27.257173+00:00", "data": {"market": "0x40e2b34cbd7c18c21101ceac9ed0d1f590cc431497cd87454e075c873d84318c", "price_changes": [{"asset_id": "108323562079095317884364173311741940594624991504119824316863036773510595049521", "price": "0.02", "size": "5.67", "side": "BUY", "hash": "3353c9113af81843a3a5753877c969908e88d196", "best_bid": "0.31", "best_ask": "0.93"}, {"asset_id": "44783638794099997968951684857171483406677990293870020606926437562777765424292", "price": "0.98", "size": "5.67", "side": "SELL", "hash": "4456dc565ec7ccef78fd6af45ce124f57930411e", "best_bid": "0.07", "best_ask": "0.69"}], "timestamp": "1769384487004", "event_type": "price_change"}}
{"_local_timestamp": "2026-01-25T23:41:36.227528+00:00", "data": {"market": "0x40e2b34cbd7c18c21101ceac9ed0d1f590cc431497cd87454e075c873d84318c", "price_changes": [{"asset_id": "108323562079095317884364173311741940594624991504119824316863036773510595049521", "price": "0.02", "size": "155.67", "side": "BUY", "hash": "d007238d2f75ff13a67de69f14c32e359bca77d6", "best_bid": "0.31", "best_ask": "0.93"}, {"asset_id": "44783638794099997968951684857171483406677990293870020606926437562777765424292", "price": "0.98", "size": "155.67", "side": "SELL", "hash": "f29d2db9f80cd14441949996535b94794586d416", "best_bid": "0.07", "best_ask": "0.69"}], "timestamp": "1769384496060", "event_type": "price_change"}}
{"_local_timestamp": "2026-01-25T23:41:36.233190+00:00", "data": {"market": "0x40e2b34cbd7c18c21101ceac9ed0d1f590cc431497cd87454e075c873d84318c", "price_changes": [{"asset_id": "44783638794099997968951684857171483406677990293870020606926437562777765424292", "price": "0.02", "size": "663.72", "side": "BUY", "hash": "ead342dde18c67418fc606b350ac4c3963a2460c", "best_bid": "0.07", "best_ask": "0.69"}, {"asset_id": "108323562079095317884364173311741940594624991504119824316863036773510595049521", "price": "0.98", "size": "663.72", "side": "SELL", "hash": "5e3bad8071788d67c89f98673051d7aff4c62a5d", "best_bid": "0.31", "best_ask": "0.93"}], "timestamp": "1769384496061", "event_type": "price_change"}}
