{"_local_timestamp": "2026-01-25T23:41:09.284419+00:00", "data": [{"market": "0x16a67626ffd7a22cd5a3a0c378cea79fd94cd66d79db4877a6492c9db8a069eb", "asset_id": "89425585128814090174487403320335053482292664960203686888109194568852453675157", "timestamp": "1769384410261", "hash": "abea400443a328e659fc08a296b4d29ff1bf84b0", "bids": [{"price": "0.01", "size": "13981.6"}, {"price": "0.02", "size": "4854.21"}, {"price": "0.03", "size": "1999.11"}, {"price": "0.04", "size": "7.16"}, {"price": "0.05", "size": "600"}, {"price": "0.08", "size": "200"}, {"price": "0.1", "size": "600"}, {"price": "0.11", "size": "5.09"}, {"price": "0.17", "size": "300"}, {"price": "0.19", "size": "200"}, {"price": "0.2", "size": "725"}, {"price": "0.22", "size": "75"}, {"price": "0.24", "size": "54.16"}, {"price": "0.25", "size": "44"}, {"price": "0.3", "size": "600"}, {"price": "0.31", "size": "27.03"}, {"price": "0.32", "size": "363"}, {"price": "0.45", "size": "50"}], "asks": [{"price": "0.99", "size": "794.79"}, {"price": "0.98", "size": "863.72"}, {"price": "0.97", "size": "200"}, {"price": "0.96", "size": "14.44"}, {"price": "0.94", "size": "35.73"}, {"price": "0.93", "size": "194.29"}, {"price": "0.92", "size": "50"}], "event_type": "book", "last_trade_price": ""}, {"market": "0x16a67626ffd7a22cd5a3a0c378cea79fd94cd66d79db4877a6492c9db8a069eb", "asset_id": "44960051374137791601268833492432817662579923132049628047412915553047448680444", "timestamp": "1769384410261", "hash": "b596c6fe520eed282497bb63ed85a0c2c8a5071f", "bids": [{"price": "0.01", "size": "794.79"}, {"price": "0.02", "size": "863.72"}, {"price": "0.03", "size": "200"}, {"price": "0.04", "size": "14.44"}, {"price": "0.06", "size": "35.73"}, {"price": "0.07", "size": "194.29"}, {"price": "0.08", "size": "50"}], "asks": [{"price": "0.99", "size": "13981.6"}, {"price": "0.98", "size": "4854.21"}, {"price": "0.97", "size": "1999.11"}, {"price": "0.96", "size": "7.16"}, {"price": "0.95", "size": "600"}, {"price": "0.92", "size": "200"}, {"price": "0.9", "size": "600"}, {"price": "0.89", "size": "5.09"}, {"price": "0.83", "size": "300"}, {"price": "0.81", "size": "200"}, {"price": "0.8", "size": "725"}, {"price": "0.78", "size": "75"}, {"price": "0.76", "size": "54.16"}, {"price": "0.75", "size": "44"}, {"price": "0.7", "size": "600"}, {"price": "0.69", "size": "27.03"}, {"price": "0.68", "size": "363"}, {"price": "0.55", "size": "50"}], "event_type": "book", "last_trade_price": ""}]}
{"_local_timestamp": "2026-01-25T23:41:43.120826+00:00", "data": {"market": "0x16a67626ffd7a22cd5a3a0c378cea79fd94cd66d79db4877a6492c9db8a069eb", "price_changes": [{"asset_id": "89425585128814090174487403320335053482292664960203686888109194568852453675157", "price": "0.45", "size": "0", "side": "BUY", "hash": "2d8f5d5fd560777c267ca6213b5173b83e252287", "best_bid": "0.32", "best_ask": "0.92"}, {"asset_id": "44960051374137791601268833492432817662579923132049628047412915553047448680444", "price": "0.55", "size": "0", "side": "SELL", "hash": "b8059feffa28c4d64cc19c2a02e49a1ace73715d", "best_bid": "0.08", "best_ask": "0.68"}], "timestamp": "1769384503038", "event_type": "price_change"}}
{"_local_timestamp": "2026-01-25T23:43:18.466862+00:00", "data": {"market": "0x16a67626ffd7a22cd5a3a0c378cea79fd94cd66d79db4877a6492c9db8a069eb", "price_changes": [{"asset_id": "89425585128814090174487403320335053482292664960203686888109194568852453675157", "price": "0.11", "size": "0", "side": "BUY", "hash": "afd839bb47f4a11cdc5ffb62d3e7d66079331a2d", "best_bid": "0.32", "best_ask": "0.92"}, {"asset_id": "44960051374137791601268833492432817662579923132049628047412915553047448680444", "price": "0.89", "size": "0", "side": "SELL", "hash": "badc5fe887af22cd1ff554a7e1f9d809c1d34d4f", "best_bid": "0.08", "best_ask": "0.68"}], "timestamp": "1769384598391", "event_type": "price_change"}}
{"_local_timestamp": "2026-01-25T23:43:18.752284+00:00", "data": {"market": "0x16a67626ffd7a22cd5a3a0c378cea79fd94cd66d79db4877a6492c9db8a069eb", "price_changes": [{"asset_id": "89425585128814090174487403320335053482292664960203686888109194568852453675157", "price": "0.09", "size": "6.22", "side": "BUY", "hash": "e3efda9e3a4a6430802d7b41a9de5ef3780a0860", "best_bid": "0.32", "best_ask": "0.92"}, {"asset_id": "44960051374137791601268833492432817662579923132049628047412915553047448680444", "price": "0.91", "size": "6.22", "side": "SELL", "hash": "27102b8ecd4c1a51fa6019e4059513dc6e787b95", "best_bid": "0.08", "best_ask": "0.68"}], "timestamp": "1769384598675", "event_type": "price_change"}}
{"_local_timestamp": "2026-01-25T23:43:21.065158+00:00", "data": {"market": "0x16a67626ffd7a22cd5a3a0c378cea79fd94cd66d79db4877a6492c9db8a069eb", "price_changes": [{"asset_id": "89425585128814090174487403320335053482292664960203686888109194568852453675157", "price": "0.45", "size": "50", "side": "BUY", "hash": "966c5ebd8bda79426ff6d8a6ae17b5f92d3f044b", "best_bid": "0.45", "best_ask": "0.92"}, {"asset_id": "44960051374137791601268833492432817662579923132049628047412915553047448680444", "price": "0.55", "size": "50", "side": "SELL", "hash": "f2cf60efe5f75d573fb2bee1747796ccad53f4f7", "best_bid": "0.08", "best_ask": "0.55"}], "timestamp": "1769384600998", "event_type": "price_change"}}
{"_local_timestamp": "2026-01-25T23:43:54.110838+00:00", "data": {"market": "0x16a67626ffd7a22cd5a3a0c378cea79fd94cd66d79db4877a6492c9db8a069eb", "price_changes": [{"asset_id": "44960051374137791601268833492432817662579923132049628047412915553047448680444", "price": "0.08", "size": "0", "side": "BUY", "hash": "16a8cbc0381cbfd7e8527b4f6d55e4699e3d2bfd", "best_bid": "0.07", "best_ask": "0.55"}, {"asset_id": "89425585128814090174487403320335053482292664960203686888109194568852453675157", "price": "0.92", "size": "0", "side": "SELL", "hash": "d727c7c12eadbe4f7314f9b161d3058421a5cc5e", "best_bid": "0.45", "best_ask": "0.93"}], "timestamp": "1769384634003", "event_type": "price_change"}}
{"_local_timestamp": "2026-01-25T23:45:23.637806+00:00", "data": {"market": "0x16a67626ffd7a22cd5a3a0c378cea79fd94cd66d79db4877a6492c9db8a069eb", "price_changes": [{"asset_id": "44960051374137791601268833492432817662579923132049628047412915553047448680444", "price": "0.08", "size": "50", "side": "BUY", "hash": "1beed0b201624844343d4b1a47dcec99f8997a72", "best_bid": "0.08", "best_ask": "0.55"}, {"asset_id": "89425585128814090174487403320335053482292664960203686888109194568852453675157", "price": "0.92", "size": "50", "side": "SELL", "hash": "893e79d03b91932886eccfd27645e38c15e0b00e", "best_bid": "0.45", "best_ask": "0.92"}], "timestamp": "1769384723566", "event_type": "price_change"}}
{"_local_timestamp": "2026-01-25T23:45:46.217598+00:00", "data": {"market": "0x16a67626ffd7a22cd5a3a0c378cea79fd94cd66d79db4877a6492c9db8a069eb", "price_changes": [{"asset_id": "89425585128814090174487403320335053482292664960203686888109194568852453675157", "price": "0.46", "size": "10.86", "side": "BUY", "hash": "0d68a266149a960010e15fff0ad2b28869ed284d", "best_bid": "0.46", "best_ask": "0.92"}, {"asset_id": "44960051374137791601268833492432817662579923132049628047412915553047448680444", "price": "0.54", "size": "10.86", "side": "SELL", "hash": "ad6f32991b9465b6b0c26838b54cd45a93535df4", "best_bid": "0.08", "best_ask": "0.54"}], "timestamp": "1769384746148", "event_type": "price_change"}}
{"_local_timestamp": "2026-01-25T23:45:56.482101+00:00", "data": {"market": "0x16a67626ffd7a22cd5a3a0c378cea79fd94cd66d79db4877a6492c9db8a069eb", "price_changes": [{"asset_id": "44960051374137791601268833492432817662579923132049628047412915553047448680444", "price": "0.07", "size": "52.29", "side": "BUY", "hash": "c55465a674f940ce009ad56f766262989d8b843a", "best_bid": "0.08", "best_ask": "0.54"}, {"asset_id": "89425585128814090174487403320335053482292664960203686888109194568852453675157", "price": "0.93", "size": "52.29", "side": "SELL", "hash": "197f13dc9bea59e65671d80f50afe41e67bb790f", "best_bid": "0.46", "best_ask": "0.92"}], "timestamp": "1769384756083", "event_type": "price_change"}}
{"_local_timestamp": "2026-01-25T23:46:48.819720+00:00", "data": {"market": "0x16a67626ffd7a22cd5a3a0c378cea79fd94cd66d79db4877a6492c9db8a069eb", "price_changes": [{"asset_id": "44960051374137791601268833492432817662579923132049628047412915553047448680444", "price": "0.05", "size": "7", "side": "BUY", "hash": "c361113b9dda84053c91c8ae31d6226425d3f4c8", "best_bid": "0.08", "best_ask": "0.54"}, {"asset_id": "89425585128814090174487403320335053482292664960203686888109194568852453675157", "price": "0.95", "size": "7", "side": "SELL", "hash": "4db0cc048a65b37f81df06a3d824b0ab0d438801", "best_bid": "0.46", "best_ask": "0.92"}], "timestamp": "1769384808584", "event_type": "price_change"}}
