{"_local_timestamp": "2026-01-25T23:33:47.727758+00:00", "data": [{"market": "0x60d4dbf22f6d36fa7a1976781daa53b607dc9fe3b3f0cad995bac10503b35ee5", "asset_id": "64340374247124478272111116526653979123498554069187556088707276993195698029708", "timestamp": "1769383540130", "hash": "a8054660a792151f541e62a451bd0a3790cee5a4", "bids": [{"price": "0.001", "size": "287.36"}], "asks": [{"price": "0.999", "size": "86.81"}], "event_type": "book", "last_trade_price": ""}, {"market": "0x60d4dbf22f6d36fa7a1976781daa53b607dc9fe3b3f0cad995bac10503b35ee5", "asset_id": "71452430647459399641473364413026489104998166851467442229745395352526446670447", "timestamp": "1769383540130", "hash": "8f8509ceddf3a95a1aab2062f38bebe631b787d1", "bids": [{"price": "0.001", "size": "86.81"}], "asks": [{"price": "0.999", "size": "287.36"}], "event_type": "book", "last_trade_price": ""}]}
{"_local_timestamp": "2026-01-25T23:34:44.383389+00:00", "data": {"market": "0x60d4dbf22f6d36fa7a1976781daa53b607dc9fe3b3f0cad995bac10503b35ee5", "price_changes": [{"asset_id": "71452430647459399641473364413026489104998166851467442229745395352526446670447", "price": "0.001", "size": "0", "side": "BUY", "hash": "bbe1b3b53c5b37b9eca5fc6f308b69a150f4be0f", "best_bid": "0", "best_ask": "0.999"}, {"asset_id": "64340374247124478272111116526653979123498554069187556088707276993195698029708", "price": "0.999", "size": "0", "side": "SELL", "hash": "afae42a001d557570c3814ef0101825651091193", "best_bid": "0.001", "best_ask": "1"}], "timestamp": "1769384084313", "event_type": "price_change"}}
{"_local_timestamp": "2026-01-25T23:34:45.033608+00:00", "data": {"market": "0x60d4dbf22f6d36fa7a1976781daa53b607dc9fe3b3f0cad995bac10503b35ee5", "price_changes": [{"asset_id": "71452430647459399641473364413026489104998166851467442229745395352526446670447", "price": "0.001", "size": "66.3", "side": "BUY", "hash": "c35ea9d9289605d24130d7b12bb0f15618881c02", "best_bid": "0.001", "best_ask": "0.999"}, {"asset_id": "64340374247124478272111116526653979123498554069187556088707276993195698029708", "price": "0.999", "size": "66.3", "side": "SELL", "hash": "b9b20ce22803b0b808a7321daf62e664c2422d49", "best_bid": "0.001", "best_ask": "0.999"}], "timestamp": "1769384084968", "event_type": "price_change"}}
{"_local_timestamp": "2026-01-25T23:34:56.388870+00:00", "data": {"market": "0x60d4dbf22f6d36fa7a1976781daa53b607dc9fe3b3f0cad995bac10503b35ee5", "price_changes": [{"asset_id": "64340374247124478272111116526653979123498554069187556088707276993195698029708", "price": "0.001", "size": "87.36", "side": "BUY", "hash": "1792de840783786898084b030fb60aea6eff8763", "best_bid": "0.001", "best_ask": "0.999"}, {"asset_id": "71452430647459399641473364413026489104998166851467442229745395352526446670447", "price": "0.999", "size": "87.36", "side": "SELL", "hash": "a26779bcfbcc2b6c05ff4fcdbd2c36f44212f5e4", "best_bid": "0.001", "best_ask": "0.999"}], "timestamp": "1769384096320", "event_type": "price_change"}}
{"_local_timestamp": "2026-01-25T23:34:58.814633+00:00", "data": {"market": "0x60d4dbf22f6d36fa7a1976781daa53b607dc9fe3b3f0cad995bac10503b35ee5", "price_changes": [{"asset_id": "64340374247124478272111116526653979123498554069187556088707276993195698029708", "price": "0.001", "size": "287.36", "side": "BUY", "hash": "0fde6ea2650c5a8bcb66087f47878c0595bea9d8", "best_bid": "0.001", "best_ask": "0.999"}, {"asset_id": "71452430647459399641473364413026489104998166851467442229745395352526446670447", "price": "0.999", "size": "287.36", "side": "SELL", "hash": "33b43ac0f149941e87991240e956a918d98f0917", "best_bid": "0.001", "best_ask": "0.999"}], "timestamp": "1769384098744", "event_type": "price_change"}}
