{"_local_timestamp": "2026-01-25T23:41:33.313929+00:00", "data": [{"market": "0x946e937dd543d522f26675de159a81b671baf2673494cfe892d72f59b6a48d65", "asset_id": "30096860216428751849752731020220240501257311873820387581706587487048682309490", "timestamp": "1769384489001", "hash": "4c230bc051dcd91b17ae8a1bab6a55a87cb763e4", "bids": [{"price": "0.01", "size": "143.51"}, {"price": "0.02", "size": "71"}, {"price": "0.03", "size": "29.82"}, {"price": "0.45", "size": "500"}, {"price": "0.46", "size": "100"}], "asks": [{"price": "0.99", "size": "143.63"}, {"price": "0.98", "size": "71"}, {"price": "0.97", "size": "29.78"}, {"price": "0.56", "size": "600"}], "event_type": "book", "last_trade_price": ""}, {"market": "0x946e937dd543d522f26675de159a81b671baf2673494cfe892d72f59b6a48d65", "asset_id": "32326797912692418881793085135004847069627417506373303910110643211151890932437", "timestamp": "1769384489001", "hash": "206f1f6b4ee465ea88eb938349d5a751111c257c", "bids": [{"price": "0.01", "size": "143.63"}, {"price": "0.02", "size": "71"}, {"price": "0.03", "size": "29.78"}, {"price": "0.44", "size": "600"}], "asks": [{"price": "0.99", "size": "143.51"}, {"price": "0.98", "size": "71"}, {"price": "0.97", "size": "29.82"}, {"price": "0.55", "size": "500"}, {"price": "0.54", "size": "100"}], "event_type": "book", "last_trade_price": ""}, {"market": "0x2f38e972648214a9faf442dfb13a3306ba2767ca2b43185da164e054283808bf", "asset_id": "53686121198056356961708765230174235914321565963241610922776651877875433998743", "timestamp": "1769384482004", "hash": "e8e82df6ce77338cc7274442da7011a1e4d5a05a", "bids": [{"price": "0.01", "size": "1890.1"}, {"price": "0.02", "size": "1000"}, {"price": "0.03", "size": "9.45"}, {"price": "0.04", "size": "2300"}, {"price": "0.05", "size": "800"}, {"price": "0.09", "size": "144.44"}, {"price": "0.1", "size": "400"}, {"price": "0.11", "size": "1005.59"}, {"price": "0.12", "size": "300"}, {"price": "0.2", "size": "700"}, {"price": "0.25", "size": "400"}, {"price": "0.26", "size": "200"}, {"price": "0.3", "size": "300"}, {"price": "0.33", "size": "300"}, {"price": "0.37", "size": "184"}, {"price": "0.52", "size": "1105"}, {"price": "0.54", "size": "5"}, {"price": "0.55", "size": "5"}, {"price": "0.58", "size": "5"}], "asks": [{"price": "0.99", "size": "1890.01"}, {"price": "0.98", "size": "1000"}, {"price": "0.97", "size": "10.41"}, {"price": "0.96", "size": "2625"}, {"price": "0.93", "size": "300"}, {"price": "0.92", "size": "68.75"}, {"price": "0.91", "size": "206.52"}, {"price": "0.9", "size": "300"}, {"price": "0.65", "size": "205"}, {"price": "0.64", "size": "1184"}, {"price": "0.63", "size": "5"}, {"price": "0.62", "size": "64"}], "event_type": "book", "last_trade_price": "0.380"}, {"market": "0xc713ebea2d3f3c75c22f360a55ceff5347416bc9ca58fdf77aab197792b8d912", "asset_id": "83235839729762820596328567738200871340764884192429856507108774760505261237496", "timestamp": "1769384219761", "hash": "06049d579dcb6783300b085911bd3c9511b4bfef", "bids": [{"price": "0.01", "size": "143.51"}, {"price": "0.02", "size": "71"}, {"price": "0.03", "size": "29.82"}, {"price": "0.46", "size": "100"}], "asks": [{"price": "0.99", "size": "143.63"}, {"price": "0.98", "size": "71"}, {"price": "0.97", "size": "29.78"}, {"price": "0.56", "size": "100"}], "event_type": "book", "last_trade_price": ""}, {"market": "0xc713ebea2d3f3c75c22f360a55ceff5347416bc9ca58fdf77aab197792b8d912", "asset_id": "80284667136460174211607827009360915516808713819381922734543063233622845321786", "timestamp": "1769384219761", "hash": "53a8fa9cd01701def6140d8c98123a4f9a1e3297", "bids": [{"price": "0.01", "size": "143.63"}, {"price": "0.02", "size": "71"}, {"price": "0.03", "size": "29.78"}, {"price": "0.44", "size": "100"}], "asks": [{"price": "0.99", "size": "143.51"}, {"price": "0.98", "size": "71"}, {"price": "0.97", "size": "29.82"}, {"price": "0.54", "size": "100"}], "event_type": "book", "last_trade_price": ""}, {"market": "0x87c844b30b587e7fd0fa9de1e6cbd8ceda173ff3d773ec5fca345047e97663c5", "asset_id": "81328461840865453437537555939823283523335876676600916477509008200626009722000", "timestamp": "1769384482002", "hash": "6f14fe3e66c8d193317ac91abf47362a02e58267", "bids": [{"price": "0.01", "size": "143.57"}, {"price": "0.02", "size": "71"}, {"price": "0.03", "size": "29.8"}, {"price": "0.43", "size": "500"}, {"price": "0.45", "size": "100"}], "asks": [{"price": "0.99", "size": "143.51"}, {"price": "0.98", "size": "71"}, {"price": "0.97", "size": "29.82"}, {"price": "0.55", "size": "500"}, {"price": "0.54", "size": "100"}], "event_type": "book", "last_trade_price": ""}, {"market": "0x2f38e972648214a9faf442dfb13a3306ba2767ca2b43185da164e054283808bf", "asset_id": "14522595131049267236332195965642891656236962715258897042595810607889013649709", "timestamp": "1769384482004", "hash": "c21a6f8d1bc8e5ebc9b8da75e7e173bbe5b38a29", "bids": [{"price": "0.01", "size": "1890.01"}, {"price": "0.02", "size": "1000"}, {"price": "0.03", "size": "10.41"}, {"price": "0.04", "size": "2625"}, {"price": "0.07", "size": "300"}, {"price": "0.08", "size": "68.75"}, {"price": "0.09", "size": "206.52"}, {"price": "0.1", "size": "300"}, {"price": "0.35", "size": "205"}, {"price": "0.36", "size": "1184"}, {"price": "0.37", "size": "5"}, {"price": "0.38", "size": "64"}], "asks": [{"price": "0.99", "size": "1890.1"}, {"price": "0.98", "size": "1000"}, {"price": "0.97", "size": "9.45"}, {"price": "0.96", "size": "2300"}, {"price": "0.95", "size": "800"}, {"price": "0.91", "size": "144.44"}, {"price": "0.9", "size": "400"}, {"price": "0.89", "size": "1005.59"}, {"price": "0.88", "size": "300"}, {"price": "0.8", "size": "700"}, {"price": "0.75", "size": "400"}, {"price": "0.74", "size": "200"}, {"price": "0.7", "size": "300"}, {"price": "0.67", "size": "300"}, {"price": "0.63", "size": "184"}, {"price": "0.48", "size": "1105"}, {"price": "0.46", "size": "5"}, {"price": "0.45", "size": "5"}, {"price": "0.42", "size": "5"}], "event_type": "book", "last_trade_price": "0.380"}, {"market": "0x87c844b30b587e7fd0fa9de1e6cbd8ceda173ff3d773ec5fca345047e97663c5", "asset_id": "27477604225498520875722470451761249779556987401301302829297066492819524175988", "timestamp": "1769384482002", "hash": "9d313bae6ec465aba906148ea460ca2f9ac5366c", "bids": [{"price": "0.01", "size": "143.51"}, {"price": "0.02", "size": "71"}, {"price": "0.03", "size": "29.82"}, {"price": "0.45", "size": "500"}, {"price": "0.46", "size": "100"}], "asks": [{"price": "0.99", "size": "143.57"}, {"price": "0.98", "size": "71"}, {"price": "0.97", "size": "29.8"}, {"price": "0.57", "size": "500"}, {"price": "0.55", "size": "100"}], "event_type": "book", "last_trade_price": ""}]}
{"_local_timestamp": "2026-01-25T23:41:40.570749+00:00", "data": {"market": "0x2f38e972648214a9faf442dfb13a3306ba2767ca2b43185da164e054283808bf", "price_changes": [{"asset_id": "14522595131049267236332195965642891656236962715258897042595810607889013649709", "price": "0.38", "size": "42", "side": "BUY", "hash": "1ed9d8d816bee66ecda31e92a68cc0964bbbc754", "best_bid": "0.38", "best_ask": "0.42"}, {"asset_id": "53686121198056356961708765230174235914321565963241610922776651877875433998743", "price": "0.62", "size": "42", "side": "SELL", "hash": "d7eff4273d86267a9c1cd14f50ad85cf167ec87f", "best_bid": "0.58", "best_ask": "0.62"}], "timestamp": "1769384500497", "event_type": "price_change"}}
{"_local_timestamp": "2026-01-25T23:41:40.571939+00:00", "data": {"market": "0x2f38e972648214a9faf442dfb13a3306ba2767ca2b43185da164e054283808bf", "asset_id": "53686121198056356961708765230174235914321565963241610922776651877875433998743", "bids": [{"price": "0.01", "size": "1890.1"}, {"price": "0.02", "size": "1000"}, {"price": "0.03", "size": "9.45"}, {"price": "0.04", "size": "2300"}, {"price": "0.05", "size": "800"}, {"price": "0.09", "size": "144.44"}, {"price": "0.1", "size": "400"}, {"price": "0.11", "size": "1005.59"}, {"price": "0.12", "size": "300"}, {"price": "0.2", "size": "700"}, {"price": "0.25", "size": "400"}, {"price": "0.26", "size": "200"}, {"price": "0.3", "size": "300"}, {"price": "0.33", "size": "300"}, {"price": "0.37", "size": "184"}, {"price": "0.52", "size": "1105"}, {"price": "0.54", "size": "5"}, {"price": "0.55", "size": "5"}, {"price": "0.58", "size": "5"}], "asks": [{"price": "0.99", "size": "1890.01"}, {"price": "0.98", "size": "1000"}, {"price": "0.97", "size": "10.41"}, {"price": "0.96", "size": "2625"}, {"price": "0.93", "size": "300"}, {"price": "0.92", "size": "68.75"}, {"price": "0.91", "size": "206.52"}, {"price": "0.9", "size": "300"}, {"price": "0.65", "size": "205"}, {"price": "0.64", "size": "1184"}, {"price": "0.63", "size": "5"}, {"price": "0.62", "size": "42"}], "hash": "d7eff4273d86267a9c1cd14f50ad85cf167ec87f", "timestamp": "1769384500497", "event_type": "book"}}
{"_local_timestamp": "2026-01-25T23:41:40.572911+00:00", "data": {"market": "0x2f38e972648214a9faf442dfb13a3306ba2767ca2b43185da164e054283808bf", "asset_id": "14522595131049267236332195965642891656236962715258897042595810607889013649709", "bids": [{"price": "0.01", "size": "1890.01"}, {"price": "0.02", "size": "1000"}, {"price": "0.03", "size": "10.41"}, {"price": "0.04", "size": "2625"}, {"price": "0.07", "size": "300"}, {"price": "0.08", "size": "68.75"}, {"price": "0.09", "size": "206.52"}, {"price": "0.1", "size": "300"}, {"price": "0.35", "size": "205"}, {"price": "0.36", "size": "1184"}, {"price": "0.37", "size": "5"}, {"price": "0.38", "size": "42"}], "asks": [{"price": "0.99", "size": "1890.1"}, {"price": "0.98", "size": "1000"}, {"price": "0.97", "size": "9.45"}, {"price": "0.96", "size": "2300"}, {"price": "0.95", "size": "800"}, {"price": "0.91", "size": "144.44"}, {"price": "0.9", "size": "400"}, {"price": "0.89", "size": "1005.59"}, {"price": "0.88", "size": "300"}, {"price": "0.8", "size": "700"}, {"price": "0.75", "size": "400"}, {"price": "0.74", "size": "200"}, {"price": "0.7", "size": "300"}, {"price": "0.67", "size": "300"}, {"price": "0.63", "size": "184"}, {"price": "0.48", "size": "1105"}, {"price": "0.46", "size": "5"}, {"price": "0.45", "size": "5"}, {"price": "0.42", "size": "5"}], "hash": "1ed9d8d816bee66ecda31e92a68cc0964bbbc754", "timestamp": "1769384500497", "event_type": "book"}}
{"_local_timestamp": "2026-01-25T23:41:40.616437+00:00", "data": {"market": "0x2f38e972648214a9faf442dfb13a3306ba2767ca2b43185da164e054283808bf", "asset_id": "53686121198056356961708765230174235914321565963241610922776651877875433998743", "price": "0.62", "size": "22", "fee_rate_bps": "0", "side": "BUY", "timestamp": "1769384500546", "event_type": "last_trade_price", "transaction_hash": "0x592dcf1cb4c225b7316f3e319238171b8ec62a331e20ff4123fbe93481a960f6"}}
{"_local_timestamp": "2026-01-25T23:41:40.777557+00:00", "data": {"market": "0x2f38e972648214a9faf442dfb13a3306ba2767ca2b43185da164e054283808bf", "price_changes": [{"asset_id": "53686121198056356961708765230174235914321565963241610922776651877875433998743", "price": "0.37", "size": "0", "side": "BUY", "hash": "ed55124d265d7c1c4a35043547294b4be4ecf857", "best_bid": "0.58", "best_ask": "0.62"}, {"asset_id": "14522595131049267236332195965642891656236962715258897042595810607889013649709", "price": "0.63", "size": "0", "side": "SELL", "hash": "918deb4ae1f6b487dda6abf44fa8ba0f482f69ce", "best_bid": "0.38", "best_ask": "0.42"}], "timestamp": "1769384500708", "event_type": "price_change"}}
{"_local_timestamp": "2026-01-25T23:41:40.786087+00:00", "data": {"market": "0x2f38e972648214a9faf442dfb13a3306ba2767ca2b43185da164e054283808bf", "price_changes": [{"asset_id": "53686121198056356961708765230174235914321565963241610922776651877875433998743", "price": "0.38", "size": "184", "side": "BUY", "hash": "78b470cd2e151fa3ea712747519cd1dc1d594d09", "best_bid": "0.58", "best_ask": "0.62"}, {"asset_id": "14522595131049267236332195965642891656236962715258897042595810607889013649709", "price": "0.62", "size": "184", "side": "SELL", "hash": "9237c2239bd84ca85140cee1c688552a9e3c956b", "best_bid": "0.38", "best_ask": "0.42"}], "timestamp": "1769384500713", "event_type": "price_change"}}
{"_local_timestamp": "2026-01-25T23:41:45.486193+00:00", "data": {"market": "0x2f38e972648214a9faf442dfb13a3306ba2767ca2b43185da164e054283808bf", "price_changes": [{"asset_id": "14522595131049267236332195965642891656236962715258897042595810607889013649709", "price": "0.09", "size": "200", "side": "BUY", "hash": "65f4f006a0fcd8558b57e3aa6c42f22f72c6df7c", "best_bid": "0.38", "best_ask": "0.42"}, {"asset_id": "53686121198056356961708765230174235914321565963241610922776651877875433998743", "price": "0.91", "size": "200", "side": "SELL", "hash": "8e3164d076fe4d024d58d06957eadf9f3faedab8", "best_bid": "0.58", "best_ask": "0.62"}], "timestamp": "1769384505414", "event_type": "price_change"}}
{"_local_timestamp": "2026-01-25T23:41:45.524218+00:00", "data": {"market": "0x2f38e972648214a9faf442dfb13a3306ba2767ca2b43185da164e054283808bf", "price_changes": [{"asset_id": "14522595131049267236332195965642891656236962715258897042595810607889013649709", "price": "0.08", "size": "268.75", "side": "BUY", "hash": "100dc655e30a2371405de46aad0fdc2586c025e4", "best_bid": "0.38", "best_ask": "0.42"}, {"asset_id": "53686121198056356961708765230174235914321565963241610922776651877875433998743", "price": "0.92", "size": "268.75", "side": "SELL", "hash": "15b1e5f1fbf61d6a03d4d129df8020256d9476dc", "best_bid": "0.58", "best_ask": "0.62"}], "timestamp": "1769384505450", "event_type": "price_change"}}
{"_local_timestamp": "2026-01-25T23:41:45.525065+00:00", "data": {"market": "0x2f38e972648214a9faf442dfb13a3306ba2767ca2b43185da164e054283808bf", "price_changes": [{"asset_id": "14522595131049267236332195965642891656236962715258897042595810607889013649709", "price": "0.09", "size": "0", "side": "BUY", "hash": "11d876f8a2b924645043274a20ff7a7dfdc50721", "best_bid": "0.38", "best_ask": "0.42"}, {"asset_id": "53686121198056356961708765230174235914321565963241610922776651877875433998743", "price": "0.91", "size": "0", "side": "SELL", "hash": "ca00c7f9ca22f4c7df5d7560a58757fc194018b9", "best_bid": "0.58", "best_ask": "0.62"}], "timestamp": "1769384505451", "event_type": "price_change"}}
{"_local_timestamp": "2026-01-25T23:41:46.169889+00:00", "data": {"market": "0x2f38e972648214a9faf442dfb13a3306ba2767ca2b43185da164e054283808bf", "price_changes": [{"asset_id": "14522595131049267236332195965642891656236962715258897042595810607889013649709", "price": "0.1", "size": "305.87", "side": "BUY", "hash": "91d595631891f8dbd89e1f84898ae10ddefa065d", "best_bid": "0.38", "best_ask": "0.42"}, {"asset_id": "53686121198056356961708765230174235914321565963241610922776651877875433998743", "price": "0.9", "size": "305.87", "side": "SELL", "hash": "68380d314ab811de4d49eb82d715da8896220026", "best_bid": "0.58", "best_ask": "0.62"}], "timestamp": "1769384506102", "event_type": "price_change"}}
{"_local_timestamp": "2026-01-25T23:41:47.518742+00:00", "data": {"market": "0x2f38e972648214a9faf442dfb13a3306ba2767ca2b43185da164e054283808bf", "price_changes": [{"asset_id": "14522595131049267236332195965642891656236962715258897042595810607889013649709", "price": "0.1", "size": "105.87", "side": "BUY", "hash": "fc194b5396c86f22b669a39648350f2e401a0876", "best_bid": "0.38", "best_ask": "0.42"}, {"asset_id": "53686121198056356961708765230174235914321565963241610922776651877875433998743", "price": "0.9", "size": "105.87", "side": "SELL", "hash": "1a1ceb2eb9c7622c9bc910666b63921de0d339cb", "best_bid": "0.58", "best_ask": "0.62"}], "timestamp": "1769384507448", "event_type": "price_change"}}
{"_local_timestamp": "2026-01-25T23:41:47.526874+00:00", "data": {"market": "0x2f38e972648214a9faf442dfb13a3306ba2767ca2b43185da164e054283808bf", "price_changes": [{"asset_id": "14522595131049267236332195965642891656236962715258897042595810607889013649709", "price": "0.11", "size": "200", "side": "BUY", "hash": "45cea911b37257a1b9f2242eb7204b01df62be12", "best_bid": "0.38", "best_ask": "0.42"}, {"asset_id": "53686121198056356961708765230174235914321565963241610922776651877875433998743", "price": "0.89", "size": "200", "side": "SELL", "hash": "ad6eb6da9956ed160c75f9d9a925191db9b4edb0", "best_bid": "0.58", "best_ask": "0.62"}], "timestamp": "1769384507454", "event_type": "price_change"}}
{"_local_timestamp": "2026-01-25T23:41:58.736565+00:00", "data": {"market": "0x2f38e972648214a9faf442dfb13a3306ba2767ca2b43185da164e054283808bf", "price_changes": [{"asset_id": "14522595131049267236332195965642891656236962715258897042595810607889013649709", "price": "0.1", "size": "5.87", "side": "BUY", "hash": "e70644bffbc862ae2751804af4d376192ac99384", "best_bid": "0.38", "best_ask": "0.42"}, {"asset_id": "53686121198056356961708765230174235914321565963241610922776651877875433998743", "price": "0.9", "size": "5.87", "side": "SELL", "hash": "181dffb6c3987a8b8b81c1d8fbbc0f5678ef2f7c", "best_bid": "0.58", "best_ask": "0.62"}], "timestamp": "1769384518666", "event_type": "price_change"}}
{"_local_timestamp": "2026-01-25T23:41:58.772636+00:00", "data": {"market": "0x2f38e972648214a9faf442dfb13a3306ba2767ca2b43185da164e054283808bf", "price_changes": [{"asset_id": "14522595131049267236332195965642891656236962715258897042595810607889013649709", "price": "0.1", "size": "205.87", "side": "BUY", "hash": "b018ee856d5211cc7becb9d71d306c3960ce8360", "best_bid": "0.38", "best_ask": "0.42"}, {"asset_id": "53686121198056356961708765230174235914321565963241610922776651877875433998743", "price": "0.9", "size": "205.87", "side": "SELL", "hash": "a279e76607c788591eecc010a3185b870637e2a6", "best_bid": "0.58", "best_ask": "0.62"}], "timestamp": "1769384518703", "event_type": "price_change"}}
{"_local_timestamp": "2026-01-25T23:41:58.780767+00:00", "data": {"market": "0x2f38e972648214a9faf442dfb13a3306ba2767ca2b43185da164e054283808bf", "price_changes": [{"asset_id": "14522595131049267236332195965642891656236962715258897042595810607889013649709", "price": "0.11", "size": "0", "side": "BUY", "hash": "b17322fbd40713ad36d64d2415e16ed65b41e05b", "best_bid": "0.38", "best_ask": "0.42"}, {"asset_id": "53686121198056356961708765230174235914321565963241610922776651877875433998743", "price": "0.89", "size": "0", "side": "SELL", "hash": "17f4c868fa4105f4ecea6beb4e0ebc55f50c68d4", "best_bid": "0.58", "best_ask": "0.62"}], "timestamp": "1769384518705", "event_type": "price_change"}}
{"_local_timestamp": "2026-01-25T23:41:58.956777+00:00", "data": {"market": "0x2f38e972648214a9faf442dfb13a3306ba2767ca2b43185da164e054283808bf", "price_changes": [{"asset_id": "14522595131049267236332195965642891656236962715258897042595810607889013649709", "price": "0.11", "size": "100", "side": "BUY", "hash": "0dbe2986913e7dc905054f141a1f9070b473c61d", "best_bid": "0.38", "best_ask": "0.42"}, {"asset_id": "53686121198056356961708765230174235914321565963241610922776651877875433998743", "price": "0.89", "size": "100", "side": "SELL", "hash": "a0a81614bd1f8a65fedaa4e7fde69075d359d95e", "best_bid": "0.58", "best_ask": "0.62"}], "timestamp": "1769384518889", "event_type": "price_change"}}
{"_local_timestamp": "2026-01-25T23:42:00.777057+00:00", "data": {"market": "0x2f38e972648214a9faf442dfb13a3306ba2767ca2b43185da164e054283808bf", "price_changes": [{"asset_id": "14522595131049267236332195965642891656236962715258897042595810607889013649709", "price": "0.11", "size": "300", "side": "BUY", "hash": "d5e56591ca2507ce70f3d939e8cff8352842b4f2", "best_bid": "0.38", "best_ask": "0.42"}, {"asset_id": "53686121198056356961708765230174235914321565963241610922776651877875433998743", "price": "0.89", "size": "300", "side": "SELL", "hash": "3603dfe97168ae950269cd3458b45653f7fe7e2d", "best_bid": "0.58", "best_ask": "0.62"}], "timestamp": "1769384520703", "event_type": "price_change"}}
{"_local_timestamp": "2026-01-25T23:42:00.778015+00:00", "data": {"market": "0x2f38e972648214a9faf442dfb13a3306ba2767ca2b43185da164e054283808bf", "price_changes": [{"asset_id": "14522595131049267236332195965642891656236962715258897042595810607889013649709", "price": "0.08", "size": "68.75", "side": "BUY", "hash": "16fbbdb6be63d47c4861a6d81e178b07c819e839", "best_bid": "0.38", "best_ask": "0.42"}, {"asset_id": "53686121198056356961708765230174235914321565963241610922776651877875433998743", "price": "0.92", "size": "68.75", "side": "SELL", "hash": "a9a6d85c649ff32850b18972aabe88efe8f4fefa", "best_bid": "0.58", "best_ask": "0.62"}], "timestamp": "1769384520703", "event_type": "price_change"}}
