{"_local_timestamp": "2026-01-25T23:41:07.867219+00:00", "data": [{"market": "0x2e52735eb229dad8097f00c897f5fedd3812f0b1a787bc8ec67eb719574f772c", "asset_id": "10310176113174816493199827121694149947452703149366174885082598331023934978896", "timestamp": "1769384466946", "hash": "f04231e21a610f9c82f8b432941a324e3e2d7eca", "bids": [{"price": "0.01", "size": "13979.25"}, {"price": "0.02", "size": "2450"}, {"price": "0.03", "size": "10.26"}, {"price": "0.07", "size": "3899.11"}, {"price": "0.08", "size": "2699.11"}, {"price": "0.1", "size": "10"}, {"price": "0.11", "size": "205.4"}, {"price": "0.17", "size": "100"}, {"price": "0.18", "size": "200"}, {"price": "0.19", "size": "200"}, {"price": "0.25", "size": "200"}, {"price": "0.3", "size": "100"}, {"price": "0.5", "size": "10"}, {"price": "0.53", "size": "24.52"}, {"price": "0.56", "size": "19.64"}, {"price": "0.62", "size": "260"}, {"price": "0.64", "size": "20"}, {"price": "0.66", "size": "10"}, {"price": "0.68", "size": "200"}, {"price": "0.69", "size": "57"}], "asks": [{"price": "0.99", "size": "381.65"}, {"price": "0.98", "size": "350"}, {"price": "0.97", "size": "9.78"}, {"price": "0.94", "size": "155"}, {"price": "0.93", "size": "77"}, {"price": "0.92", "size": "7.75"}, {"price": "0.91", "size": "62.8"}, {"price": "0.85", "size": "86.66"}, {"price": "0.84", "size": "68.75"}, {"price": "0.78", "size": "11.9"}, {"price": "0.77", "size": "5.21"}], "event_type": "book", "last_trade_price": "0.700"}, {"market": "0x2e52735eb229dad8097f00c897f5fedd3812f0b1a787bc8ec67eb719574f772c", "asset_id": "46379451331172600936027904181228453653062571759663704859932501136501461057484", "timestamp": "1769384466946", "hash": "b8afb83169f9f8c44f30bdc77b759bd050c36c13", "bids": [{"price": "0.01", "size": "381.65"}, {"price": "0.02", "size": "350"}, {"price": "0.03", "size": "9.78"}, {"price": "0.06", "size": "155"}, {"price": "0.07", "size": "77"}, {"price": "0.08", "size": "7.75"}, {"price": "0.09", "size": "62.8"}, {"price": "0.15", "size": "86.66"}, {"price": "0.16", "size": "68.75"}, {"price": "0.22", "size": "11.9"}, {"price": "0.23", "size": "5.21"}], "asks": [{"price": "0.99", "size": "13979.25"}, {"price": "0.98", "size": "2450"}, {"price": "0.97", "size": "10.26"}, {"price": "0.93", "size": "3899.11"}, {"price": "0.92", "size": "2699.11"}, {"price": "0.9", "size": "10"}, {"price": "0.89", "size": "205.4"}, {"price": "0.83", "size": "100"}, {"price": "0.82", "size": "200"}, {"price": "0.81", "size": "200"}, {"price": "0.75", "size": "200"}, {"price": "0.7", "size": "100"}, {"price": "0.5", "size": "10"}, {"price": "0.47", "size": "24.52"}, {"price": "0.44", "size": "19.64"}, {"price": "0.38", "size": "260"}, {"price": "0.36", "size": "20"}, {"price": "0.34", "size": "10"}, {"price": "0.32", "size": "200"}, {"price": "0.31", "size": "57"}], "event_type": "book", "last_trade_price": "0.700"}]}
{"_local_timestamp": "2026-01-25T23:41:27.923902+00:00", "data": {"market": "0x2e52735eb229dad8097f00c897f5fedd3812f0b1a787bc8ec67eb719574f772c", "price_changes": [{"asset_id": "10310176113174816493199827121694149947452703149366174885082598331023934978896", "price": "0.18", "size": "0", "side": "BUY", "hash": "7fcbee52db8a5175389460524468ad03a3f80844", "best_bid": "0.69", "best_ask": "0.77"}, {"asset_id": "46379451331172600936027904181228453653062571759663704859932501136501461057484", "price": "0.82", "size": "0", "side": "SELL", "hash": "849c1b9b7563a717773e2eac7af43a309cb62cff", "best_bid": "0.23", "best_ask": "0.31"}], "timestamp": "1769384487843", "event_type": "price_change"}}
{"_local_timestamp": "2026-01-25T23:41:27.959691+00:00", "data": {"market": "0x2e52735eb229dad8097f00c897f5fedd3812f0b1a787bc8ec67eb719574f772c", "price_changes": [{"asset_id": "10310176113174816493199827121694149947452703149366174885082598331023934978896", "price": "0.19", "size": "0", "side": "BUY", "hash": "67f1948096bf066e63e6a3af2ceb50703aa9c851", "best_bid": "0.69", "best_ask": "0.77"}, {"asset_id": "46379451331172600936027904181228453653062571759663704859932501136501461057484", "price": "0.81", "size": "0", "side": "SELL", "hash": "bc529551caeaba4833908780273f2689d060b9e4", "best_bid": "0.23", "best_ask": "0.31"}], "timestamp": "1769384487885", "event_type": "price_change"}}
{"_local_timestamp": "2026-01-25T23:41:27.961553+00:00", "data": {"market": "0x2e52735eb229dad8097f00c897f5fedd3812f0b1a787bc8ec67eb719574f772c", "price_changes": [{"asset_id": "10310176113174816493199827121694149947452703149366174885082598331023934978896", "price": "0.17", "size": "300", "side": "BUY", "hash": "db0ba0cd3015add5eeb4915541eedbc0b6b06d55", "best_bid": "0.69", "best_ask": "0.77"}, {"asset_id": "46379451331172600936027904181228453653062571759663704859932501136501461057484", "price": "0.83", "size": "300", "side": "SELL", "hash": "987167a057621c708603790144f8be84e42b13f6", "best_bid": "0.23", "best_ask": "0.31"}], "timestamp": "1769384487889", "event_type": "price_change"}}
{"_local_timestamp": "2026-01-25T23:41:28.209215+00:00", "data": {"market": "0x2e52735eb229dad8097f00c897f5fedd3812f0b1a787bc8ec67eb719574f772c", "price_changes": [{"asset_id": "10310176113174816493199827121694149947452703149366174885082598331023934978896", "price": "0.19", "size": "200", "side": "BUY", "hash": "9d7ee2a77ae629d1b29d877475a12b33ebaff9a0", "best_bid": "0.69", "best_ask": "0.77"}, {"asset_id": "46379451331172600936027904181228453653062571759663704859932501136501461057484", "price": "0.81", "size": "200", "side": "SELL", "hash": "bed9972de506800cb9f36be8c329a5d05bcd7f25", "best_bid": "0.23", "best_ask": "0.31"}], "timestamp": "1769384488133", "event_type": "price_change"}}
{"_local_timestamp": "2026-01-25T23:41:29.954952+00:00", "data": {"market": "0x2e52735eb229dad8097f00c897f5fedd3812f0b1a787bc8ec67eb719574f772c", "price_changes": [{"asset_id": "10310176113174816493199827121694149947452703149366174885082598331023934978896", "price": "0.2", "size": "200", "side": "BUY", "hash": "e62b105dd93f1b7a942af3cfb4513a16d6372919", "best_bid": "0.69", "best_ask": "0.77"}, {"asset_id": "46379451331172600936027904181228453653062571759663704859932501136501461057484", "price": "0.8", "size": "200", "side": "SELL", "hash": "823cb71f8303e5b276de1b2466b592c6cac54daa", "best_bid": "0.23", "best_ask": "0.31"}], "timestamp": "1769384489886", "event_type": "price_change"}}
{"_local_timestamp": "2026-01-25T23:41:29.955358+00:00", "data": {"market": "0x2e52735eb229dad8097f00c897f5fedd3812f0b1a787bc8ec67eb719574f772c", "price_changes": [{"asset_id": "10310176113174816493199827121694149947452703149366174885082598331023934978896", "price": "0.17", "size": "100", "side": "BUY", "hash": "830a24b2d6ac98cebaf635c3385a478cafc03f71", "best_bid": "0.69", "best_ask": "0.77"}, {"asset_id": "46379451331172600936027904181228453653062571759663704859932501136501461057484", "price": "0.83", "size": "100", "side": "SELL", "hash": "1d37c3ead77e86128b4c5af012b809dc5b3d06d0", "best_bid": "0.23", "best_ask": "0.31"}], "timestamp": "1769384489889", "event_type": "price_change"}}
{"_local_timestamp": "2026-01-25T23:41:48.643111+00:00", "data": {"market": "0x2e52735eb229dad8097f00c897f5fedd3812f0b1a787bc8ec67eb719574f772c", "price_changes": [{"asset_id": "10310176113174816493199827121694149947452703149366174885082598331023934978896", "price": "0.19", "size": "0", "side": "BUY", "hash": "62497a25a44c89887f495b864be6878de4872d87", "best_bid": "0.69", "best_ask": "0.77"}, {"asset_id": "46379451331172600936027904181228453653062571759663704859932501136501461057484", "price": "0.81", "size": "0", "side": "SELL", "hash": "52fd27e6110a33cf7895d8e24e81408ee5e4af01", "best_bid": "0.23", "best_ask": "0.31"}], "timestamp": "1769384508569", "event_type": "price_change"}}
{"_local_timestamp": "2026-01-25T23:41:48.689164+00:00", "data": {"market": "0x2e52735eb229dad8097f00c897f5fedd3812f0b1a787bc8ec67eb719574f772c", "price_changes": [{"asset_id": "10310176113174816493199827121694149947452703149366174885082598331023934978896", "price": "0.2", "size": "0", "side": "BUY", "hash": "7ff51b3c4740a97335117fe9bd41682e53cd9678", "best_bid": "0.69", "best_ask": "0.77"}, {"asset_id": "46379451331172600936027904181228453653062571759663704859932501136501461057484", "price": "0.8", "size": "0", "side": "SELL", "hash": "45228ffdc84c3b004a380dffc52ebef9eb0b9fe5", "best_bid": "0.23", "best_ask": "0.31"}], "timestamp": "1769384508609", "event_type": "price_change"}}
{"_local_timestamp": "2026-01-25T23:41:48.690099+00:00", "data": {"market": "0x2e52735eb229dad8097f00c897f5fedd3812f0b1a787bc8ec67eb719574f772c", "price_changes": [{"asset_id": "10310176113174816493199827121694149947452703149366174885082598331023934978896", "price": "0.17", "size": "300", "side": "BUY", "hash": "b5a2bf9ea0c04835af7dafd9f1ce58e643c383c3", "best_bid": "0.69", "best_ask": "0.77"}, {"asset_id": "46379451331172600936027904181228453653062571759663704859932501136501461057484", "price": "0.83", "size": "300", "side": "SELL", "hash": "f5631a8e21d52bdc544e4a49dd331912f4dde645", "best_bid": "0.23", "best_ask": "0.31"}], "timestamp": "1769384508613", "event_type": "price_change"}}
{"_local_timestamp": "2026-01-25T23:41:48.922293+00:00", "data": {"market": "0x2e52735eb229dad8097f00c897f5fedd3812f0b1a787bc8ec67eb719574f772c", "price_changes": [{"asset_id": "10310176113174816493199827121694149947452703149366174885082598331023934978896", "price": "0.2", "size": "200", "side": "BUY", "hash": "8e9faf512d9cd033064eb77f687eadf8fd151ba2", "best_bid": "0.69", "best_ask": "0.77"}, {"asset_id": "46379451331172600936027904181228453653062571759663704859932501136501461057484", "price": "0.8", "size": "200", "side": "SELL", "hash": "7b07e8f01ca216fec544518aba91c2260314aa1d", "best_bid": "0.23", "best_ask": "0.31"}], "timestamp": "1769384508849", "event_type": "price_change"}}
{"_local_timestamp": "2026-01-25T23:41:50.685201+00:00", "data": {"market": "0x2e52735eb229dad8097f00c897f5fedd3812f0b1a787bc8ec67eb719574f772c", "price_changes": [{"asset_id": "10310176113174816493199827121694149947452703149366174885082598331023934978896", "price": "0.21", "size": "200", "side": "BUY", "hash": "766b3ce0e3fb082b7bd33fc9f1e1b6db6f2b3696", "best_bid": "0.69", "best_ask": "0.77"}, {"asset_id": "46379451331172600936027904181228453653062571759663704859932501136501461057484", "price": "0.79", "size": "200", "side": "SELL", "hash": "e93bed601a104ebdd9a24c538c6ddeaf4a964f83", "best_bid": "0.23", "best_ask": "0.31"}], "timestamp": "1769384510609", "event_type": "price_change"}}
{"_local_timestamp": "2026-01-25T23:41:50.686770+00:00", "data": {"market": "0x2e52735eb229dad8097f00c897f5fedd3812f0b1a787bc8ec67eb719574f772c", "price_changes": [{"asset_id": "10310176113174816493199827121694149947452703149366174885082598331023934978896", "price": "0.17", "size": "100", "side": "BUY", "hash": "e10922d7dc982eb75263076d7bfe9f54c6d8f081", "best_bid": "0.69", "best_ask": "0.77"}, {"asset_id": "46379451331172600936027904181228453653062571759663704859932501136501461057484", "price": "0.83", "size": "100", "side": "SELL", "hash": "aac2331a979c44de6080f855207b6de02e9af297", "best_bid": "0.23", "best_ask": "0.31"}], "timestamp": "1769384510610", "event_type": "price_change"}}
