{"_local_timestamp": "2026-01-25T23:33:55.053959+00:00", "data": [{"market": "0x09a666b396fe2d109eb5d7f2ceb2503e44af24533ad4a7ef032f32b7eda6dc62", "asset_id": "96159090155296538158413431087000397979926596731893161029991660218094383454255", "timestamp": "1769384016179", "hash": "1bdad02b6d7b9e063faeb2091047864f924e6aa9", "bids": [{"price": "0.001", "size": "1000"}, {"price": "0.54", "size": "6"}, {"price": "0.561", "size": "6"}, {"price": "0.575", "size": "6"}, {"price": "0.847", "size": "12.6"}, {"price": "0.848", "size": "9.41"}, {"price": "0.958", "size": "5.38"}, {"price": "0.973", "size": "7.21"}, {"price": "0.975", "size": "8.4"}], "asks": [], "event_type": "book", "last_trade_price": "0.003"}, {"market": "0x09a666b396fe2d109eb5d7f2ceb2503e44af24533ad4a7ef032f32b7eda6dc62", "asset_id": "98606197491205967200700640359464086313480576537360039938434591761091984923719", "timestamp": "1769384016179", "hash": "7572e050739c5c06667da4f82573bc3669c66efe", "bids": [], "asks": [{"price": "0.999", "size": "1000"}, {"price": "0.46", "size": "6"}, {"price": "0.439", "size": "6"}, {"price": "0.425", "size": "6"}, {"price": "0.153", "size": "12.6"}, {"price": "0.152", "size": "9.41"}, {"price": "0.042", "size": "5.38"}, {"price": "0.027", "size": "7.21"}, {"price": "0.025", "size": "8.4"}], "event_type": "book", "last_trade_price": "0.003"}]}
{"_local_timestamp": "2026-01-25T23:33:58.211099+00:00", "data": {"market": "0x09a666b396fe2d109eb5d7f2ceb2503e44af24533ad4a7ef032f32b7eda6dc62", "price_changes": [{"asset_id": "98606197491205967200700640359464086313480576537360039938434591761091984923719", "price": "0.025", "size": "0", "side": "SELL", "hash": "374852181db10a94595ac1699040e43942070a3a", "best_bid": "0", "best_ask": "0.027"}, {"asset_id": "96159090155296538158413431087000397979926596731893161029991660218094383454255", "price": "0.975", "size": "0", "side": "BUY", "hash": "5bab862a07e66b870ea649af38a9de4657a0a5da", "best_bid": "0.973", "best_ask": "1"}], "timestamp": "1769384038136", "event_type": "price_change"}}
{"_local_timestamp": "2026-01-25T23:33:58.651914+00:00", "data": {"market": "0x09a666b396fe2d109eb5d7f2ceb2503e44af24533ad4a7ef032f32b7eda6dc62", "price_changes": [{"asset_id": "98606197491205967200700640359464086313480576537360039938434591761091984923719", "price": "0.024", "size": "8.4", "side": "SELL", "hash": "b16d3c994a11f73cd6e89b4d9ab085da46d8396d", "best_bid": "0", "best_ask": "0.024"}, {"asset_id": "96159090155296538158413431087000397979926596731893161029991660218094383454255", "price": "0.976", "size": "8.4", "side": "BUY", "hash": "bb90d8a426cafb7488d2df9f3e2c3db1388b6b46", "best_bid": "0.976", "best_ask": "1"}], "timestamp": "1769384038584", "event_type": "price_change"}}
{"_local_timestamp": "2026-01-25T23:34:17.999029+00:00", "data": {"market": "0x09a666b396fe2d109eb5d7f2ceb2503e44af24533ad4a7ef032f32b7eda6dc62", "price_changes": [{"asset_id": "96159090155296538158413431087000397979926596731893161029991660218094383454255", "price": "0.001", "size": "0", "side": "BUY", "hash": "34bfc18df8d58178aa1be8e42c62a708304de5d7", "best_bid": "0.976", "best_ask": "1"}, {"asset_id": "98606197491205967200700640359464086313480576537360039938434591761091984923719", "price": "0.999", "size": "0", "side": "SELL", "hash": "b8c93b44842d4a675fdf0d1bc95359a523278fdb", "best_bid": "0", "best_ask": "0.024"}], "timestamp": "1769384057757", "event_type": "price_change"}}
{"_local_timestamp": "2026-01-25T23:34:19.281627+00:00", "data": {"market": "0x09a666b396fe2d109eb5d7f2ceb2503e44af24533ad4a7ef032f32b7eda6dc62", "price_changes": [{"asset_id": "98606197491205967200700640359464086313480576537360039938434591761091984923719", "price": "0.024", "size": "0", "side": "SELL", "hash": "4616feadbee4311dd003ee5fbadbc469af4bd8d6", "best_bid": "0", "best_ask": "0.027"}, {"asset_id": "96159090155296538158413431087000397979926596731893161029991660218094383454255", "price": "0.976", "size": "0", "side": "BUY", "hash": "71f0a135be4994c75363853f3eafaf39ffd6c840", "best_bid": "0.973", "best_ask": "1"}], "timestamp": "1769384059024", "event_type": "price_change"}}
{"_local_timestamp": "2026-01-25T23:34:19.682450+00:00", "data": {"market": "0x09a666b396fe2d109eb5d7f2ceb2503e44af24533ad4a7ef032f32b7eda6dc62", "price_changes": [{"asset_id": "98606197491205967200700640359464086313480576537360039938434591761091984923719", "price": "0.999", "size": "8.4", "side": "SELL", "hash": "1e9d942bac6e60c4990f33b75e5b57b17c8b443e", "best_bid": "0", "best_ask": "0.027"}, {"asset_id": "96159090155296538158413431087000397979926596731893161029991660218094383454255", "price": "0.001", "size": "8.4", "side": "BUY", "hash": "c75097fd1c20dbe0f821014685bcb8aa5848d66e", "best_bid": "0.973", "best_ask": "1"}], "timestamp": "1769384059470", "event_type": "price_change"}}
{"_local_timestamp": "2026-01-25T23:34:37.972611+00:00", "data": {"market": "0x09a666b396fe2d109eb5d7f2ceb2503e44af24533ad4a7ef032f32b7eda6dc62", "price_changes": [{"asset_id": "98606197491205967200700640359464086313480576537360039938434591761091984923719", "price": "0.027", "size": "0", "side": "SELL", "hash": "b8204c7daebf45b0e2048451f390cd235d726759", "best_bid": "0", "best_ask": "0.152"}, {"asset_id": "96159090155296538158413431087000397979926596731893161029991660218094383454255", "price": "0.973", "size": "0", "side": "BUY", "hash": "2e967258bcf2662bcb37d85a49aad3bdddec8a53", "best_bid": "0.848", "best_ask": "1"}], "timestamp": "1769384077900", "event_type": "price_change"}}
{"_local_timestamp": "2026-01-25T23:34:37.973396+00:00", "data": {"market": "0x09a666b396fe2d109eb5d7f2ceb2503e44af24533ad4a7ef032f32b7eda6dc62", "price_changes": [{"asset_id": "98606197491205967200700640359464086313480576537360039938434591761091984923719", "price": "0.042", "size": "0", "side": "SELL", "hash": "b8204c7daebf45b0e2048451f390cd235d726759", "best_bid": "0", "best_ask": "0.152"}, {"asset_id": "96159090155296538158413431087000397979926596731893161029991660218094383454255", "price": "0.958", "size": "0", "side": "BUY", "hash": "2e967258bcf2662bcb37d85a49aad3bdddec8a53", "best_bid": "0.848", "best_ask": "1"}], "timestamp": "1769384077900", "event_type": "price_change"}}
{"_local_timestamp": "2026-01-25T23:34:40.098627+00:00", "data": {"market": "0x09a666b396fe2d109eb5d7f2ceb2503e44af24533ad4a7ef032f32b7eda6dc62", "price_changes": [{"asset_id": "98606197491205967200700640359464086313480576537360039938434591761091984923719", "price": "0.999", "size": "0", "side": "SELL", "hash": "887101e0792cdb5f6dbfa90cbf20726bfde6ec12", "best_bid": "0", "best_ask": "0.152"}, {"asset_id": "96159090155296538158413431087000397979926596731893161029991660218094383454255", "price": "0.001", "size": "0", "side": "BUY", "hash": "32650c62f08d14910ed65c012c829e2b4a6d99e8", "best_bid": "0.848", "best_ask": "1"}], "timestamp": "1769384079961", "event_type": "price_change"}}
{"_local_timestamp": "2026-01-25T23:34:40.530889+00:00", "data": {"market": "0x09a666b396fe2d109eb5d7f2ceb2503e44af24533ad4a7ef032f32b7eda6dc62", "price_changes": [{"asset_id": "98606197491205967200700640359464086313480576537360039938434591761091984923719", "price": "0.041", "size": "6.4", "side": "SELL", "hash": "6f388314b7e7fe4f67ee976578829f499395f7b9", "best_bid": "0", "best_ask": "0.041"}, {"asset_id": "96159090155296538158413431087000397979926596731893161029991660218094383454255", "price": "0.959", "size": "6.4", "side": "BUY", "hash": "e813a4ca0a8f2f015c8a3896b52505417b80f6aa", "best_bid": "0.959", "best_ask": "1"}], "timestamp": "1769384080329", "event_type": "price_change"}}
{"_local_timestamp": "2026-01-25T23:34:40.537997+00:00", "data": {"market": "0x09a666b396fe2d109eb5d7f2ceb2503e44af24533ad4a7ef032f32b7eda6dc62", "price_changes": [{"asset_id": "98606197491205967200700640359464086313480576537360039938434591761091984923719", "price": "0.026", "size": "6.19", "side": "SELL", "hash": "c550277b063aa25f9260d35c27f16de61ca92088", "best_bid": "0", "best_ask": "0.026"}, {"asset_id": "96159090155296538158413431087000397979926596731893161029991660218094383454255", "price": "0.974", "size": "6.19", "side": "BUY", "hash": "edd16b49d7ce8b90f4e783f8be062e3557fae6ea", "best_bid": "0.974", "best_ask": "1"}], "timestamp": "1769384080333", "event_type": "price_change"}}
{"_local_timestamp": "2026-01-25T23:34:40.601346+00:00", "data": {"market": "0x09a666b396fe2d109eb5d7f2ceb2503e44af24533ad4a7ef032f32b7eda6dc62", "price_changes": [{"asset_id": "98606197491205967200700640359464086313480576537360039938434591761091984923719", "price": "0.026", "size": "14.59", "side": "SELL", "hash": "6a44bee8e157b764d8e7b93305bdb6a4c5799ff7", "best_bid": "0", "best_ask": "0.026"}, {"asset_id": "96159090155296538158413431087000397979926596731893161029991660218094383454255", "price": "0.974", "size": "14.59", "side": "BUY", "hash": "dfeb6e43a9b50f4bc3d55b035959c6a38caa10e7", "best_bid": "0.974", "best_ask": "1"}], "timestamp": "1769384080420", "event_type": "price_change"}}
{"_local_timestamp": "2026-01-25T23:34:48.936757+00:00", "data": {"market": "0x09a666b396fe2d109eb5d7f2ceb2503e44af24533ad4a7ef032f32b7eda6dc62", "price_changes": [{"asset_id": "96159090155296538158413431087000397979926596731893161029991660218094383454255", "price": "0.001", "size": "1000", "side": "BUY", "hash": "28b2dcf26b465b3fc79c7d4e72baa2526722ffb4", "best_bid": "0.974", "best_ask": "1"}, {"asset_id": "98606197491205967200700640359464086313480576537360039938434591761091984923719", "price": "0.999", "size": "1000", "side": "SELL", "hash": "7671ca8ddd7162859bbd4963920853bdb48ea01d", "best_bid": "0", "best_ask": "0.026"}], "timestamp": "1769384088865", "event_type": "price_change"}}
{"_local_timestamp": "2026-01-25T23:35:03.273818+00:00", "data": {"market": "0x09a666b396fe2d109eb5d7f2ceb2503e44af24533ad4a7ef032f32b7eda6dc62", "price_changes": [{"asset_id": "98606197491205967200700640359464086313480576537360039938434591761091984923719", "price": "0.026", "size": "6.19", "side": "SELL", "hash": "2126bdb9204b79ad062161d16581c1f301ddac54", "best_bid": "0", "best_ask": "0.026"}, {"asset_id": "96159090155296538158413431087000397979926596731893161029991660218094383454255", "price": "0.974", "size": "6.19", "side": "BUY", "hash": "a1bd9f4dfb14f7f75932e1b6f51e3615cec42a24", "best_bid": "0.974", "best_ask": "1"}], "timestamp": "1769384103195", "event_type": "price_change"}}
{"_local_timestamp": "2026-01-25T23:35:03.701779+00:00", "data": {"market": "0x09a666b396fe2d109eb5d7f2ceb2503e44af24533ad4a7ef032f32b7eda6dc62", "price_changes": [{"asset_id": "98606197491205967200700640359464086313480576537360039938434591761091984923719", "price": "0.025", "size": "8.4", "side": "SELL", "hash": "9b298e8ea99bc91adeba7de6bf04d254578ffce8", "best_bid": "0", "best_ask": "0.025"}, {"asset_id": "96159090155296538158413431087000397979926596731893161029991660218094383454255", "price": "0.975", "size": "8.4", "side": "BUY", "hash": "b0ca31328db924021eaaa06fa98aa4075326f8cf", "best_bid": "0.975", "best_ask": "1"}], "timestamp": "1769384103621", "event_type": "price_change"}}
