{"_local_timestamp": "2026-01-25T23:33:35.658577+00:00", "data": [{"market": "0xa0f0cce5d67cf27b5a7c91b8be7346b09fc9bac7da17e37587ecce9b837a961a", "asset_id": "52699712428901962192736027833996903528867458158535165017805057452306566093962", "timestamp": "1769384012751", "hash": "cd8ff6b1cdff04c68e18f16df915a218a2c43ba9", "bids": [{"price": "0.001", "size": "100577.99"}, {"price": "0.002", "size": "55000"}, {"price": "0.008", "size": "155"}, {"price": "0.01", "size": "27068"}, {"price": "0.011", "size": "55710"}, {"price": "0.08", "size": "155"}, {"price": "0.097", "size": "100"}, {"price": "0.099", "size": "100"}, {"price": "0.1", "size": "3500"}, {"price": "0.101", "size": "10000"}, {"price": "0.47", "size": "100"}, {"price": "0.49", "size": "100"}, {"price": "0.497", "size": "200"}, {"price": "0.499", "size": "100"}, {"price": "0.5", "size": "176"}, {"price": "0.75", "size": "60"}, {"price": "0.767", "size": "60"}, {"price": "0.768", "size": "88"}, {"price": "0.769", "size": "60"}, {"price": "0.77", "size": "60"}, {"price": "0.771", "size": "53"}, {"price": "0.772", "size": "30.32"}, {"price": "0.99", "size": "5"}, {"price": "0.991", "size": "500"}, {"price": "0.992", "size": "5"}, {"price": "0.999", "size": "113303.1"}], "asks": [], "event_type": "book", "last_trade_price": ""}, {"market": "0x8d10b2c043d8d40857a22347d9cbba9794abbe7477c71ada6dc409c89f148739", "asset_id": "102432885077551242159113016851311280841043600194881798270351828946341838308519", "timestamp": "1769384012751", "hash": "1f30e7db97dd288a20f4804925dadf71ddc01e0b", "bids": [], "asks": [{"price": "0.999", "size": "100063"}, {"price": "0.998", "size": "55000"}, {"price": "0.992", "size": "155"}, {"price": "0.99", "size": "27068"}, {"price": "0.989", "size": "55710"}, {"price": "0.92", "size": "155"}, {"price": "0.903", "size": "100"}, {"price": "0.901", "size": "100"}, {"price": "0.9", "size": "3500"}, {"price": "0.899", "size": "10000"}, {"price": "0.53", "size": "100"}, {"price": "0.51", "size": "100"}, {"price": "0.503", "size": "200"}, {"price": "0.501", "size": "100"}, {"price": "0.5", "size": "176"}, {"price": "0.25", "size": "60"}, {"price": "0.233", "size": "60"}, {"price": "0.232", "size": "88"}, {"price": "0.231", "size": "60"}, {"price": "0.23", "size": "60"}, {"price": "0.229", "size": "53"}, {"price": "0.228", "size": "25"}, {"price": "0.227", "size": "10"}, {"price": "0.01", "size": "5"}, {"price": "0.009", "size": "500"}, {"price": "0.001", "size": "113303.1"}], "event_type": "book", "last_trade_price": ""}, {"market": "0x8d10b2c043d8d40857a22347d9cbba9794abbe7477c71ada6dc409c89f148739", "asset_id": "66405822325694340926749815933341507926892696879883099194228778094076937329669", "timestamp": "1769384012751", "hash": "9ef90c5c1b0f8f4228c6420bf56e5055e5235193", "bids": [{"price": "0.001", "size": "100063"}, {"price": "0.002", "size": "55000"}, {"price": "0.008", "size": "155"}, {"price": "0.01", "size": "27068"}, {"price": "0.011", "size": "55710"}, {"price": "0.08", "size": "155"}, {"price": "0.097", "size": "100"}, {"price": "0.099", "size": "100"}, {"price": "0.1", "size": "3500"}, {"price": "0.101", "size": "10000"}, {"price": "0.47", "size": "100"}, {"price": "0.49", "size": "100"}, {"price": "0.497", "size": "200"}, {"price": "0.499", "size": "100"}, {"price": "0.5", "size": "176"}, {"price": "0.75", "size": "60"}, {"price": "0.767", "size": "60"}, {"price": "0.768", "size": "88"}, {"price": "0.769", "size": "60"}, {"price": "0.77", "size": "60"}, {"price": "0.771", "size": "53"}, {"price": "0.772", "size": "25"}, {"price": "0.773", "size": "10"}, {"price": "0.99", "size": "5"}, {"price": "0.991", "size": "500"}, {"price": "0.999", "size": "113303.1"}], "asks": [], "event_type": "book", "last_trade_price": ""}, {"market": "0xa0f0cce5d67cf27b5a7c91b8be7346b09fc9bac7da17e37587ecce9b837a961a", "asset_id": "97559399235955958752928269387133709066779606157400190343072576353734416363060", "timestamp": "1769384012751", "hash": "e52217f14f70f15aad6c550863304337a5166152", "bids": [], "asks": [{"price": "0.999", "size": "100577.99"}, {"price": "0.998", "size": "55000"}, {"price": "0.992", "size": "155"}, {"price": "0.99", "size": "27068"}, {"price": "0.989", "size": "55710"}, {"price": "0.92", "size": "155"}, {"price": "0.903", "size": "100"}, {"price": "0.901", "size": "100"}, {"price": "0.9", "size": "3500"}, {"price": "0.899", "size": "10000"}, {"price": "0.53", "size": "100"}, {"price": "0.51", "size": "100"}, {"price": "0.503", "size": "200"}, {"price": "0.501", "size": "100"}, {"price": "0.5", "size": "176"}, {"price": "0.25", "size": "60"}, {"price": "0.233", "size": "60"}, {"price": "0.232", "size": "88"}, {"price": "0.231", "size": "60"}, {"price": "0.23", "size": "60"}, {"price": "0.229", "size": "53"}, {"price": "0.228", "size": "30.32"}, {"price": "0.01", "size": "5"}, {"price": "0.009", "size": "500"}, {"price": "0.008", "size": "5"}, {"price": "0.001", "size": "113303.1"}], "event_type": "book", "last_trade_price": ""}]}
{"_local_timestamp": "2026-01-25T23:33:45.883772+00:00", "data": {"market": "0x8d10b2c043d8d40857a22347d9cbba9794abbe7477c71ada6dc409c89f148739", "price_changes": [{"asset_id": "66405822325694340926749815933341507926892696879883099194228778094076937329669", "price": "0.999", "size": "100005.1", "side": "BUY", "hash": "3f2be15e5033ab32b61ab202fdf62f0fcc74ab58", "best_bid": "0.999", "best_ask": "1"}, {"asset_id": "102432885077551242159113016851311280841043600194881798270351828946341838308519", "price": "0.001", "size": "100005.1", "side": "SELL", "hash": "a6b63cf7b4a0221ca99c364a57ba8e88c4aa7fa0", "best_bid": "0", "best_ask": "0.001"}], "timestamp": "1769384025807", "event_type": "price_change"}}
{"_local_timestamp": "2026-01-25T23:33:45.895546+00:00", "data": {"market": "0xa0f0cce5d67cf27b5a7c91b8be7346b09fc9bac7da17e37587ecce9b837a961a", "price_changes": [{"asset_id": "52699712428901962192736027833996903528867458158535165017805057452306566093962", "price": "0.999", "size": "100005.1", "side": "BUY", "hash": "3bfad4c078c9ef788b8cc43f345c51bed0a3b362", "best_bid": "0.999", "best_ask": "1"}, {"asset_id": "97559399235955958752928269387133709066779606157400190343072576353734416363060", "price": "0.001", "size": "100005.1", "side": "SELL", "hash": "7eeead95753957fb891b7f5c27d1311750f9428b", "best_bid": "0", "best_ask": "0.001"}], "timestamp": "1769384025807", "event_type": "price_change"}}
{"_local_timestamp": "2026-01-25T23:33:47.592751+00:00", "data": {"market": "0x8d10b2c043d8d40857a22347d9cbba9794abbe7477c71ada6dc409c89f148739", "price_changes": [{"asset_id": "66405822325694340926749815933341507926892696879883099194228778094076937329669", "price": "0.999", "size": "102502.1", "side": "BUY", "hash": "558b4bd9b2dff18817a6c518918dd34499281fda", "best_bid": "0.999", "best_ask": "1"}, {"asset_id": "102432885077551242159113016851311280841043600194881798270351828946341838308519", "price": "0.001", "size": "102502.1", "side": "SELL", "hash": "9e1d304a63bdd33e7f6e341cf8eeb9942a3dadae", "best_bid": "0", "best_ask": "0.001"}], "timestamp": "1769384027504", "event_type": "price_change"}}
{"_local_timestamp": "2026-01-25T23:33:47.594066+00:00", "data": {"market": "0xa0f0cce5d67cf27b5a7c91b8be7346b09fc9bac7da17e37587ecce9b837a961a", "price_changes": [{"asset_id": "52699712428901962192736027833996903528867458158535165017805057452306566093962", "price": "0.999", "size": "102502.1", "side": "BUY", "hash": "3ab9329ae392359d737bc9aafca4fcb8fb0eedb4", "best_bid": "0.999", "best_ask": "1"}, {"asset_id": "97559399235955958752928269387133709066779606157400190343072576353734416363060", "price": "0.001", "size": "102502.1", "side": "SELL", "hash": "01dc84ecfd8f86ddf4a7dc5111b361aa47a6eabe", "best_bid": "0", "best_ask": "0.001"}], "timestamp": "1769384027504", "event_type": "price_change"}}
{"_local_timestamp": "2026-01-25T23:33:47.993838+00:00", "data": {"market": "0xa0f0cce5d67cf27b5a7c91b8be7346b09fc9bac7da17e37587ecce9b837a961a", "price_changes": [{"asset_id": "52699712428901962192736027833996903528867458158535165017805057452306566093962", "price": "0.999", "size": "104998.1", "side": "BUY", "hash": "2505388317452251f34233d05f0e727143d0cf1b", "best_bid": "0.999", "best_ask": "1"}, {"asset_id": "97559399235955958752928269387133709066779606157400190343072576353734416363060", "price": "0.001", "size": "104998.1", "side": "SELL", "hash": "58177ba73487a5310956d02d536539282aead698", "best_bid": "0", "best_ask": "0.001"}], "timestamp": "1769384027913", "event_type": "price_change"}}
{"_local_timestamp": "2026-01-25T23:33:47.997261+00:00", "data": {"market": "0x8d10b2c043d8d40857a22347d9cbba9794abbe7477c71ada6dc409c89f148739", "price_changes": [{"asset_id": "66405822325694340926749815933341507926892696879883099194228778094076937329669", "price": "0.999", "size": "104998.1", "side": "BUY", "hash": "05599ce80bb9daf02fa5b960451d0ac7f84896f0", "best_bid": "0.999", "best_ask": "1"}, {"asset_id": "102432885077551242159113016851311280841043600194881798270351828946341838308519", "price": "0.001", "size": "104998.1", "side": "SELL", "hash": "aec45ef3651e60037556379166e170cbbf8f6f08", "best_bid": "0", "best_ask": "0.001"}], "timestamp": "1769384027913", "event_type": "price_change"}}
{"_local_timestamp": "2026-01-25T23:33:48.511238+00:00", "data": {"market": "0x8d10b2c043d8d40857a22347d9cbba9794abbe7477c71ada6dc409c89f148739", "price_changes": [{"asset_id": "66405822325694340926749815933341507926892696879883099194228778094076937329669", "price": "0.999", "size": "107493.1", "side": "BUY", "hash": "2bfb3fc8a7340285046e617707c2f553df19d140", "best_bid": "0.999", "best_ask": "1"}, {"asset_id": "102432885077551242159113016851311280841043600194881798270351828946341838308519", "price": "0.001", "size": "107493.1", "side": "SELL", "hash": "7cd98f6a0c79238fdf68af998b287e5b14daf2ef", "best_bid": "0", "best_ask": "0.001"}], "timestamp": "1769384028429", "event_type": "price_change"}}
{"_local_timestamp": "2026-01-25T23:33:48.512371+00:00", "data": {"market": "0xa0f0cce5d67cf27b5a7c91b8be7346b09fc9bac7da17e37587ecce9b837a961a", "price_changes": [{"asset_id": "52699712428901962192736027833996903528867458158535165017805057452306566093962", "price": "0.999", "size": "107493.1", "side": "BUY", "hash": "2f0e835263e7783778be49bbfb11384228ce6d90", "best_bid": "0.999", "best_ask": "1"}, {"asset_id": "97559399235955958752928269387133709066779606157400190343072576353734416363060", "price": "0.001", "size": "107493.1", "side": "SELL", "hash": "605efff3ac6853584bbf85c7a11ba18d2e421ea9", "best_bid": "0", "best_ask": "0.001"}], "timestamp": "1769384028429", "event_type": "price_change"}}
{"_local_timestamp": "2026-01-25T23:33:49.319886+00:00", "data": {"market": "0xa0f0cce5d67cf27b5a7c91b8be7346b09fc9bac7da17e37587ecce9b837a961a", "price_changes": [{"asset_id": "52699712428901962192736027833996903528867458158535165017805057452306566093962", "price": "0.999", "size": "108116.1", "side": "BUY", "hash": "18b6963497496cb611b0857ffce0312e237631cb", "best_bid": "0.999", "best_ask": "1"}, {"asset_id": "97559399235955958752928269387133709066779606157400190343072576353734416363060", "price": "0.001", "size": "108116.1", "side": "SELL", "hash": "815f3913af8b4fb4d577dddb0ae33738962c6d5d", "best_bid": "0", "best_ask": "0.001"}], "timestamp": "1769384029236", "event_type": "price_change"}}
{"_local_timestamp": "2026-01-25T23:33:49.322385+00:00", "data": {"market": "0x8d10b2c043d8d40857a22347d9cbba9794abbe7477c71ada6dc409c89f148739", "price_changes": [{"asset_id": "66405822325694340926749815933341507926892696879883099194228778094076937329669", "price": "0.999", "size": "108116.1", "side": "BUY", "hash": "9585185510583ad2a6a6a6f99004169a7fd4923e", "best_bid": "0.999", "best_ask": "1"}, {"asset_id": "102432885077551242159113016851311280841043600194881798270351828946341838308519", "price": "0.001", "size": "108116.1", "side": "SELL", "hash": "12bc0384065f9c38771d1329c19c755cea1d6df1", "best_bid": "0", "best_ask": "0.001"}], "timestamp": "1769384029237", "event_type": "price_change"}}
{"_local_timestamp": "2026-01-25T23:33:49.799994+00:00", "data": {"market": "0xa0f0cce5d67cf27b5a7c91b8be7346b09fc9bac7da17e37587ecce9b837a961a", "price_changes": [{"asset_id": "52699712428901962192736027833996903528867458158535165017805057452306566093962", "price": "0.999", "size": "108738.1", "side": "BUY", "hash": "c8b798b1336b6f09b03eb5d447ccda7604beb8e7", "best_bid": "0.999", "best_ask": "1"}, {"asset_id": "97559399235955958752928269387133709066779606157400190343072576353734416363060", "price": "0.001", "size": "108738.1", "side": "SELL", "hash": "9398ac5427d3c41f56ae3d6f2386b90f9126a244", "best_bid": "0", "best_ask": "0.001"}], "timestamp": "1769384029722", "event_type": "price_change"}}
{"_local_timestamp": "2026-01-25T23:33:49.807607+00:00", "data": {"market": "0x8d10b2c043d8d40857a22347d9cbba9794abbe7477c71ada6dc409c89f148739", "price_changes": [{"asset_id": "66405822325694340926749815933341507926892696879883099194228778094076937329669", "price": "0.999", "size": "108738.1", "side": "BUY", "hash": "e7f6d82b3d56d3bd23d70426a30349d289e4e2ba", "best_bid": "0.999", "best_ask": "1"}, {"asset_id": "102432885077551242159113016851311280841043600194881798270351828946341838308519", "price": "0.001", "size": "108738.1", "side": "SELL", "hash": "05e33e7dd1a243dc81aab82bb5e0c2dd86de9050", "best_bid": "0", "best_ask": "0.001"}], "timestamp": "1769384029722", "event_type": "price_change"}}
{"_local_timestamp": "2026-01-25T23:33:51.627764+00:00", "data": {"market": "0x8d10b2c043d8d40857a22347d9cbba9794abbe7477c71ada6dc409c89f148739", "price_changes": [{"asset_id": "66405822325694340926749815933341507926892696879883099194228778094076937329669", "price": "0.999", "size": "108893.1", "side": "BUY", "hash": "44660057c2c924868ae77f16b3595d42f839cf52", "best_bid": "0.999", "best_ask": "1"}, {"asset_id": "102432885077551242159113016851311280841043600194881798270351828946341838308519", "price": "0.001", "size": "108893.1", "side": "SELL", "hash": "6a2d55a4aaa2791e75a05eda81a375e8c7e22f64", "best_bid": "0", "best_ask": "0.001"}], "timestamp": "1769384031551", "event_type": "price_change"}}
{"_local_timestamp": "2026-01-25T23:33:51.628871+00:00", "data": {"market": "0xa0f0cce5d67cf27b5a7c91b8be7346b09fc9bac7da17e37587ecce9b837a961a", "price_changes": [{"asset_id": "52699712428901962192736027833996903528867458158535165017805057452306566093962", "price": "0.999", "size": "108893.1", "side": "BUY", "hash": "361de6b8daf9da55a27f2917bfb678fdd26f9dd9", "best_bid": "0.999", "best_ask": "1"}, {"asset_id": "97559399235955958752928269387133709066779606157400190343072576353734416363060", "price": "0.001", "size": "108893.1", "side": "SELL", "hash": "ad0a32378c33edd90d7ba3388116e49951821f30", "best_bid": "0", "best_ask": "0.001"}], "timestamp": "1769384031552", "event_type": "price_change"}}
{"_local_timestamp": "2026-01-25T23:33:52.621949+00:00", "data": {"market": "0xa0f0cce5d67cf27b5a7c91b8be7346b09fc9bac7da17e37587ecce9b837a961a", "price_changes": [{"asset_id": "52699712428901962192736027833996903528867458158535165017805057452306566093962", "price": "0.999", "size": "109047.1", "side": "BUY", "hash": "cc730625d091f5d8740a58befb39fe754c4bf015", "best_bid": "0.999", "best_ask": "1"}, {"asset_id": "97559399235955958752928269387133709066779606157400190343072576353734416363060", "price": "0.001", "size": "109047.1", "side": "SELL", "hash": "de3b90eaa94d47a01e50359d3886c433d2a52268", "best_bid": "0", "best_ask": "0.001"}], "timestamp": "1769384032534", "event_type": "price_change"}}
{"_local_timestamp": "2026-01-25T23:33:52.626319+00:00", "data": {"market": "0x8d10b2c043d8d40857a22347d9cbba9794abbe7477c71ada6dc409c89f148739", "price_changes": [{"asset_id": "66405822325694340926749815933341507926892696879883099194228778094076937329669", "price": "0.999", "size": "109047.1", "side": "BUY", "hash": "a71f36399a39dcffc24fd1c146987b4a8b9f6a0c", "best_bid": "0.999", "best_ask": "1"}, {"asset_id": "102432885077551242159113016851311280841043600194881798270351828946341838308519", "price": "0.001", "size": "109047.1", "side": "SELL", "hash": "98663330b1212df14ffaf55f5eb3961c2d058f51", "best_bid": "0", "best_ask": "0.001"}], "timestamp": "1769384032533", "event_type": "price_change"}}
{"_local_timestamp": "2026-01-25T23:33:52.996333+00:00", "data": {"market": "0x8d10b2c043d8d40857a22347d9cbba9794abbe7477c71ada6dc409c89f148739", "price_changes": [{"asset_id": "66405822325694340926749815933341507926892696879883099194228778094076937329669", "price": "0.999", "size": "109200.1", "side": "BUY", "hash": "66e5ee23423e93424a4d3f8732f142f2e95e3e96", "best_bid": "0.999", "best_ask": "1"}, {"asset_id": "102432885077551242159113016851311280841043600194881798270351828946341838308519", "price": "0.001", "size": "109200.1", "side": "SELL", "hash": "5b4c3106657e84002ef694f78d6e94ca427a92c1", "best_bid": "0", "best_ask": "0.001"}], "timestamp": "1769384032904", "event_type": "price_change"}}
{"_local_timestamp": "2026-01-25T23:33:52.997249+00:00", "data": {"market": "0xa0f0cce5d67cf27b5a7c91b8be7346b09fc9bac7da17e37587ecce9b837a961a", "price_changes": [{"asset_id": "52699712428901962192736027833996903528867458158535165017805057452306566093962", "price": "0.999", "size": "109200.1", "side": "BUY", "hash": "67ddc85274d2a0ee97cc556b7bbdcadd92faf4f2", "best_bid": "0.999", "best_ask": "1"}, {"asset_id": "97559399235955958752928269387133709066779606157400190343072576353734416363060", "price": "0.001", "size": "109200.1", "side": "SELL", "hash": "92aac55faf4eacab70d69b3a6ef3429cbc97b9bd", "best_bid": "0", "best_ask": "0.001"}], "timestamp": "1769384032904", "event_type": "price_change"}}
{"_local_timestamp": "2026-01-25T23:33:54.555730+00:00", "data": {"market": "0x8d10b2c043d8d40857a22347d9cbba9794abbe7477c71ada6dc409c89f148739", "price_changes": [{"asset_id": "66405822325694340926749815933341507926892696879883099194228778094076937329669", "price": "0.999", "size": "109237.1", "side": "BUY", "hash": "4a6e5590965bc00a4bd55f4785a4826225387570", "best_bid": "0.999", "best_ask": "1"}, {"asset_id": "102432885077551242159113016851311280841043600194881798270351828946341838308519", "price": "0.001", "size": "109237.1", "side": "SELL", "hash": "442d6236525bb332824838474e933ca27d28d497", "best_bid": "0", "best_ask": "0.001"}], "timestamp": "1769384034483", "event_type": "price_change"}}
{"_local_timestamp": "2026-01-25T23:33:54.575451+00:00", "data": {"market": "0xa0f0cce5d67cf27b5a7c91b8be7346b09fc9bac7da17e37587ecce9b837a961a", "price_changes": [{"asset_id": "52699712428901962192736027833996903528867458158535165017805057452306566093962", "price": "0.999", "size": "109237.1", "side": "BUY", "hash": "38ee452e68f2ca2561d95fee29e02dc84e1fd81c", "best_bid": "0.999", "best_ask": "1"}, {"asset_id": "97559399235955958752928269387133709066779606157400190343072576353734416363060", "price": "0.001", "size": "109237.1", "side": "SELL", "hash": "18e25e05efb0c973b0237087bfea0332caab6cbc", "best_bid": "0", "best_ask": "0.001"}], "timestamp": "1769384034484", "event_type": "price_change"}}
{"_local_timestamp": "2026-01-25T23:33:55.235885+00:00", "data": {"market": "0xa0f0cce5d67cf27b5a7c91b8be7346b09fc9bac7da17e37587ecce9b837a961a", "price_changes": [{"asset_id": "52699712428901962192736027833996903528867458158535165017805057452306566093962", "price": "0.999", "size": "109273.1", "side": "BUY", "hash": "271c19c6c26c622a751a9c9fea599f6421ed0d0c", "best_bid": "0.999", "best_ask": "1"}, {"asset_id": "97559399235955958752928269387133709066779606157400190343072576353734416363060", "price": "0.001", "size": "109273.1", "side": "SELL", "hash": "346a38fcb8abf43cbb91b454a37f3eb689477d41", "best_bid": "0", "best_ask": "0.001"}], "timestamp": "1769384035131", "event_type": "price_change"}}
{"_local_timestamp": "2026-01-25T23:33:55.236361+00:00", "data": {"market": "0x8d10b2c043d8d40857a22347d9cbba9794abbe7477c71ada6dc409c89f148739", "price_changes": [{"asset_id": "66405822325694340926749815933341507926892696879883099194228778094076937329669", "price": "0.999", "size": "109273.1", "side": "BUY", "hash": "8106cbfa36c8c1f24ad6795917933a507af0486d", "best_bid": "0.999", "best_ask": "1"}, {"asset_id": "102432885077551242159113016851311280841043600194881798270351828946341838308519", "price": "0.001", "size": "109273.1", "side": "SELL", "hash": "85322efa721dd94fbb93b9001e1f3b8c4499d7e0", "best_bid": "0", "best_ask": "0.001"}], "timestamp": "1769384035132", "event_type": "price_change"}}
{"_local_timestamp": "2026-01-25T23:33:55.615975+00:00", "data": {"market": "0x8d10b2c043d8d40857a22347d9cbba9794abbe7477c71ada6dc409c89f148739", "price_changes": [{"asset_id": "66405822325694340926749815933341507926892696879883099194228778094076937329669", "price": "0.999", "size": "109308.1", "side": "BUY", "hash": "90e0d3ca316bc19abc3a0b480ce09287437ba0a9", "best_bid": "0.999", "best_ask": "1"}, {"asset_id": "102432885077551242159113016851311280841043600194881798270351828946341838308519", "price": "0.001", "size": "109308.1", "side": "SELL", "hash": "4a45c40b0e4cc4989927505e2cff32ddceedd1c4", "best_bid": "0", "best_ask": "0.001"}], "timestamp": "1769384035536", "event_type": "price_change"}}
{"_local_timestamp": "2026-01-25T23:33:55.617870+00:00", "data": {"market": "0xa0f0cce5d67cf27b5a7c91b8be7346b09fc9bac7da17e37587ecce9b837a961a", "price_changes": [{"asset_id": "52699712428901962192736027833996903528867458158535165017805057452306566093962", "price": "0.999", "size": "109308.1", "side": "BUY", "hash": "6f712a1f89071cf0c3df0c4e488076504b6bc3ad", "best_bid": "0.999", "best_ask": "1"}, {"asset_id": "97559399235955958752928269387133709066779606157400190343072576353734416363060", "price": "0.001", "size": "109308.1", "side": "SELL", "hash": "63466a20c2a59fe9cb39ec2ac67da8ea8b099e66", "best_bid": "0", "best_ask": "0.001"}], "timestamp": "1769384035535", "event_type": "price_change"}}
