{"_local_timestamp": "2026-01-25T23:41:02.694354+00:00", "data": [{"market": "0x906155783777dff59b80b6fa752dee1d60f2671ca7f9f28fdb421b2fbe77ef99", "asset_id": "114482566877781218256939008299101201472855964174424569280251904133053249006365", "timestamp": "1769384461065", "hash": "85a2e01941de0dc1a1a46b9712ac8d4affad0b90", "bids": [{"price": "0.001", "size": "220.52"}, {"price": "0.002", "size": "5.98"}], "asks": [{"price": "0.999", "size": "110.03"}, {"price": "0.998", "size": "7.48"}, {"price": "0.98", "size": "2000"}, {"price": "0.979", "size": "42.38"}, {"price": "0.978", "size": "7"}, {"price": "0.548", "size": "10"}], "event_type": "book", "last_trade_price": ""}, {"market": "0x906155783777dff59b80b6fa752dee1d60f2671ca7f9f28fdb421b2fbe77ef99", "asset_id": "21596757527068792226728139038798911034149570857908587202415552206953926074928", "timestamp": "1769384461065", "hash": "ce5e2e98d337ce236eaed9b9a811e6fc626c50db", "bids": [{"price": "0.001", "size": "110.03"}, {"price": "0.002", "size": "7.48"}, {"price": "0.02", "size": "2000"}, {"price": "0.021", "size": "42.38"}, {"price": "0.022", "size": "7"}, {"price": "0.452", "size": "10"}], "asks": [{"price": "0.999", "size": "220.52"}, {"price": "0.998", "size": "5.98"}], "event_type": "book", "last_trade_price": ""}]}
{"_local_timestamp": "2026-01-25T23:41:24.287693+00:00", "data": {"market": "0x906155783777dff59b80b6fa752dee1d60f2671ca7f9f28fdb421b2fbe77ef99", "price_changes": [{"asset_id": "114482566877781218256939008299101201472855964174424569280251904133053249006365", "price": "0.548", "size": "0", "side": "SELL", "hash": "afffeef28e448ba5ce0623d986a35b9fb31eabe1", "best_bid": "0.002", "best_ask": "0.978"}, {"asset_id": "21596757527068792226728139038798911034149570857908587202415552206953926074928", "price": "0.452", "size": "0", "side": "BUY", "hash": "ceeafa86021d9c31c7a014080c6de13b50f65ca1", "best_bid": "0.022", "best_ask": "0.998"}], "timestamp": "1769384484199", "event_type": "price_change"}}
{"_local_timestamp": "2026-01-25T23:41:24.732329+00:00", "data": {"market": "0x906155783777dff59b80b6fa752dee1d60f2671ca7f9f28fdb421b2fbe77ef99", "price_changes": [{"asset_id": "114482566877781218256939008299101201472855964174424569280251904133053249006365", "price": "0.547", "size": "10", "side": "SELL", "hash": "21f772d46b71298515b83519fcf8769c38dfeae1", "best_bid": "0.002", "best_ask": "0.547"}, {"asset_id": "21596757527068792226728139038798911034149570857908587202415552206953926074928", "price": "0.453", "size": "10", "side": "BUY", "hash": "1bf87d39b9ef8d56fbc53122ba58e6c7b021eb7b", "best_bid": "0.453", "best_ask": "0.998"}], "timestamp": "1769384484647", "event_type": "price_change"}}
{"_local_timestamp": "2026-01-25T23:41:44.504006+00:00", "data": {"market": "0x906155783777dff59b80b6fa752dee1d60f2671ca7f9f28fdb421b2fbe77ef99", "price_changes": [{"asset_id": "114482566877781218256939008299101201472855964174424569280251904133053249006365", "price": "0.547", "size": "0", "side": "SELL", "hash": "081f550f95955a107fe1acdd0682ac2c7dcb1782", "best_bid": "0.002", "best_ask": "0.978"}, {"asset_id": "21596757527068792226728139038798911034149570857908587202415552206953926074928", "price": "0.453", "size": "0", "side": "BUY", "hash": "a162ce0c4eff32d97648424d01a1ddf13b712ca9", "best_bid": "0.022", "best_ask": "0.998"}], "timestamp": "1769384504426", "event_type": "price_change"}}
{"_local_timestamp": "2026-01-25T23:41:44.927815+00:00", "data": {"market": "0x906155783777dff59b80b6fa752dee1d60f2671ca7f9f28fdb421b2fbe77ef99", "price_changes": [{"asset_id": "114482566877781218256939008299101201472855964174424569280251904133053249006365", "price": "0.546", "size": "10", "side": "SELL", "hash": "a38571789756b2c3b06455e4430d0dadac126a34", "best_bid": "0.002", "best_ask": "0.546"}, {"asset_id": "21596757527068792226728139038798911034149570857908587202415552206953926074928", "price": "0.454", "size": "10", "side": "BUY", "hash": "64fe668c756c32dbce7e0d61f7768bb5617c3899", "best_bid": "0.454", "best_ask": "0.998"}], "timestamp": "1769384504854", "event_type": "price_change"}}
{"_local_timestamp": "2026-01-25T23:42:04.671591+00:00", "data": {"market": "0x906155783777dff59b80b6fa752dee1d60f2671ca7f9f28fdb421b2fbe77ef99", "price_changes": [{"asset_id": "114482566877781218256939008299101201472855964174424569280251904133053249006365", "price": "0.546", "size": "0", "side": "SELL", "hash": "7bbad9370fb9c518085544979e74c8462f3e038b", "best_bid": "0.002", "best_ask": "0.978"}, {"asset_id": "21596757527068792226728139038798911034149570857908587202415552206953926074928", "price": "0.454", "size": "0", "side": "BUY", "hash": "098acb51861d824e434f6ac2c1f1ca22de696053", "best_bid": "0.022", "best_ask": "0.998"}], "timestamp": "1769384524599", "event_type": "price_change"}}
{"_local_timestamp": "2026-01-25T23:42:05.156497+00:00", "data": {"market": "0x906155783777dff59b80b6fa752dee1d60f2671ca7f9f28fdb421b2fbe77ef99", "price_changes": [{"asset_id": "114482566877781218256939008299101201472855964174424569280251904133053249006365", "price": "0.545", "size": "10", "side": "SELL", "hash": "a72d943a0bf8a179e4913d8ef479846f63e51fb8", "best_bid": "0.002", "best_ask": "0.545"}, {"asset_id": "21596757527068792226728139038798911034149570857908587202415552206953926074928", "price": "0.455", "size": "10", "side": "BUY", "hash": "e7eb24b3b6e2e77c1c475f2d41ebdaae163a3dbe", "best_bid": "0.455", "best_ask": "0.998"}], "timestamp": "1769384525027", "event_type": "price_change"}}
{"_local_timestamp": "2026-01-25T23:42:26.012505+00:00", "data": {"market": "0x906155783777dff59b80b6fa752dee1d60f2671ca7f9f28fdb421b2fbe77ef99", "price_changes": [{"asset_id": "114482566877781218256939008299101201472855964174424569280251904133053249006365", "price": "0.545", "size": "0", "side": "SELL", "hash": "bd59d0e401eadbacadc6cdb237f6325f50bff60a", "best_bid": "0.002", "best_ask": "0.978"}, {"asset_id": "21596757527068792226728139038798911034149570857908587202415552206953926074928", "price": "0.455", "size": "0", "side": "BUY", "hash": "5585b0dab6a6cc42bbb53d2eb92972b3adde1acd", "best_bid": "0.022", "best_ask": "0.998"}], "timestamp": "1769384545894", "event_type": "price_change"}}
{"_local_timestamp": "2026-01-25T23:42:26.421006+00:00", "data": {"market": "0x906155783777dff59b80b6fa752dee1d60f2671ca7f9f28fdb421b2fbe77ef99", "price_changes": [{"asset_id": "114482566877781218256939008299101201472855964174424569280251904133053249006365", "price": "0.544", "size": "10", "side": "SELL", "hash": "149b688e82114b0f05a76b41d4bd8230a009cea8", "best_bid": "0.002", "best_ask": "0.544"}, {"asset_id": "21596757527068792226728139038798911034149570857908587202415552206953926074928", "price": "0.456", "size": "10", "side": "BUY", "hash": "01aecbbe78e92f6dd3fbc521b509bf7f27bcf707", "best_bid": "0.456", "best_ask": "0.998"}], "timestamp": "1769384546298", "event_type": "price_change"}}
{"_local_timestamp": "2026-01-25T23:42:48.061341+00:00", "data": {"market": "0x906155783777dff59b80b6fa752dee1d60f2671ca7f9f28fdb421b2fbe77ef99", "price_changes": [{"asset_id": "114482566877781218256939008299101201472855964174424569280251904133053249006365", "price": "0.544", "size": "0", "side": "SELL", "hash": "51199c56de9b77ebe1d9e0f8ceaf044d40f437a7", "best_bid": "0.002", "best_ask": "0.978"}, {"asset_id": "21596757527068792226728139038798911034149570857908587202415552206953926074928", "price": "0.456", "size": "0", "side": "BUY", "hash": "2f542de352d0c80e5c7615da5cdf555ae3d35bdb", "best_bid": "0.022", "best_ask": "0.998"}], "timestamp": "1769384567935", "event_type": "price_change"}}
{"_local_timestamp": "2026-01-25T23:42:48.453515+00:00", "data": {"market": "0x906155783777dff59b80b6fa752dee1d60f2671ca7f9f28fdb421b2fbe77ef99", "price_changes": [{"asset_id": "114482566877781218256939008299101201472855964174424569280251904133053249006365", "price": "0.543", "size": "10", "side": "SELL", "hash": "89bce48433a57bba8c69f9a52235222afda72275", "best_bid": "0.002", "best_ask": "0.543"}, {"asset_id": "21596757527068792226728139038798911034149570857908587202415552206953926074928", "price": "0.457", "size": "10", "side": "BUY", "hash": "3bf767482ba8874c1cc9d020427e69b58e4e7ca7", "best_bid": "0.457", "best_ask": "0.998"}], "timestamp": "1769384568335", "event_type": "price_change"}}
{"_local_timestamp": "2026-01-25T23:43:10.177286+00:00", "data": {"market": "0x906155783777dff59b80b6fa752dee1d60f2671ca7f9f28fdb421b2fbe77ef99", "price_changes": [{"asset_id": "114482566877781218256939008299101201472855964174424569280251904133053249006365", "price": "0.543", "size": "0", "side": "SELL", "hash": "bc332533717c29e842f355663f4087a13ddd12b3", "best_bid": "0.002", "best_ask": "0.978"}, {"asset_id": "21596757527068792226728139038798911034149570857908587202415552206953926074928", "price": "0.457", "size": "0", "side": "BUY", "hash": "24ee3f89c5ce6b2103eb363b48a761a9ac297217", "best_bid": "0.022", "best_ask": "0.998"}], "timestamp": "1769384590071", "event_type": "price_change"}}
{"_local_timestamp": "2026-01-25T23:43:10.675321+00:00", "data": {"market": "0x906155783777dff59b80b6fa752dee1d60f2671ca7f9f28fdb421b2fbe77ef99", "price_changes": [{"asset_id": "114482566877781218256939008299101201472855964174424569280251904133053249006365", "price": "0.542", "size": "10", "side": "SELL", "hash": "1854b589e8103c6ca521790a74db706961c17409", "best_bid": "0.002", "best_ask": "0.542"}, {"asset_id": "21596757527068792226728139038798911034149570857908587202415552206953926074928", "price": "0.458", "size": "10", "side": "BUY", "hash": "3666e1004d9cf25e711c5e04046db61541300ce7", "best_bid": "0.458", "best_ask": "0.998"}], "timestamp": "1769384590560", "event_type": "price_change"}}
{"_local_timestamp": "2026-01-25T23:43:32.651267+00:00", "data": {"market": "0x906155783777dff59b80b6fa752dee1d60f2671ca7f9f28fdb421b2fbe77ef99", "price_changes": [{"asset_id": "114482566877781218256939008299101201472855964174424569280251904133053249006365", "price": "0.542", "size": "0", "side": "SELL", "hash": "bbacac7b4770bfd8a029f89e1d2a1976b23d49cd", "best_bid": "0.002", "best_ask": "0.978"}, {"asset_id": "21596757527068792226728139038798911034149570857908587202415552206953926074928", "price": "0.458", "size": "0", "side": "BUY", "hash": "036a772c8f4acf88d0f701fcfdd788c910371c2a", "best_bid": "0.022", "best_ask": "0.998"}], "timestamp": "1769384612522", "event_type": "price_change"}}
{"_local_timestamp": "2026-01-25T23:43:33.157100+00:00", "data": {"market": "0x906155783777dff59b80b6fa752dee1d60f2671ca7f9f28fdb421b2fbe77ef99", "price_changes": [{"asset_id": "114482566877781218256939008299101201472855964174424569280251904133053249006365", "price": "0.541", "size": "10", "side": "SELL", "hash": "a448eb108a4d1023fecc6422925441fcd278127e", "best_bid": "0.002", "best_ask": "0.541"}, {"asset_id": "21596757527068792226728139038798911034149570857908587202415552206953926074928", "price": "0.459", "size": "10", "side": "BUY", "hash": "ef0ce171a6d6cd548423189fc4b5046485e9150d", "best_bid": "0.459", "best_ask": "0.998"}], "timestamp": "1769384613031", "event_type": "price_change"}}
{"_local_timestamp": "2026-01-25T23:43:54.701658+00:00", "data": {"market": "0x906155783777dff59b80b6fa752dee1d60f2671ca7f9f28fdb421b2fbe77ef99", "price_changes": [{"asset_id": "114482566877781218256939008299101201472855964174424569280251904133053249006365", "price": "0.541", "size": "0", "side": "SELL", "hash": "cc69c392ceb576932951ad8b4c77cebb31d54b82", "best_bid": "0.002", "best_ask": "0.978"}, {"asset_id": "21596757527068792226728139038798911034149570857908587202415552206953926074928", "price": "0.459", "size": "0", "side": "BUY", "hash": "e117316ee0c6aaef4298eebac98d0cf322d10c8b", "best_bid": "0.022", "best_ask": "0.998"}], "timestamp": "1769384634554", "event_type": "price_change"}}
{"_local_timestamp": "2026-01-25T23:43:55.117190+00:00", "data": {"market": "0x906155783777dff59b80b6fa752dee1d60f2671ca7f9f28fdb421b2fbe77ef99", "price_changes": [{"asset_id": "114482566877781218256939008299101201472855964174424569280251904133053249006365", "price": "0.54", "size": "10", "side": "SELL", "hash": "e9f2bd6c8b413ec5b3ac76a42290b3fc4741a4c3", "best_bid": "0.002", "best_ask": "0.54"}, {"asset_id": "21596757527068792226728139038798911034149570857908587202415552206953926074928", "price": "0.46", "size": "10", "side": "BUY", "hash": "14e1872f6d2005dce28770237aee5c7f65dddce0", "best_bid": "0.46", "best_ask": "0.998"}], "timestamp": "1769384634967", "event_type": "price_change"}}
{"_local_timestamp": "2026-01-25T23:44:15.535090+00:00", "data": {"market": "0x906155783777dff59b80b6fa752dee1d60f2671ca7f9f28fdb421b2fbe77ef99", "price_changes": [{"asset_id": "114482566877781218256939008299101201472855964174424569280251904133053249006365", "price": "0.54", "size": "0", "side": "SELL", "hash": "871bb695d705e69d0c27480e2fb569f364893a77", "best_bid": "0.002", "best_ask": "0.978"}, {"asset_id": "21596757527068792226728139038798911034149570857908587202415552206953926074928", "price": "0.46", "size": "0", "side": "BUY", "hash": "2cfa43135fcb80e215b24317d11d9cdb62cdf033", "best_bid": "0.022", "best_ask": "0.998"}], "timestamp": "1769384655373", "event_type": "price_change"}}
{"_local_timestamp": "2026-01-25T23:44:15.971160+00:00", "data": {"market": "0x906155783777dff59b80b6fa752dee1d60f2671ca7f9f28fdb421b2fbe77ef99", "price_changes": [{"asset_id": "114482566877781218256939008299101201472855964174424569280251904133053249006365", "price": "0.539", "size": "10", "side": "SELL", "hash": "1780a35d8bf8ceb94f832885837ef41d10093a59", "best_bid": "0.002", "best_ask": "0.539"}, {"asset_id": "21596757527068792226728139038798911034149570857908587202415552206953926074928", "price": "0.461", "size": "10", "side": "BUY", "hash": "94730403ecffef288c121b3694c7427492be4ac4", "best_bid": "0.461", "best_ask": "0.998"}], "timestamp": "1769384655792", "event_type": "price_change"}}
{"_local_timestamp": "2026-01-25T23:44:37.097221+00:00", "data": {"market": "0x906155783777dff59b80b6fa752dee1d60f2671ca7f9f28fdb421b2fbe77ef99", "price_changes": [{"asset_id": "114482566877781218256939008299101201472855964174424569280251904133053249006365", "price": "0.539", "size": "0", "side": "SELL", "hash": "543bb6df1f415dac8aa39654aa68a276c7a4c178", "best_bid": "0.002", "best_ask": "0.978"}, {"asset_id": "21596757527068792226728139038798911034149570857908587202415552206953926074928", "price": "0.461", "size": "0", "side": "BUY", "hash": "b4d6f4503f938c8638fc20c825c45206098656a5", "best_bid": "0.022", "best_ask": "0.998"}], "timestamp": "1769384676820", "event_type": "price_change"}}
{"_local_timestamp": "2026-01-25T23:44:37.552665+00:00", "data": {"market": "0x906155783777dff59b80b6fa752dee1d60f2671ca7f9f28fdb421b2fbe77ef99", "price_changes": [{"asset_id": "114482566877781218256939008299101201472855964174424569280251904133053249006365", "price": "0.538", "size": "10", "side": "SELL", "hash": "cde2dc00aecc83933e409032101ea265b386b6e7", "best_bid": "0.002", "best_ask": "0.538"}, {"asset_id": "21596757527068792226728139038798911034149570857908587202415552206953926074928", "price": "0.462", "size": "10", "side": "BUY", "hash": "4b50b2e894fc9e052f6c79b030bd8ff82bf0e003", "best_bid": "0.462", "best_ask": "0.998"}], "timestamp": "1769384677276", "event_type": "price_change"}}
{"_local_timestamp": "2026-01-25T23:45:01.109025+00:00", "data": {"market": "0x906155783777dff59b80b6fa752dee1d60f2671ca7f9f28fdb421b2fbe77ef99", "price_changes": [{"asset_id": "114482566877781218256939008299101201472855964174424569280251904133053249006365", "price": "0.538", "size": "0", "side": "SELL", "hash": "4fdac6d830930e06a718e4d94c40035cafd384d4", "best_bid": "0.002", "best_ask": "0.978"}, {"asset_id": "21596757527068792226728139038798911034149570857908587202415552206953926074928", "price": "0.462", "size": "0", "side": "BUY", "hash": "e47d05a1c4fbdb1364a778afa4b1ea1f7d3e87c6", "best_bid": "0.022", "best_ask": "0.998"}], "timestamp": "1769384701028", "event_type": "price_change"}}
{"_local_timestamp": "2026-01-25T23:45:01.660598+00:00", "data": {"market": "0x906155783777dff59b80b6fa752dee1d60f2671ca7f9f28fdb421b2fbe77ef99", "price_changes": [{"asset_id": "114482566877781218256939008299101201472855964174424569280251904133053249006365", "price": "0.537", "size": "10", "side": "SELL", "hash": "49c1f374fc198005297d61c89e41dbb6a7369e9a", "best_bid": "0.002", "best_ask": "0.537"}, {"asset_id": "21596757527068792226728139038798911034149570857908587202415552206953926074928", "price": "0.463", "size": "10", "side": "BUY", "hash": "a1277191075dfcde95740a286e64fed8238c12ab", "best_bid": "0.463", "best_ask": "0.998"}], "timestamp": "1769384701589", "event_type": "price_change"}}
{"_local_timestamp": "2026-01-25T23:45:20.689950+00:00", "data": {"market": "0x906155783777dff59b80b6fa752dee1d60f2671ca7f9f28fdb421b2fbe77ef99", "price_changes": [{"asset_id": "21596757527068792226728139038798911034149570857908587202415552206953926074928", "price": "0.021", "size": "17.22", "side": "BUY", "hash": "046d7c7d138f252253af9c58cb4355c45bca663f", "best_bid": "0.463", "best_ask": "0.998"}, {"asset_id": "114482566877781218256939008299101201472855964174424569280251904133053249006365", "price": "0.979", "size": "17.22", "side": "SELL", "hash": "b35220d90d0fe71276af3659596c3ad27fa797c9", "best_bid": "0.002", "best_ask": "0.537"}], "timestamp": "1769384720618", "event_type": "price_change"}}
{"_local_timestamp": "2026-01-25T23:45:21.010577+00:00", "data": {"market": "0x906155783777dff59b80b6fa752dee1d60f2671ca7f9f28fdb421b2fbe77ef99", "price_changes": [{"asset_id": "21596757527068792226728139038798911034149570857908587202415552206953926074928", "price": "0.022", "size": "25.59", "side": "BUY", "hash": "2477a8efe95bbf5c4f5a8ccb06a16204d68c951c", "best_bid": "0.463", "best_ask": "0.998"}, {"asset_id": "114482566877781218256939008299101201472855964174424569280251904133053249006365", "price": "0.978", "size": "25.59", "side": "SELL", "hash": "505b7c51498c8590755a2aedb468608a08fada4c", "best_bid": "0.002", "best_ask": "0.537"}], "timestamp": "1769384720942", "event_type": "price_change"}}
{"_local_timestamp": "2026-01-25T23:45:21.011034+00:00", "data": {"market": "0x906155783777dff59b80b6fa752dee1d60f2671ca7f9f28fdb421b2fbe77ef99", "price_changes": [{"asset_id": "21596757527068792226728139038798911034149570857908587202415552206953926074928", "price": "0.023", "size": "5.18", "side": "BUY", "hash": "04c183a23d46e6dcb5aa9ef1d2425604c0907041", "best_bid": "0.463", "best_ask": "0.998"}, {"asset_id": "114482566877781218256939008299101201472855964174424569280251904133053249006365", "price": "0.977", "size": "5.18", "side": "SELL", "hash": "43205cd60279473b8bc328cf5947aa998cb72a45", "best_bid": "0.002", "best_ask": "0.537"}], "timestamp": "1769384720943", "event_type": "price_change"}}
{"_local_timestamp": "2026-01-25T23:45:21.678105+00:00", "data": {"market": "0x906155783777dff59b80b6fa752dee1d60f2671ca7f9f28fdb421b2fbe77ef99", "price_changes": [{"asset_id": "114482566877781218256939008299101201472855964174424569280251904133053249006365", "price": "0.978", "size": "18.59", "side": "SELL", "hash": "0233b5f5f9426f8e74689e22b44cba237f4859ac", "best_bid": "0.002", "best_ask": "0.537"}, {"asset_id": "21596757527068792226728139038798911034149570857908587202415552206953926074928", "price": "0.022", "size": "18.59", "side": "BUY", "hash": "9ee0cb9941b3306048d26db9eef39bec06becb2e", "best_bid": "0.463", "best_ask": "0.998"}], "timestamp": "1769384721597", "event_type": "price_change"}}
{"_local_timestamp": "2026-01-25T23:45:21.889151+00:00", "data": {"market": "0x906155783777dff59b80b6fa752dee1d60f2671ca7f9f28fdb421b2fbe77ef99", "price_changes": [{"asset_id": "114482566877781218256939008299101201472855964174424569280251904133053249006365", "price": "0.536", "size": "7", "side": "SELL", "hash": "e4aa8683904e4bc50a73425482376ab5a93c715f", "best_bid": "0.002", "best_ask": "0.536"}, {"asset_id": "21596757527068792226728139038798911034149570857908587202415552206953926074928", "price": "0.464", "size": "7", "side": "BUY", "hash": "783a944255ddcb0355a39d655efe2be4128dcb3b", "best_bid": "0.464", "best_ask": "0.998"}], "timestamp": "1769384721806", "event_type": "price_change"}}
{"_local_timestamp": "2026-01-25T23:45:23.596011+00:00", "data": {"market": "0x906155783777dff59b80b6fa752dee1d60f2671ca7f9f28fdb421b2fbe77ef99", "price_changes": [{"asset_id": "114482566877781218256939008299101201472855964174424569280251904133053249006365", "price": "0.537", "size": "0", "side": "SELL", "hash": "14b754becacbb4e0125eab95a654e499608ef3b9", "best_bid": "0.002", "best_ask": "0.536"}, {"asset_id": "21596757527068792226728139038798911034149570857908587202415552206953926074928", "price": "0.463", "size": "0", "side": "BUY", "hash": "787040e85179dd82c1d200c27e8415675f659d84", "best_bid": "0.464", "best_ask": "0.998"}], "timestamp": "1769384723527", "event_type": "price_change"}}
{"_local_timestamp": "2026-01-25T23:45:24.041856+00:00", "data": {"market": "0x906155783777dff59b80b6fa752dee1d60f2671ca7f9f28fdb421b2fbe77ef99", "price_changes": [{"asset_id": "114482566877781218256939008299101201472855964174424569280251904133053249006365", "price": "0.536", "size": "17", "side": "SELL", "hash": "11da8a855f5746f57528c3a91e2e45a2ee1ed12d", "best_bid": "0.002", "best_ask": "0.536"}, {"asset_id": "21596757527068792226728139038798911034149570857908587202415552206953926074928", "price": "0.464", "size": "17", "side": "BUY", "hash": "a9ce67e5583e1803266fab829391e9b64d9416d7", "best_bid": "0.464", "best_ask": "0.998"}], "timestamp": "1769384723975", "event_type": "price_change"}}
{"_local_timestamp": "2026-01-25T23:45:45.449637+00:00", "data": {"market": "0x906155783777dff59b80b6fa752dee1d60f2671ca7f9f28fdb421b2fbe77ef99", "price_changes": [{"asset_id": "114482566877781218256939008299101201472855964174424569280251904133053249006365", "price": "0.536", "size": "7", "side": "SELL", "hash": "b9f04a859de8846fbd8ad09ec35ff211c1c26b85", "best_bid": "0.002", "best_ask": "0.536"}, {"asset_id": "21596757527068792226728139038798911034149570857908587202415552206953926074928", "price": "0.464", "size": "7", "side": "BUY", "hash": "425862ff797ca295c694252333c696f59a9d6d81", "best_bid": "0.464", "best_ask": "0.998"}], "timestamp": "1769384745377", "event_type": "price_change"}}
{"_local_timestamp": "2026-01-25T23:45:45.874485+00:00", "data": {"market": "0x906155783777dff59b80b6fa752dee1d60f2671ca7f9f28fdb421b2fbe77ef99", "price_changes": [{"asset_id": "114482566877781218256939008299101201472855964174424569280251904133053249006365", "price": "0.535", "size": "10", "side": "SELL", "hash": "c62b59cbc8e23f419ec855a0cafca5d8fd6dff16", "best_bid": "0.002", "best_ask": "0.535"}, {"asset_id": "21596757527068792226728139038798911034149570857908587202415552206953926074928", "price": "0.465", "size": "10", "side": "BUY", "hash": "7f150ed4916447b800b3aa5732d88d7acfe53438", "best_bid": "0.465", "best_ask": "0.998"}], "timestamp": "1769384745800", "event_type": "price_change"}}
{"_local_timestamp": "2026-01-25T23:45:46.945356+00:00", "data": {"market": "0x906155783777dff59b80b6fa752dee1d60f2671ca7f9f28fdb421b2fbe77ef99", "price_changes": [{"asset_id": "114482566877781218256939008299101201472855964174424569280251904133053249006365", "price": "0.536", "size": "0", "side": "SELL", "hash": "7920b4fcd2b824133c377f73466d5d98e4dbde55", "best_bid": "0.002", "best_ask": "0.535"}, {"asset_id": "21596757527068792226728139038798911034149570857908587202415552206953926074928", "price": "0.464", "size": "0", "side": "BUY", "hash": "6eaec9b7a94bbe27f8ee04a291ae8578498c3068", "best_bid": "0.465", "best_ask": "0.998"}], "timestamp": "1769384746873", "event_type": "price_change"}}
{"_local_timestamp": "2026-01-25T23:45:47.613843+00:00", "data": {"market": "0x906155783777dff59b80b6fa752dee1d60f2671ca7f9f28fdb421b2fbe77ef99", "price_changes": [{"asset_id": "114482566877781218256939008299101201472855964174424569280251904133053249006365", "price": "0.534", "size": "7", "side": "SELL", "hash": "33b0fc1f530d071c95973bada8d0071e7df4e75d", "best_bid": "0.002", "best_ask": "0.534"}, {"asset_id": "21596757527068792226728139038798911034149570857908587202415552206953926074928", "price": "0.466", "size": "7", "side": "BUY", "hash": "bd74dbff499f526485082f0a4bff7816dc1eb27a", "best_bid": "0.466", "best_ask": "0.998"}], "timestamp": "1769384747547", "event_type": "price_change"}}
{"_local_timestamp": "2026-01-25T23:46:05.884641+00:00", "data": {"market": "0x906155783777dff59b80b6fa752dee1d60f2671ca7f9f28fdb421b2fbe77ef99", "price_changes": [{"asset_id": "114482566877781218256939008299101201472855964174424569280251904133053249006365", "price": "0.535", "size": "0", "side": "SELL", "hash": "865564a8ab48b1eb1cfb3c4f977d0d5fd77f8385", "best_bid": "0.002", "best_ask": "0.534"}, {"asset_id": "21596757527068792226728139038798911034149570857908587202415552206953926074928", "price": "0.465", "size": "0", "side": "BUY", "hash": "7fca36633e79479dc05088bf494fdc0caa3f75ee", "best_bid": "0.466", "best_ask": "0.998"}], "timestamp": "1769384765789", "event_type": "price_change"}}
{"_local_timestamp": "2026-01-25T23:46:06.297301+00:00", "data": {"market": "0x906155783777dff59b80b6fa752dee1d60f2671ca7f9f28fdb421b2fbe77ef99", "price_changes": [{"asset_id": "114482566877781218256939008299101201472855964174424569280251904133053249006365", "price": "0.533", "size": "10", "side": "SELL", "hash": "8fd658e0d95136214b57331ce2ddc1e3b7e9c1e8", "best_bid": "0.002", "best_ask": "0.533"}, {"asset_id": "21596757527068792226728139038798911034149570857908587202415552206953926074928", "price": "0.467", "size": "10", "side": "BUY", "hash": "75f378ffc0606ec1675bbc08f480bfda2a0d9684", "best_bid": "0.467", "best_ask": "0.998"}], "timestamp": "1769384766203", "event_type": "price_change"}}
{"_local_timestamp": "2026-01-25T23:46:08.002811+00:00", "data": {"market": "0x906155783777dff59b80b6fa752dee1d60f2671ca7f9f28fdb421b2fbe77ef99", "price_changes": [{"asset_id": "114482566877781218256939008299101201472855964174424569280251904133053249006365", "price": "0.534", "size": "0", "side": "SELL", "hash": "e007bd8d5234ba0a37fd697c1e819191c96f520f", "best_bid": "0.002", "best_ask": "0.533"}, {"asset_id": "21596757527068792226728139038798911034149570857908587202415552206953926074928", "price": "0.466", "size": "0", "side": "BUY", "hash": "a09e5cbd73d4362339e22aeae479d6cc5c308b34", "best_bid": "0.467", "best_ask": "0.998"}], "timestamp": "1769384767933", "event_type": "price_change"}}
{"_local_timestamp": "2026-01-25T23:46:08.783652+00:00", "data": {"market": "0x906155783777dff59b80b6fa752dee1d60f2671ca7f9f28fdb421b2fbe77ef99", "price_changes": [{"asset_id": "114482566877781218256939008299101201472855964174424569280251904133053249006365", "price": "0.532", "size": "7", "side": "SELL", "hash": "ee13c7da89043316406e65447daf24fd39de613f", "best_bid": "0.002", "best_ask": "0.532"}, {"asset_id": "21596757527068792226728139038798911034149570857908587202415552206953926074928", "price": "0.468", "size": "7", "side": "BUY", "hash": "ca1cb85d9a43e40718ef73ee3b36d701593c39bc", "best_bid": "0.468", "best_ask": "0.998"}], "timestamp": "1769384768707", "event_type": "price_change"}}
{"_local_timestamp": "2026-01-25T23:46:27.029646+00:00", "data": {"market": "0x906155783777dff59b80b6fa752dee1d60f2671ca7f9f28fdb421b2fbe77ef99", "price_changes": [{"asset_id": "114482566877781218256939008299101201472855964174424569280251904133053249006365", "price": "0.533", "size": "0", "side": "SELL", "hash": "f9165c021bb25de11ed785caf49ae8fc05439e06", "best_bid": "0.002", "best_ask": "0.532"}, {"asset_id": "21596757527068792226728139038798911034149570857908587202415552206953926074928", "price": "0.467", "size": "0", "side": "BUY", "hash": "8d0dfc696c0a79d0abc9f094d00950203b7724af", "best_bid": "0.468", "best_ask": "0.998"}], "timestamp": "1769384786924", "event_type": "price_change"}}
{"_local_timestamp": "2026-01-25T23:46:27.461151+00:00", "data": {"market": "0x906155783777dff59b80b6fa752dee1d60f2671ca7f9f28fdb421b2fbe77ef99", "price_changes": [{"asset_id": "114482566877781218256939008299101201472855964174424569280251904133053249006365", "price": "0.531", "size": "10", "side": "SELL", "hash": "606ae8cf46ec9ff85804c5838055c2e867a2794c", "best_bid": "0.002", "best_ask": "0.531"}, {"asset_id": "21596757527068792226728139038798911034149570857908587202415552206953926074928", "price": "0.469", "size": "10", "side": "BUY", "hash": "644c5d8ab6ab96553d241a0da37a7ad817a7a7c6", "best_bid": "0.469", "best_ask": "0.998"}], "timestamp": "1769384787375", "event_type": "price_change"}}
{"_local_timestamp": "2026-01-25T23:46:28.868669+00:00", "data": {"market": "0x906155783777dff59b80b6fa752dee1d60f2671ca7f9f28fdb421b2fbe77ef99", "price_changes": [{"asset_id": "114482566877781218256939008299101201472855964174424569280251904133053249006365", "price": "0.532", "size": "0", "side": "SELL", "hash": "7d805f52381ed4cd0e67aafd81e6d3d5697dff05", "best_bid": "0.002", "best_ask": "0.531"}, {"asset_id": "21596757527068792226728139038798911034149570857908587202415552206953926074928", "price": "0.468", "size": "0", "side": "BUY", "hash": "2f64dc5f14913768f87456da724bf65cf00c7b39", "best_bid": "0.469", "best_ask": "0.998"}], "timestamp": "1769384788742", "event_type": "price_change"}}
{"_local_timestamp": "2026-01-25T23:46:30.068852+00:00", "data": {"market": "0x906155783777dff59b80b6fa752dee1d60f2671ca7f9f28fdb421b2fbe77ef99", "price_changes": [{"asset_id": "114482566877781218256939008299101201472855964174424569280251904133053249006365", "price": "0.53", "size": "7", "side": "SELL", "hash": "3dc0dedaca84a5b2f3ac21ea32c452b33d37e7c5", "best_bid": "0.002", "best_ask": "0.53"}, {"asset_id": "21596757527068792226728139038798911034149570857908587202415552206953926074928", "price": "0.47", "size": "7", "side": "BUY", "hash": "10aea833a7ac1d00c6a5b23b078bd226bd35c39f", "best_bid": "0.47", "best_ask": "0.998"}], "timestamp": "1769384789967", "event_type": "price_change"}}
{"_local_timestamp": "2026-01-25T23:46:49.655588+00:00", "data": {"market": "0x906155783777dff59b80b6fa752dee1d60f2671ca7f9f28fdb421b2fbe77ef99", "price_changes": [{"asset_id": "114482566877781218256939008299101201472855964174424569280251904133053249006365", "price": "0.531", "size": "0", "side": "SELL", "hash": "f0aee6991bba2c6819f332d2b350d5f103a4a1e6", "best_bid": "0.002", "best_ask": "0.53"}, {"asset_id": "21596757527068792226728139038798911034149570857908587202415552206953926074928", "price": "0.469", "size": "0", "side": "BUY", "hash": "f7d883b13f48837e76e74b901744316701e9ce53", "best_bid": "0.47", "best_ask": "0.998"}], "timestamp": "1769384809579", "event_type": "price_change"}}
{"_local_timestamp": "2026-01-25T23:46:50.111664+00:00", "data": {"market": "0x906155783777dff59b80b6fa752dee1d60f2671ca7f9f28fdb421b2fbe77ef99", "price_changes": [{"asset_id": "114482566877781218256939008299101201472855964174424569280251904133053249006365", "price": "0.529", "size": "10", "side": "SELL", "hash": "b1c42f68ceecfbd4003bb686d6c1d8c07cdf2ead", "best_bid": "0.002", "best_ask": "0.529"}, {"asset_id": "21596757527068792226728139038798911034149570857908587202415552206953926074928", "price": "0.471", "size": "10", "side": "BUY", "hash": "040beeae0817f5dd3f33cfd1b88d2b9f4ff1be9a", "best_bid": "0.471", "best_ask": "0.998"}], "timestamp": "1769384809990", "event_type": "price_change"}}
{"_local_timestamp": "2026-01-25T23:46:51.694357+00:00", "data": {"market": "0x906155783777dff59b80b6fa752dee1d60f2671ca7f9f28fdb421b2fbe77ef99", "price_changes": [{"asset_id": "114482566877781218256939008299101201472855964174424569280251904133053249006365", "price": "0.53", "size": "0", "side": "SELL", "hash": "dd6c66844a679add407bd44dd4027e8f5389a812", "best_bid": "0.002", "best_ask": "0.529"}, {"asset_id": "21596757527068792226728139038798911034149570857908587202415552206953926074928", "price": "0.47", "size": "0", "side": "BUY", "hash": "a95720c54f289df67bbba642f3a1aeddd41c9d38", "best_bid": "0.471", "best_ask": "0.998"}], "timestamp": "1769384811324", "event_type": "price_change"}}
{"_local_timestamp": "2026-01-25T23:46:51.962521+00:00", "data": {"market": "0x906155783777dff59b80b6fa752dee1d60f2671ca7f9f28fdb421b2fbe77ef99", "price_changes": [{"asset_id": "114482566877781218256939008299101201472855964174424569280251904133053249006365", "price": "0.528", "size": "7", "side": "SELL", "hash": "b54c597411e22251e871892134a0e25c8adf284d", "best_bid": "0.002", "best_ask": "0.528"}, {"asset_id": "21596757527068792226728139038798911034149570857908587202415552206953926074928", "price": "0.472", "size": "7", "side": "BUY", "hash": "3176b52826135ef8d28addc587dc266152f9b1d4", "best_bid": "0.472", "best_ask": "0.998"}], "timestamp": "1769384811890", "event_type": "price_change"}}
{"_local_timestamp": "2026-01-25T23:47:13.338358+00:00", "data": {"market": "0x906155783777dff59b80b6fa752dee1d60f2671ca7f9f28fdb421b2fbe77ef99", "price_changes": [{"asset_id": "114482566877781218256939008299101201472855964174424569280251904133053249006365", "price": "0.529", "size": "0", "side": "SELL", "hash": "72d908c7edcdc2320c42ce15afb9521e50bdb214", "best_bid": "0.002", "best_ask": "0.528"}, {"asset_id": "21596757527068792226728139038798911034149570857908587202415552206953926074928", "price": "0.471", "size": "0", "side": "BUY", "hash": "8788b39c8f4c31f6f0bed323f6ebca979265de5b", "best_bid": "0.472", "best_ask": "0.998"}], "timestamp": "1769384833257", "event_type": "price_change"}}
{"_local_timestamp": "2026-01-25T23:47:13.778406+00:00", "data": {"market": "0x906155783777dff59b80b6fa752dee1d60f2671ca7f9f28fdb421b2fbe77ef99", "price_changes": [{"asset_id": "114482566877781218256939008299101201472855964174424569280251904133053249006365", "price": "0.527", "size": "10", "side": "SELL", "hash": "50f4c24d997d4a29cb27fb58457907ac65aff5db", "best_bid": "0.002", "best_ask": "0.527"}, {"asset_id": "21596757527068792226728139038798911034149570857908587202415552206953926074928", "price": "0.473", "size": "10", "side": "BUY", "hash": "65bb24258f358fe279702f73b8908950d9d15c8f", "best_bid": "0.473", "best_ask": "0.998"}], "timestamp": "1769384833705", "event_type": "price_change"}}
{"_local_timestamp": "2026-01-25T23:47:13.783264+00:00", "data": {"market": "0x906155783777dff59b80b6fa752dee1d60f2671ca7f9f28fdb421b2fbe77ef99", "price_changes": [{"asset_id": "114482566877781218256939008299101201472855964174424569280251904133053249006365", "price": "0.528", "size": "0", "side": "SELL", "hash": "7ab76e92965b7da5b9bac8b1e434117e68637f6f", "best_bid": "0.002", "best_ask": "0.527"}, {"asset_id": "21596757527068792226728139038798911034149570857908587202415552206953926074928", "price": "0.472", "size": "0", "side": "BUY", "hash": "72a2cf78964f1462028d0793afd54f9556992a55", "best_bid": "0.473", "best_ask": "0.998"}], "timestamp": "1769384833711", "event_type": "price_change"}}
{"_local_timestamp": "2026-01-25T23:47:14.284752+00:00", "data": {"market": "0x906155783777dff59b80b6fa752dee1d60f2671ca7f9f28fdb421b2fbe77ef99", "price_changes": [{"asset_id": "114482566877781218256939008299101201472855964174424569280251904133053249006365", "price": "0.976", "size": "7", "side": "SELL", "hash": "0c69d8c1c210a1a7338a7c655a9da97c5f3df49b", "best_bid": "0.002", "best_ask": "0.527"}, {"asset_id": "21596757527068792226728139038798911034149570857908587202415552206953926074928", "price": "0.024", "size": "7", "side": "BUY", "hash": "2b622fbf55e69ff416478e604d40fe99c1fdd906", "best_bid": "0.473", "best_ask": "0.998"}], "timestamp": "1769384834207", "event_type": "price_change"}}
{"_local_timestamp": "2026-01-25T23:47:16.391632+00:00", "data": {"market": "0x906155783777dff59b80b6fa752dee1d60f2671ca7f9f28fdb421b2fbe77ef99", "price_changes": [{"asset_id": "114482566877781218256939008299101201472855964174424569280251904133053249006365", "price": "0.976", "size": "0", "side": "SELL", "hash": "4dd80bb47525c44a470aa2815fd951d242cadb61", "best_bid": "0.002", "best_ask": "0.527"}, {"asset_id": "21596757527068792226728139038798911034149570857908587202415552206953926074928", "price": "0.024", "size": "0", "side": "BUY", "hash": "2608119364d870e51d2995f8ae0972be46bfc363", "best_bid": "0.473", "best_ask": "0.998"}], "timestamp": "1769384836314", "event_type": "price_change"}}
{"_local_timestamp": "2026-01-25T23:47:16.931149+00:00", "data": {"market": "0x906155783777dff59b80b6fa752dee1d60f2671ca7f9f28fdb421b2fbe77ef99", "price_changes": [{"asset_id": "114482566877781218256939008299101201472855964174424569280251904133053249006365", "price": "0.526", "size": "7", "side": "SELL", "hash": "6740f568dd27371ed7d476a32eb5b58ec85e8b64", "best_bid": "0.002", "best_ask": "0.526"}, {"asset_id": "21596757527068792226728139038798911034149570857908587202415552206953926074928", "price": "0.474", "size": "7", "side": "BUY", "hash": "58787e36ae98a631c101db319e116b10c8f07b58", "best_bid": "0.474", "best_ask": "0.998"}], "timestamp": "1769384836863", "event_type": "price_change"}}
{"_local_timestamp": "2026-01-25T23:47:34.687443+00:00", "data": {"market": "0x906155783777dff59b80b6fa752dee1d60f2671ca7f9f28fdb421b2fbe77ef99", "price_changes": [{"asset_id": "114482566877781218256939008299101201472855964174424569280251904133053249006365", "price": "0.527", "size": "0", "side": "SELL", "hash": "24cc360cdf92b4a3d69ee60782e978083d0a5971", "best_bid": "0.002", "best_ask": "0.526"}, {"asset_id": "21596757527068792226728139038798911034149570857908587202415552206953926074928", "price": "0.473", "size": "0", "side": "BUY", "hash": "ad98deadf92e2fd8c6bb3878844ec60a5cd633fa", "best_bid": "0.474", "best_ask": "0.998"}], "timestamp": "1769384854618", "event_type": "price_change"}}
{"_local_timestamp": "2026-01-25T23:47:35.087487+00:00", "data": {"market": "0x906155783777dff59b80b6fa752dee1d60f2671ca7f9f28fdb421b2fbe77ef99", "price_changes": [{"asset_id": "114482566877781218256939008299101201472855964174424569280251904133053249006365", "price": "0.525", "size": "10", "side": "SELL", "hash": "8da7b2714ea08f9d97f1144b1e00df8099cd986c", "best_bid": "0.002", "best_ask": "0.525"}, {"asset_id": "21596757527068792226728139038798911034149570857908587202415552206953926074928", "price": "0.475", "size": "10", "side": "BUY", "hash": "a30d87f5ac732acad2a8a0c4214abcf57a2c3da8", "best_bid": "0.475", "best_ask": "0.998"}], "timestamp": "1769384855012", "event_type": "price_change"}}
{"_local_timestamp": "2026-01-25T23:47:36.625450+00:00", "data": {"market": "0x906155783777dff59b80b6fa752dee1d60f2671ca7f9f28fdb421b2fbe77ef99", "price_changes": [{"asset_id": "114482566877781218256939008299101201472855964174424569280251904133053249006365", "price": "0.526", "size": "0", "side": "SELL", "hash": "b495d7773af714040d4609bdb2da871dd8beb49e", "best_bid": "0.002", "best_ask": "0.525"}, {"asset_id": "21596757527068792226728139038798911034149570857908587202415552206953926074928", "price": "0.474", "size": "0", "side": "BUY", "hash": "d7d15c11f12b9aed7401bc427c53cda1d186fcf7", "best_bid": "0.475", "best_ask": "0.998"}], "timestamp": "1769384856519", "event_type": "price_change"}}
{"_local_timestamp": "2026-01-25T23:47:37.305512+00:00", "data": {"market": "0x906155783777dff59b80b6fa752dee1d60f2671ca7f9f28fdb421b2fbe77ef99", "price_changes": [{"asset_id": "114482566877781218256939008299101201472855964174424569280251904133053249006365", "price": "0.524", "size": "7", "side": "SELL", "hash": "b7c3918f2453ea076d3d610f33a99c455061be59", "best_bid": "0.002", "best_ask": "0.524"}, {"asset_id": "21596757527068792226728139038798911034149570857908587202415552206953926074928", "price": "0.476", "size": "7", "side": "BUY", "hash": "6d874c452571fbd3269bc564ff8c01b4ae4a932d", "best_bid": "0.476", "best_ask": "0.998"}], "timestamp": "1769384857234", "event_type": "price_change"}}
{"_local_timestamp": "2026-01-25T23:47:59.605340+00:00", "data": {"market": "0x906155783777dff59b80b6fa752dee1d60f2671ca7f9f28fdb421b2fbe77ef99", "price_changes": [{"asset_id": "114482566877781218256939008299101201472855964174424569280251904133053249006365", "price": "0.525", "size": "0", "side": "SELL", "hash": "0855d2e9c14945ecee67446c71f4556f0dc5cafa", "best_bid": "0.002", "best_ask": "0.524"}, {"asset_id": "21596757527068792226728139038798911034149570857908587202415552206953926074928", "price": "0.475", "size": "0", "side": "BUY", "hash": "364aed5fd0296e64e6fa445780cd258f39c8b652", "best_bid": "0.476", "best_ask": "0.998"}], "timestamp": "1769384879523", "event_type": "price_change"}}
{"_local_timestamp": "2026-01-25T23:48:00.111765+00:00", "data": {"market": "0x906155783777dff59b80b6fa752dee1d60f2671ca7f9f28fdb421b2fbe77ef99", "price_changes": [{"asset_id": "114482566877781218256939008299101201472855964174424569280251904133053249006365", "price": "0.523", "size": "10", "side": "SELL", "hash": "6baf2e950abf7d68afcfe5e66bf6f20fa575998d", "best_bid": "0.002", "best_ask": "0.523"}, {"asset_id": "21596757527068792226728139038798911034149570857908587202415552206953926074928", "price": "0.477", "size": "10", "side": "BUY", "hash": "e569e8389f22d0f7f6c428dc12e1e0177f5d2b1a", "best_bid": "0.477", "best_ask": "0.998"}], "timestamp": "1769384880035", "event_type": "price_change"}}
{"_local_timestamp": "2026-01-25T23:48:02.053714+00:00", "data": {"market": "0x906155783777dff59b80b6fa752dee1d60f2671ca7f9f28fdb421b2fbe77ef99", "price_changes": [{"asset_id": "114482566877781218256939008299101201472855964174424569280251904133053249006365", "price": "0.524", "size": "0", "side": "SELL", "hash": "9bac99033e36cff962358131325226a0b2df1024", "best_bid": "0.002", "best_ask": "0.523"}, {"asset_id": "21596757527068792226728139038798911034149570857908587202415552206953926074928", "price": "0.476", "size": "0", "side": "BUY", "hash": "65793062c47d97d38cb439669a511b0386479aa4", "best_bid": "0.477", "best_ask": "0.998"}], "timestamp": "1769384881988", "event_type": "price_change"}}
{"_local_timestamp": "2026-01-25T23:48:02.973690+00:00", "data": {"market": "0x906155783777dff59b80b6fa752dee1d60f2671ca7f9f28fdb421b2fbe77ef99", "price_changes": [{"asset_id": "114482566877781218256939008299101201472855964174424569280251904133053249006365", "price": "0.522", "size": "7", "side": "SELL", "hash": "866ea5ed4bd7915bfc852d67286b3d14ad6d25f2", "best_bid": "0.002", "best_ask": "0.522"}, {"asset_id": "21596757527068792226728139038798911034149570857908587202415552206953926074928", "price": "0.478", "size": "7", "side": "BUY", "hash": "f73da763998ff352152ca9338f001f61d1ec532b", "best_bid": "0.478", "best_ask": "0.998"}], "timestamp": "1769384882859", "event_type": "price_change"}}
{"_local_timestamp": "2026-01-25T23:48:20.945276+00:00", "data": {"market": "0x906155783777dff59b80b6fa752dee1d60f2671ca7f9f28fdb421b2fbe77ef99", "price_changes": [{"asset_id": "114482566877781218256939008299101201472855964174424569280251904133053249006365", "price": "0.523", "size": "0", "side": "SELL", "hash": "712e64510a6191cbf216aa219195fbd2e5317919", "best_bid": "0.002", "best_ask": "0.522"}, {"asset_id": "21596757527068792226728139038798911034149570857908587202415552206953926074928", "price": "0.477", "size": "0", "side": "BUY", "hash": "a4552bb5376275646e6ea5005d5af62f51ef5323", "best_bid": "0.478", "best_ask": "0.998"}], "timestamp": "1769384900877", "event_type": "price_change"}}
{"_local_timestamp": "2026-01-25T23:48:21.385988+00:00", "data": {"market": "0x906155783777dff59b80b6fa752dee1d60f2671ca7f9f28fdb421b2fbe77ef99", "price_changes": [{"asset_id": "114482566877781218256939008299101201472855964174424569280251904133053249006365", "price": "0.521", "size": "10", "side": "SELL", "hash": "51490ef869f83a557172262ef78fff8af7550195", "best_bid": "0.002", "best_ask": "0.521"}, {"asset_id": "21596757527068792226728139038798911034149570857908587202415552206953926074928", "price": "0.479", "size": "10", "side": "BUY", "hash": "f808a61d1c39c3fd305adc9628a6a377b2e4aad4", "best_bid": "0.479", "best_ask": "0.998"}], "timestamp": "1769384901313", "event_type": "price_change"}}
{"_local_timestamp": "2026-01-25T23:48:21.918713+00:00", "data": {"market": "0x906155783777dff59b80b6fa752dee1d60f2671ca7f9f28fdb421b2fbe77ef99", "price_changes": [{"asset_id": "114482566877781218256939008299101201472855964174424569280251904133053249006365", "price": "0.522", "size": "0", "side": "SELL", "hash": "2b7709b30d00da1351bb7f74c768a16f85ff1687", "best_bid": "0.002", "best_ask": "0.521"}, {"asset_id": "21596757527068792226728139038798911034149570857908587202415552206953926074928", "price": "0.478", "size": "0", "side": "BUY", "hash": "455f75c4e8fc8e9f720605f055d3594850caf507", "best_bid": "0.479", "best_ask": "0.998"}], "timestamp": "1769384901850", "event_type": "price_change"}}
{"_local_timestamp": "2026-01-25T23:48:22.052985+00:00", "data": {"market": "0x906155783777dff59b80b6fa752dee1d60f2671ca7f9f28fdb421b2fbe77ef99", "price_changes": [{"asset_id": "114482566877781218256939008299101201472855964174424569280251904133053249006365", "price": "0.976", "size": "7", "side": "SELL", "hash": "c1a7f979a82925143e09a0ee87a40cada160f692", "best_bid": "0.002", "best_ask": "0.521"}, {"asset_id": "21596757527068792226728139038798911034149570857908587202415552206953926074928", "price": "0.024", "size": "7", "side": "BUY", "hash": "959d5f896789f8c61848bfa19c97b3d11f25610c", "best_bid": "0.479", "best_ask": "0.998"}], "timestamp": "1769384901986", "event_type": "price_change"}}
{"_local_timestamp": "2026-01-25T23:48:24.004959+00:00", "data": {"market": "0x906155783777dff59b80b6fa752dee1d60f2671ca7f9f28fdb421b2fbe77ef99", "price_changes": [{"asset_id": "114482566877781218256939008299101201472855964174424569280251904133053249006365", "price": "0.976", "size": "0", "side": "SELL", "hash": "e2de19d19f7095bbe7088c990f80e34846347870", "best_bid": "0.002", "best_ask": "0.521"}, {"asset_id": "21596757527068792226728139038798911034149570857908587202415552206953926074928", "price": "0.024", "size": "0", "side": "BUY", "hash": "a45f0245adeb58bf702dd3780dcbd013d18d0665", "best_bid": "0.479", "best_ask": "0.998"}], "timestamp": "1769384903923", "event_type": "price_change"}}
{"_local_timestamp": "2026-01-25T23:48:24.548726+00:00", "data": {"market": "0x906155783777dff59b80b6fa752dee1d60f2671ca7f9f28fdb421b2fbe77ef99", "price_changes": [{"asset_id": "114482566877781218256939008299101201472855964174424569280251904133053249006365", "price": "0.52", "size": "7", "side": "SELL", "hash": "b6359abf4f61359ec3b2094d7e814277aeb46ec7", "best_bid": "0.002", "best_ask": "0.52"}, {"asset_id": "21596757527068792226728139038798911034149570857908587202415552206953926074928", "price": "0.48", "size": "7", "side": "BUY", "hash": "f1ff9d427ac7e838dd286c6d2b35568921991e0f", "best_bid": "0.48", "best_ask": "0.998"}], "timestamp": "1769384904481", "event_type": "price_change"}}
{"_local_timestamp": "2026-01-25T23:48:41.400143+00:00", "data": {"market": "0x906155783777dff59b80b6fa752dee1d60f2671ca7f9f28fdb421b2fbe77ef99", "price_changes": [{"asset_id": "114482566877781218256939008299101201472855964174424569280251904133053249006365", "price": "0.521", "size": "0", "side": "SELL", "hash": "527968c626ac13d204ef4b1ac7a4c95981dc7967", "best_bid": "0.002", "best_ask": "0.52"}, {"asset_id": "21596757527068792226728139038798911034149570857908587202415552206953926074928", "price": "0.479", "size": "0", "side": "BUY", "hash": "76ebcaa55c9af4c1ec5556a0ac72433617a87ece", "best_bid": "0.48", "best_ask": "0.998"}], "timestamp": "1769384921313", "event_type": "price_change"}}
{"_local_timestamp": "2026-01-25T23:48:41.803558+00:00", "data": {"market": "0x906155783777dff59b80b6fa752dee1d60f2671ca7f9f28fdb421b2fbe77ef99", "price_changes": [{"asset_id": "114482566877781218256939008299101201472855964174424569280251904133053249006365", "price": "0.519", "size": "10", "side": "SELL", "hash": "7e7b8494dc5f7326e98fb336245b797c4c9755f7", "best_bid": "0.002", "best_ask": "0.519"}, {"asset_id": "21596757527068792226728139038798911034149570857908587202415552206953926074928", "price": "0.481", "size": "10", "side": "BUY", "hash": "3742546cf4a0709007373dd253f9476b1227ff3b", "best_bid": "0.481", "best_ask": "0.998"}], "timestamp": "1769384921723", "event_type": "price_change"}}
{"_local_timestamp": "2026-01-25T23:48:42.981505+00:00", "data": {"market": "0x906155783777dff59b80b6fa752dee1d60f2671ca7f9f28fdb421b2fbe77ef99", "price_changes": [{"asset_id": "114482566877781218256939008299101201472855964174424569280251904133053249006365", "price": "0.52", "size": "0", "side": "SELL", "hash": "b1d8d58feb0563ab9f8af0b08f3026fd5044959d", "best_bid": "0.002", "best_ask": "0.519"}, {"asset_id": "21596757527068792226728139038798911034149570857908587202415552206953926074928", "price": "0.48", "size": "0", "side": "BUY", "hash": "62311e32c8d4d666eb446a040987e71628006f01", "best_bid": "0.481", "best_ask": "0.998"}], "timestamp": "1769384922908", "event_type": "price_change"}}
{"_local_timestamp": "2026-01-25T23:48:43.677025+00:00", "data": {"market": "0x906155783777dff59b80b6fa752dee1d60f2671ca7f9f28fdb421b2fbe77ef99", "price_changes": [{"asset_id": "114482566877781218256939008299101201472855964174424569280251904133053249006365", "price": "0.518", "size": "7", "side": "SELL", "hash": "4904757b42266e37087fea76a0fcf928f6709d22", "best_bid": "0.002", "best_ask": "0.518"}, {"asset_id": "21596757527068792226728139038798911034149570857908587202415552206953926074928", "price": "0.482", "size": "7", "side": "BUY", "hash": "1cb2646b70edd04211eabc5e5173b317b072f1aa", "best_bid": "0.482", "best_ask": "0.998"}], "timestamp": "1769384923608", "event_type": "price_change"}}
{"_local_timestamp": "2026-01-25T23:49:03.140896+00:00", "data": {"market": "0x906155783777dff59b80b6fa752dee1d60f2671ca7f9f28fdb421b2fbe77ef99", "price_changes": [{"asset_id": "114482566877781218256939008299101201472855964174424569280251904133053249006365", "price": "0.519", "size": "0", "side": "SELL", "hash": "080d834440a47617bc7acd808d7136699f13abcb", "best_bid": "0.002", "best_ask": "0.518"}, {"asset_id": "21596757527068792226728139038798911034149570857908587202415552206953926074928", "price": "0.481", "size": "0", "side": "BUY", "hash": "28e5d2ab96633452bebaf378be2c641f12b94eeb", "best_bid": "0.482", "best_ask": "0.998"}], "timestamp": "1769384943065", "event_type": "price_change"}}
{"_local_timestamp": "2026-01-25T23:49:03.552279+00:00", "data": {"market": "0x906155783777dff59b80b6fa752dee1d60f2671ca7f9f28fdb421b2fbe77ef99", "price_changes": [{"asset_id": "114482566877781218256939008299101201472855964174424569280251904133053249006365", "price": "0.517", "size": "10", "side": "SELL", "hash": "4aa9f12a40263e7dd5d776144570e256b0c5bc63", "best_bid": "0.002", "best_ask": "0.517"}, {"asset_id": "21596757527068792226728139038798911034149570857908587202415552206953926074928", "price": "0.483", "size": "10", "side": "BUY", "hash": "497203391530fa010222805a4d1711be67da5709", "best_bid": "0.483", "best_ask": "0.998"}], "timestamp": "1769384943483", "event_type": "price_change"}}
{"_local_timestamp": "2026-01-25T23:49:05.609109+00:00", "data": {"market": "0x906155783777dff59b80b6fa752dee1d60f2671ca7f9f28fdb421b2fbe77ef99", "price_changes": [{"asset_id": "114482566877781218256939008299101201472855964174424569280251904133053249006365", "price": "0.518", "size": "0", "side": "SELL", "hash": "c74fdf405713c99e2c495882d15b4375898c357f", "best_bid": "0.002", "best_ask": "0.517"}, {"asset_id": "21596757527068792226728139038798911034149570857908587202415552206953926074928", "price": "0.482", "size": "0", "side": "BUY", "hash": "55d8269ef542c2e53d90ede2a4821f7cca8eb5ba", "best_bid": "0.483", "best_ask": "0.998"}], "timestamp": "1769384945538", "event_type": "price_change"}}
{"_local_timestamp": "2026-01-25T23:49:06.453756+00:00", "data": {"market": "0x906155783777dff59b80b6fa752dee1d60f2671ca7f9f28fdb421b2fbe77ef99", "price_changes": [{"asset_id": "114482566877781218256939008299101201472855964174424569280251904133053249006365", "price": "0.516", "size": "7", "side": "SELL", "hash": "02deb9aba63942d6595e13ce234b18c0f2619f51", "best_bid": "0.002", "best_ask": "0.516"}, {"asset_id": "21596757527068792226728139038798911034149570857908587202415552206953926074928", "price": "0.484", "size": "7", "side": "BUY", "hash": "e23d41e7a9cbf8010bd987000fa74cf2b669e63c", "best_bid": "0.484", "best_ask": "0.998"}], "timestamp": "1769384946380", "event_type": "price_change"}}
{"_local_timestamp": "2026-01-25T23:49:24.491408+00:00", "data": {"market": "0x906155783777dff59b80b6fa752dee1d60f2671ca7f9f28fdb421b2fbe77ef99", "price_changes": [{"asset_id": "114482566877781218256939008299101201472855964174424569280251904133053249006365", "price": "0.517", "size": "0", "side": "SELL", "hash": "7fc328c249a063fdd54a44aab26e24b82ea2d2e1", "best_bid": "0.002", "best_ask": "0.516"}, {"asset_id": "21596757527068792226728139038798911034149570857908587202415552206953926074928", "price": "0.483", "size": "0", "side": "BUY", "hash": "c9c28ba16dadcf86ae2418e6aae25b1ed85008f9", "best_bid": "0.484", "best_ask": "0.998"}], "timestamp": "1769384964412", "event_type": "price_change"}}
{"_local_timestamp": "2026-01-25T23:49:24.930113+00:00", "data": {"market": "0x906155783777dff59b80b6fa752dee1d60f2671ca7f9f28fdb421b2fbe77ef99", "price_changes": [{"asset_id": "114482566877781218256939008299101201472855964174424569280251904133053249006365", "price": "0.515", "size": "10", "side": "SELL", "hash": "863753b7cd360b30865dbcd5b770fd70b746acdf", "best_bid": "0.002", "best_ask": "0.515"}, {"asset_id": "21596757527068792226728139038798911034149570857908587202415552206953926074928", "price": "0.485", "size": "10", "side": "BUY", "hash": "d8ec3a43ff5b21d7438117d742c6c9a520ed14aa", "best_bid": "0.485", "best_ask": "0.998"}], "timestamp": "1769384964854", "event_type": "price_change"}}
{"_local_timestamp": "2026-01-25T23:49:26.224912+00:00", "data": {"market": "0x906155783777dff59b80b6fa752dee1d60f2671ca7f9f28fdb421b2fbe77ef99", "price_changes": [{"asset_id": "114482566877781218256939008299101201472855964174424569280251904133053249006365", "price": "0.516", "size": "0", "side": "SELL", "hash": "721bea35f49a13da037e908b3ee8c3136d52a9b7", "best_bid": "0.002", "best_ask": "0.515"}, {"asset_id": "21596757527068792226728139038798911034149570857908587202415552206953926074928", "price": "0.484", "size": "0", "side": "BUY", "hash": "cc08f0b9422c62048ec97ce397f408fad9d000c4", "best_bid": "0.485", "best_ask": "0.998"}], "timestamp": "1769384966057", "event_type": "price_change"}}
{"_local_timestamp": "2026-01-25T23:49:26.860501+00:00", "data": {"market": "0x906155783777dff59b80b6fa752dee1d60f2671ca7f9f28fdb421b2fbe77ef99", "price_changes": [{"asset_id": "114482566877781218256939008299101201472855964174424569280251904133053249006365", "price": "0.514", "size": "7", "side": "SELL", "hash": "bbeb7ae84c73a839d6bd343069aca80d4ff9fa94", "best_bid": "0.002", "best_ask": "0.514"}, {"asset_id": "21596757527068792226728139038798911034149570857908587202415552206953926074928", "price": "0.486", "size": "7", "side": "BUY", "hash": "e670abfb3461668e1b7bf23c2d704a99b1944004", "best_bid": "0.486", "best_ask": "0.998"}], "timestamp": "1769384966789", "event_type": "price_change"}}
{"_local_timestamp": "2026-01-25T23:49:47.043001+00:00", "data": {"market": "0x906155783777dff59b80b6fa752dee1d60f2671ca7f9f28fdb421b2fbe77ef99", "price_changes": [{"asset_id": "114482566877781218256939008299101201472855964174424569280251904133053249006365", "price": "0.515", "size": "0", "side": "SELL", "hash": "c291b7369f81a10d47948fdd4b0b20a0709bdefc", "best_bid": "0.002", "best_ask": "0.514"}, {"asset_id": "21596757527068792226728139038798911034149570857908587202415552206953926074928", "price": "0.485", "size": "0", "side": "BUY", "hash": "75894661046d736c85d56ef7bf8a3130537b2fbe", "best_bid": "0.486", "best_ask": "0.998"}], "timestamp": "1769384986972", "event_type": "price_change"}}
{"_local_timestamp": "2026-01-25T23:49:47.480462+00:00", "data": {"market": "0x906155783777dff59b80b6fa752dee1d60f2671ca7f9f28fdb421b2fbe77ef99", "price_changes": [{"asset_id": "114482566877781218256939008299101201472855964174424569280251904133053249006365", "price": "0.513", "size": "10", "side": "SELL", "hash": "dda98bc30c8549b2c104acb1b61aa44bfd414262", "best_bid": "0.002", "best_ask": "0.513"}, {"asset_id": "21596757527068792226728139038798911034149570857908587202415552206953926074928", "price": "0.487", "size": "10", "side": "BUY", "hash": "49fb37ccec4733b2aceb81fb6685673c99581ee4", "best_bid": "0.487", "best_ask": "0.998"}], "timestamp": "1769384987403", "event_type": "price_change"}}
{"_local_timestamp": "2026-01-25T23:49:48.191275+00:00", "data": {"market": "0x906155783777dff59b80b6fa752dee1d60f2671ca7f9f28fdb421b2fbe77ef99", "price_changes": [{"asset_id": "114482566877781218256939008299101201472855964174424569280251904133053249006365", "price": "0.514", "size": "0", "side": "SELL", "hash": "ff3a80efbeaa4e353ff3200e61bc192b3db43e93", "best_bid": "0.002", "best_ask": "0.513"}, {"asset_id": "21596757527068792226728139038798911034149570857908587202415552206953926074928", "price": "0.486", "size": "0", "side": "BUY", "hash": "d2f5837d91856687712307f32b68b19af9a7c07e", "best_bid": "0.487", "best_ask": "0.998"}], "timestamp": "1769384988118", "event_type": "price_change"}}
{"_local_timestamp": "2026-01-25T23:49:48.835457+00:00", "data": {"market": "0x906155783777dff59b80b6fa752dee1d60f2671ca7f9f28fdb421b2fbe77ef99", "price_changes": [{"asset_id": "114482566877781218256939008299101201472855964174424569280251904133053249006365", "price": "0.512", "size": "7", "side": "SELL", "hash": "f98d80d4c7d107bb4a1070cdae6a552a9ef5b720", "best_bid": "0.002", "best_ask": "0.512"}, {"asset_id": "21596757527068792226728139038798911034149570857908587202415552206953926074928", "price": "0.488", "size": "7", "side": "BUY", "hash": "1c880d1aadd0c8aa569973082f7c17da211de8a1", "best_bid": "0.488", "best_ask": "0.998"}], "timestamp": "1769384988761", "event_type": "price_change"}}
{"_local_timestamp": "2026-01-25T23:50:09.580466+00:00", "data": {"market": "0x906155783777dff59b80b6fa752dee1d60f2671ca7f9f28fdb421b2fbe77ef99", "price_changes": [{"asset_id": "114482566877781218256939008299101201472855964174424569280251904133053249006365", "price": "0.513", "size": "0", "side": "SELL", "hash": "2fd23c919df3ee2f69b6a60d3b759e89ee13e132", "best_bid": "0.002", "best_ask": "0.512"}, {"asset_id": "21596757527068792226728139038798911034149570857908587202415552206953926074928", "price": "0.487", "size": "0", "side": "BUY", "hash": "3f01d280d9c1b91e030e4890e23f15c3001bf435", "best_bid": "0.488", "best_ask": "0.998"}], "timestamp": "1769385009504", "event_type": "price_change"}}
{"_local_timestamp": "2026-01-25T23:50:10.073253+00:00", "data": {"market": "0x906155783777dff59b80b6fa752dee1d60f2671ca7f9f28fdb421b2fbe77ef99", "price_changes": [{"asset_id": "114482566877781218256939008299101201472855964174424569280251904133053249006365", "price": "0.511", "size": "10", "side": "SELL", "hash": "9913263602d8f893b673e5e638c7abae88cc1fa3", "best_bid": "0.002", "best_ask": "0.511"}, {"asset_id": "21596757527068792226728139038798911034149570857908587202415552206953926074928", "price": "0.489", "size": "10", "side": "BUY", "hash": "013b1986422c04eeb398c842c73bf74a220a84db", "best_bid": "0.489", "best_ask": "0.998"}], "timestamp": "1769385009998", "event_type": "price_change"}}
{"_local_timestamp": "2026-01-25T23:50:11.309275+00:00", "data": {"market": "0x906155783777dff59b80b6fa752dee1d60f2671ca7f9f28fdb421b2fbe77ef99", "price_changes": [{"asset_id": "114482566877781218256939008299101201472855964174424569280251904133053249006365", "price": "0.512", "size": "0", "side": "SELL", "hash": "47354db3263aa2294bd0961f9fea32663f68f91d", "best_bid": "0.002", "best_ask": "0.511"}, {"asset_id": "21596757527068792226728139038798911034149570857908587202415552206953926074928", "price": "0.488", "size": "0", "side": "BUY", "hash": "2f7a01532917eedad0eb3bee64ae87b58fb95190", "best_bid": "0.489", "best_ask": "0.998"}], "timestamp": "1769385011222", "event_type": "price_change"}}
{"_local_timestamp": "2026-01-25T23:50:11.454298+00:00", "data": {"market": "0x906155783777dff59b80b6fa752dee1d60f2671ca7f9f28fdb421b2fbe77ef99", "price_changes": [{"asset_id": "114482566877781218256939008299101201472855964174424569280251904133053249006365", "price": "0.51", "size": "7", "side": "SELL", "hash": "d1991d7cf18b008173bb27ddf7c646d8ce262f63", "best_bid": "0.002", "best_ask": "0.51"}, {"asset_id": "21596757527068792226728139038798911034149570857908587202415552206953926074928", "price": "0.49", "size": "7", "side": "BUY", "hash": "536ee775c1933c5993975c4e69a7b3f3c7984460", "best_bid": "0.49", "best_ask": "0.998"}], "timestamp": "1769385011367", "event_type": "price_change"}}
{"_local_timestamp": "2026-01-25T23:50:31.728082+00:00", "data": {"market": "0x906155783777dff59b80b6fa752dee1d60f2671ca7f9f28fdb421b2fbe77ef99", "price_changes": [{"asset_id": "114482566877781218256939008299101201472855964174424569280251904133053249006365", "price": "0.511", "size": "0", "side": "SELL", "hash": "6654f513454e62faa31ba14550a9bd5b7aff8f51", "best_bid": "0.002", "best_ask": "0.51"}, {"asset_id": "21596757527068792226728139038798911034149570857908587202415552206953926074928", "price": "0.489", "size": "0", "side": "BUY", "hash": "f9472385b1d53233c0974328683416dfb16de9a3", "best_bid": "0.49", "best_ask": "0.998"}], "timestamp": "1769385031568", "event_type": "price_change"}}
{"_local_timestamp": "2026-01-25T23:50:32.188198+00:00", "data": {"market": "0x906155783777dff59b80b6fa752dee1d60f2671ca7f9f28fdb421b2fbe77ef99", "price_changes": [{"asset_id": "114482566877781218256939008299101201472855964174424569280251904133053249006365", "price": "0.509", "size": "10", "side": "SELL", "hash": "725102fe9597517a2801bc4120d21cd82307e631", "best_bid": "0.002", "best_ask": "0.509"}, {"asset_id": "21596757527068792226728139038798911034149570857908587202415552206953926074928", "price": "0.491", "size": "10", "side": "BUY", "hash": "da0de3aa78d668ffe5ead61ea9a02310dd142d9a", "best_bid": "0.491", "best_ask": "0.998"}], "timestamp": "1769385031994", "event_type": "price_change"}}
{"_local_timestamp": "2026-01-25T23:50:33.708626+00:00", "data": {"market": "0x906155783777dff59b80b6fa752dee1d60f2671ca7f9f28fdb421b2fbe77ef99", "price_changes": [{"asset_id": "114482566877781218256939008299101201472855964174424569280251904133053249006365", "price": "0.51", "size": "0", "side": "SELL", "hash": "1f68007fe4b3244bc0e415d2258734b6d9f7dbbc", "best_bid": "0.002", "best_ask": "0.509"}, {"asset_id": "21596757527068792226728139038798911034149570857908587202415552206953926074928", "price": "0.49", "size": "0", "side": "BUY", "hash": "924593268f1b8462c5b7c9a06e1a613e3059d64e", "best_bid": "0.491", "best_ask": "0.998"}], "timestamp": "1769385033510", "event_type": "price_change"}}
{"_local_timestamp": "2026-01-25T23:50:33.859115+00:00", "data": {"market": "0x906155783777dff59b80b6fa752dee1d60f2671ca7f9f28fdb421b2fbe77ef99", "price_changes": [{"asset_id": "114482566877781218256939008299101201472855964174424569280251904133053249006365", "price": "0.508", "size": "7", "side": "SELL", "hash": "2df67268de06babfbcaae82ad9ba5b8e78096527", "best_bid": "0.002", "best_ask": "0.508"}, {"asset_id": "21596757527068792226728139038798911034149570857908587202415552206953926074928", "price": "0.492", "size": "7", "side": "BUY", "hash": "2161051922b7285cc7c64b921dde124f02a37b39", "best_bid": "0.492", "best_ask": "0.998"}], "timestamp": "1769385033669", "event_type": "price_change"}}
