{"_local_timestamp": "2026-01-25T23:41:02.693668+00:00", "data": [{"market": "0x09a666b396fe2d109eb5d7f2ceb2503e44af24533ad4a7ef032f32b7eda6dc62", "asset_id": "96159090155296538158413431087000397979926596731893161029991660218094383454255", "timestamp": "1769384461066", "hash": "403da392a8b5349e69179055611b4e2c3850522d", "bids": [{"price": "0.001", "size": "1000"}, {"price": "0.54", "size": "6"}, {"price": "0.561", "size": "6"}, {"price": "0.575", "size": "6"}, {"price": "0.576", "size": "64"}, {"price": "0.847", "size": "12.6"}, {"price": "0.848", "size": "22.01"}, {"price": "0.854", "size": "8.4"}], "asks": [{"price": "0.999", "size": "134"}], "event_type": "book", "last_trade_price": "0.003"}, {"market": "0x09a666b396fe2d109eb5d7f2ceb2503e44af24533ad4a7ef032f32b7eda6dc62", "asset_id": "98606197491205967200700640359464086313480576537360039938434591761091984923719", "timestamp": "1769384461066", "hash": "d5325183dc05884a3849c9299587b32c9ecb2046", "bids": [{"price": "0.001", "size": "134"}], "asks": [{"price": "0.999", "size": "1000"}, {"price": "0.46", "size": "6"}, {"price": "0.439", "size": "6"}, {"price": "0.425", "size": "6"}, {"price": "0.424", "size": "64"}, {"price": "0.153", "size": "12.6"}, {"price": "0.152", "size": "22.01"}, {"price": "0.146", "size": "8.4"}], "event_type": "book", "last_trade_price": "0.003"}]}
{"_local_timestamp": "2026-01-25T23:41:24.289702+00:00", "data": {"market": "0x09a666b396fe2d109eb5d7f2ceb2503e44af24533ad4a7ef032f32b7eda6dc62", "price_changes": [{"asset_id": "98606197491205967200700640359464086313480576537360039938434591761091984923719", "price": "0.146", "size": "0", "side": "SELL", "hash": "bc66fbd78616a3d8fad79118a24fdf8d22229b98", "best_bid": "0.001", "best_ask": "0.152"}, {"asset_id": "96159090155296538158413431087000397979926596731893161029991660218094383454255", "price": "0.854", "size": "0", "side": "BUY", "hash": "49862cc48775d31610708729d799dbbcb6034f91", "best_bid": "0.848", "best_ask": "0.999"}], "timestamp": "1769384484200", "event_type": "price_change"}}
{"_local_timestamp": "2026-01-25T23:41:24.732294+00:00", "data": {"market": "0x09a666b396fe2d109eb5d7f2ceb2503e44af24533ad4a7ef032f32b7eda6dc62", "price_changes": [{"asset_id": "98606197491205967200700640359464086313480576537360039938434591761091984923719", "price": "0.145", "size": "8.4", "side": "SELL", "hash": "25da9aa5f98430ecea1b7b9010adb34b1608ebd4", "best_bid": "0.001", "best_ask": "0.145"}, {"asset_id": "96159090155296538158413431087000397979926596731893161029991660218094383454255", "price": "0.855", "size": "8.4", "side": "BUY", "hash": "9e85c9ab76088b5e9f45cb078a84cf0e5ada5914", "best_bid": "0.855", "best_ask": "0.999"}], "timestamp": "1769384484647", "event_type": "price_change"}}
{"_local_timestamp": "2026-01-25T23:41:44.504075+00:00", "data": {"market": "0x09a666b396fe2d109eb5d7f2ceb2503e44af24533ad4a7ef032f32b7eda6dc62", "price_changes": [{"asset_id": "98606197491205967200700640359464086313480576537360039938434591761091984923719", "price": "0.145", "size": "0", "side": "SELL", "hash": "2bf019dc77c8d79999d680c2084ed32606e5f4e5", "best_bid": "0.001", "best_ask": "0.152"}, {"asset_id": "96159090155296538158413431087000397979926596731893161029991660218094383454255", "price": "0.855", "size": "0", "side": "BUY", "hash": "19cb5029a8dcc9f07e7b37817faa9ec4c22ecec8", "best_bid": "0.848", "best_ask": "0.999"}], "timestamp": "1769384504426", "event_type": "price_change"}}
{"_local_timestamp": "2026-01-25T23:41:44.927752+00:00", "data": {"market": "0x09a666b396fe2d109eb5d7f2ceb2503e44af24533ad4a7ef032f32b7eda6dc62", "price_changes": [{"asset_id": "98606197491205967200700640359464086313480576537360039938434591761091984923719", "price": "0.144", "size": "8.4", "side": "SELL", "hash": "5c8ccbcfbf8de632e02da4d2830332726a0ad51f", "best_bid": "0.001", "best_ask": "0.144"}, {"asset_id": "96159090155296538158413431087000397979926596731893161029991660218094383454255", "price": "0.856", "size": "8.4", "side": "BUY", "hash": "8ae61870fd53376e6f217a09ffea0a249f7b7480", "best_bid": "0.856", "best_ask": "0.999"}], "timestamp": "1769384504854", "event_type": "price_change"}}
{"_local_timestamp": "2026-01-25T23:42:04.670248+00:00", "data": {"market": "0x09a666b396fe2d109eb5d7f2ceb2503e44af24533ad4a7ef032f32b7eda6dc62", "price_changes": [{"asset_id": "98606197491205967200700640359464086313480576537360039938434591761091984923719", "price": "0.144", "size": "0", "side": "SELL", "hash": "93ad6e3966c1f0c9501b01775db4127462b75316", "best_bid": "0.001", "best_ask": "0.152"}, {"asset_id": "96159090155296538158413431087000397979926596731893161029991660218094383454255", "price": "0.856", "size": "0", "side": "BUY", "hash": "731df58ae7cc66fea05aaf0e6523cb74c375e0c1", "best_bid": "0.848", "best_ask": "0.999"}], "timestamp": "1769384524599", "event_type": "price_change"}}
{"_local_timestamp": "2026-01-25T23:42:05.156535+00:00", "data": {"market": "0x09a666b396fe2d109eb5d7f2ceb2503e44af24533ad4a7ef032f32b7eda6dc62", "price_changes": [{"asset_id": "98606197491205967200700640359464086313480576537360039938434591761091984923719", "price": "0.143", "size": "8.4", "side": "SELL", "hash": "317b4b3321a8bf0dcab964caeb6e126c2180835c", "best_bid": "0.001", "best_ask": "0.143"}, {"asset_id": "96159090155296538158413431087000397979926596731893161029991660218094383454255", "price": "0.857", "size": "8.4", "side": "BUY", "hash": "327f1d7bb4af65b603cc4b8a66cb9b0cc87c0dba", "best_bid": "0.857", "best_ask": "0.999"}], "timestamp": "1769384525026", "event_type": "price_change"}}
{"_local_timestamp": "2026-01-25T23:42:26.117401+00:00", "data": {"market": "0x09a666b396fe2d109eb5d7f2ceb2503e44af24533ad4a7ef032f32b7eda6dc62", "price_changes": [{"asset_id": "98606197491205967200700640359464086313480576537360039938434591761091984923719", "price": "0.143", "size": "0", "side": "SELL", "hash": "978ed0039e06b0a7563b5ee96d3b9abcbd2ae56f", "best_bid": "0.001", "best_ask": "0.152"}, {"asset_id": "96159090155296538158413431087000397979926596731893161029991660218094383454255", "price": "0.857", "size": "0", "side": "BUY", "hash": "44030e0ef6051574d8851b9fb20337246af9cd56", "best_bid": "0.848", "best_ask": "0.999"}], "timestamp": "1769384545894", "event_type": "price_change"}}
{"_local_timestamp": "2026-01-25T23:42:26.504788+00:00", "data": {"market": "0x09a666b396fe2d109eb5d7f2ceb2503e44af24533ad4a7ef032f32b7eda6dc62", "price_changes": [{"asset_id": "98606197491205967200700640359464086313480576537360039938434591761091984923719", "price": "0.142", "size": "8.4", "side": "SELL", "hash": "792c9e5374d7d527cad9eff2070e6c713994ae87", "best_bid": "0.001", "best_ask": "0.142"}, {"asset_id": "96159090155296538158413431087000397979926596731893161029991660218094383454255", "price": "0.858", "size": "8.4", "side": "BUY", "hash": "233a449a358ccdee9cad68ffcf85e11e0a830184", "best_bid": "0.858", "best_ask": "0.999"}], "timestamp": "1769384546298", "event_type": "price_change"}}
{"_local_timestamp": "2026-01-25T23:42:48.061348+00:00", "data": {"market": "0x09a666b396fe2d109eb5d7f2ceb2503e44af24533ad4a7ef032f32b7eda6dc62", "price_changes": [{"asset_id": "98606197491205967200700640359464086313480576537360039938434591761091984923719", "price": "0.142", "size": "0", "side": "SELL", "hash": "17e3edb0b83b178ad630d08da25547c054817a37", "best_bid": "0.001", "best_ask": "0.152"}, {"asset_id": "96159090155296538158413431087000397979926596731893161029991660218094383454255", "price": "0.858", "size": "0", "side": "BUY", "hash": "bd01ceae5dc476011a51792c9d37e394fbc9d54d", "best_bid": "0.848", "best_ask": "0.999"}], "timestamp": "1769384567935", "event_type": "price_change"}}
{"_local_timestamp": "2026-01-25T23:42:48.457075+00:00", "data": {"market": "0x09a666b396fe2d109eb5d7f2ceb2503e44af24533ad4a7ef032f32b7eda6dc62", "price_changes": [{"asset_id": "98606197491205967200700640359464086313480576537360039938434591761091984923719", "price": "0.141", "size": "8.4", "side": "SELL", "hash": "360298b297601b05086ab9abaecaf6a6482a9627", "best_bid": "0.001", "best_ask": "0.141"}, {"asset_id": "96159090155296538158413431087000397979926596731893161029991660218094383454255", "price": "0.859", "size": "8.4", "side": "BUY", "hash": "96a1f3785760f6c7ca74640f2a0c5e7183ae2c89", "best_bid": "0.859", "best_ask": "0.999"}], "timestamp": "1769384568335", "event_type": "price_change"}}
{"_local_timestamp": "2026-01-25T23:43:10.206432+00:00", "data": {"market": "0x09a666b396fe2d109eb5d7f2ceb2503e44af24533ad4a7ef032f32b7eda6dc62", "price_changes": [{"asset_id": "98606197491205967200700640359464086313480576537360039938434591761091984923719", "price": "0.141", "size": "0", "side": "SELL", "hash": "f86495bedb82a023208afd7796585135d6f44605", "best_bid": "0.001", "best_ask": "0.152"}, {"asset_id": "96159090155296538158413431087000397979926596731893161029991660218094383454255", "price": "0.859", "size": "0", "side": "BUY", "hash": "2c81c53fa7eea06305ce0484bc7ca599174e9163", "best_bid": "0.848", "best_ask": "0.999"}], "timestamp": "1769384590071", "event_type": "price_change"}}
{"_local_timestamp": "2026-01-25T23:43:10.717056+00:00", "data": {"market": "0x09a666b396fe2d109eb5d7f2ceb2503e44af24533ad4a7ef032f32b7eda6dc62", "price_changes": [{"asset_id": "98606197491205967200700640359464086313480576537360039938434591761091984923719", "price": "0.14", "size": "8.4", "side": "SELL", "hash": "19e6e0651ebf66c69618a0729fa7bf7bcd970911", "best_bid": "0.001", "best_ask": "0.14"}, {"asset_id": "96159090155296538158413431087000397979926596731893161029991660218094383454255", "price": "0.86", "size": "8.4", "side": "BUY", "hash": "b86d1a679d09b97ae0ea044eeefac4ca7685e111", "best_bid": "0.86", "best_ask": "0.999"}], "timestamp": "1769384590560", "event_type": "price_change"}}
{"_local_timestamp": "2026-01-25T23:43:32.651226+00:00", "data": {"market": "0x09a666b396fe2d109eb5d7f2ceb2503e44af24533ad4a7ef032f32b7eda6dc62", "price_changes": [{"asset_id": "98606197491205967200700640359464086313480576537360039938434591761091984923719", "price": "0.14", "size": "0", "side": "SELL", "hash": "e2da3184a6fed4453283931378c1b196796d8fb3", "best_bid": "0.001", "best_ask": "0.152"}, {"asset_id": "96159090155296538158413431087000397979926596731893161029991660218094383454255", "price": "0.86", "size": "0", "side": "BUY", "hash": "ee911322501f44c39fe9f313edbc3fc21e0af72b", "best_bid": "0.848", "best_ask": "0.999"}], "timestamp": "1769384612522", "event_type": "price_change"}}
{"_local_timestamp": "2026-01-25T23:43:33.157055+00:00", "data": {"market": "0x09a666b396fe2d109eb5d7f2ceb2503e44af24533ad4a7ef032f32b7eda6dc62", "price_changes": [{"asset_id": "98606197491205967200700640359464086313480576537360039938434591761091984923719", "price": "0.139", "size": "8.4", "side": "SELL", "hash": "86d30042229809a7a29157fbf5e07eb25d82b6b0", "best_bid": "0.001", "best_ask": "0.139"}, {"asset_id": "96159090155296538158413431087000397979926596731893161029991660218094383454255", "price": "0.861", "size": "8.4", "side": "BUY", "hash": "0631cc421585f29784bbc807686c354ff4b9382f", "best_bid": "0.861", "best_ask": "0.999"}], "timestamp": "1769384613031", "event_type": "price_change"}}
