{"_local_timestamp": "2026-01-25T23:33:56.728874+00:00", "data": [{"market": "0x7f30cf3ce31deb36d9c87b7ce3ad493ecba7e2c04f54d9064c3668fec489e5a2", "asset_id": "98454865528785835890045788599167077000239351581671639397727717396046966577161", "timestamp": "1769384036533", "hash": "a0dc806c70e0c29077db5cfc209f109df4a8619f", "bids": [{"price": "0.01", "size": "11966.44"}, {"price": "0.02", "size": "1000"}, {"price": "0.04", "size": "1300"}, {"price": "0.07", "size": "1900"}, {"price": "0.13", "size": "1100"}, {"price": "0.14", "size": "533.04"}, {"price": "0.15", "size": "200"}, {"price": "0.56", "size": "356.7"}, {"price": "0.57", "size": "256.7"}, {"price": "0.58", "size": "275"}], "asks": [{"price": "0.99", "size": "11966.44"}, {"price": "0.98", "size": "2700"}, {"price": "0.97", "size": "333.04"}, {"price": "0.92", "size": "300"}, {"price": "0.71", "size": "356.7"}, {"price": "0.7", "size": "256.7"}, {"price": "0.68", "size": "500"}], "event_type": "book", "last_trade_price": "0.700"}, {"market": "0x7f30cf3ce31deb36d9c87b7ce3ad493ecba7e2c04f54d9064c3668fec489e5a2", "asset_id": "41880403302959455557701594420687693279759982292853098277780027130808267649257", "timestamp": "1769384036533", "hash": "61849184b29c5ed6b5ce57a0fdd22a4d354fcb57", "bids": [{"price": "0.01", "size": "11966.44"}, {"price": "0.02", "size": "2700"}, {"price": "0.03", "size": "333.04"}, {"price": "0.08", "size": "300"}, {"price": "0.29", "size": "356.7"}, {"price": "0.3", "size": "256.7"}, {"price": "0.32", "size": "500"}], "asks": [{"price": "0.99", "size": "11966.44"}, {"price": "0.98", "size": "1000"}, {"price": "0.96", "size": "1300"}, {"price": "0.93", "size": "1900"}, {"price": "0.87", "size": "1100"}, {"price": "0.86", "size": "533.04"}, {"price": "0.85", "size": "200"}, {"price": "0.44", "size": "356.7"}, {"price": "0.43", "size": "256.7"}, {"price": "0.42", "size": "275"}], "event_type": "book", "last_trade_price": "0.700"}]}
{"_local_timestamp": "2026-01-25T23:34:06.835330+00:00", "data": {"market": "0x7f30cf3ce31deb36d9c87b7ce3ad493ecba7e2c04f54d9064c3668fec489e5a2", "price_changes": [{"asset_id": "98454865528785835890045788599167077000239351581671639397727717396046966577161", "price": "0.14", "size": "333.04", "side": "BUY", "hash": "ed2fd5a277b64dc216144c776ba811df5266a11f", "best_bid": "0.58", "best_ask": "0.68"}, {"asset_id": "41880403302959455557701594420687693279759982292853098277780027130808267649257", "price": "0.86", "size": "333.04", "side": "SELL", "hash": "0d27f4b248322b1a77cf2c9fd6b7e62bb61afcb3", "best_bid": "0.32", "best_ask": "0.42"}], "timestamp": "1769384046762", "event_type": "price_change"}}
{"_local_timestamp": "2026-01-25T23:34:07.128205+00:00", "data": {"market": "0x7f30cf3ce31deb36d9c87b7ce3ad493ecba7e2c04f54d9064c3668fec489e5a2", "price_changes": [{"asset_id": "98454865528785835890045788599167077000239351581671639397727717396046966577161", "price": "0.15", "size": "400", "side": "BUY", "hash": "272ba627d16fdf30f92591f86cbeba0216692cf3", "best_bid": "0.58", "best_ask": "0.68"}, {"asset_id": "41880403302959455557701594420687693279759982292853098277780027130808267649257", "price": "0.85", "size": "400", "side": "SELL", "hash": "b880d4522d7034b3eddb4d902d31ebcf0833afee", "best_bid": "0.32", "best_ask": "0.42"}], "timestamp": "1769384047053", "event_type": "price_change"}}
{"_local_timestamp": "2026-01-25T23:34:07.128849+00:00", "data": {"market": "0x7f30cf3ce31deb36d9c87b7ce3ad493ecba7e2c04f54d9064c3668fec489e5a2", "price_changes": [{"asset_id": "98454865528785835890045788599167077000239351581671639397727717396046966577161", "price": "0.15", "size": "500", "side": "BUY", "hash": "8b2ed8f0604f61356ea966e73a0f569b173e65ea", "best_bid": "0.58", "best_ask": "0.68"}, {"asset_id": "41880403302959455557701594420687693279759982292853098277780027130808267649257", "price": "0.85", "size": "500", "side": "SELL", "hash": "328ddcdcdddab59d178a62cc1f2f59d58586415a", "best_bid": "0.32", "best_ask": "0.42"}], "timestamp": "1769384047055", "event_type": "price_change"}}
{"_local_timestamp": "2026-01-25T23:34:07.196487+00:00", "data": {"market": "0x7f30cf3ce31deb36d9c87b7ce3ad493ecba7e2c04f54d9064c3668fec489e5a2", "price_changes": [{"asset_id": "98454865528785835890045788599167077000239351581671639397727717396046966577161", "price": "0.16", "size": "200", "side": "BUY", "hash": "50dfbf9245210c542d89995e71c93fa247f87dce", "best_bid": "0.58", "best_ask": "0.68"}, {"asset_id": "41880403302959455557701594420687693279759982292853098277780027130808267649257", "price": "0.84", "size": "200", "side": "SELL", "hash": "2589607adcc8093d7da05bb29a5890a9d02e7dac", "best_bid": "0.32", "best_ask": "0.42"}], "timestamp": "1769384047120", "event_type": "price_change"}}
{"_local_timestamp": "2026-01-25T23:34:07.197187+00:00", "data": {"market": "0x7f30cf3ce31deb36d9c87b7ce3ad493ecba7e2c04f54d9064c3668fec489e5a2", "price_changes": [{"asset_id": "98454865528785835890045788599167077000239351581671639397727717396046966577161", "price": "0.15", "size": "300", "side": "BUY", "hash": "b283bc7c20d70f6c12524dca260171b756a5a4dd", "best_bid": "0.58", "best_ask": "0.68"}, {"asset_id": "41880403302959455557701594420687693279759982292853098277780027130808267649257", "price": "0.85", "size": "300", "side": "SELL", "hash": "c84f8d4fe41b79dd331547670c17a0ff62c4f769", "best_bid": "0.32", "best_ask": "0.42"}], "timestamp": "1769384047127", "event_type": "price_change"}}
{"_local_timestamp": "2026-01-25T23:34:07.261508+00:00", "data": {"market": "0x7f30cf3ce31deb36d9c87b7ce3ad493ecba7e2c04f54d9064c3668fec489e5a2", "price_changes": [{"asset_id": "98454865528785835890045788599167077000239351581671639397727717396046966577161", "price": "0.16", "size": "533.04", "side": "BUY", "hash": "6fc70894e2e3ecb5c4c561645900ea217731bf10", "best_bid": "0.58", "best_ask": "0.68"}, {"asset_id": "41880403302959455557701594420687693279759982292853098277780027130808267649257", "price": "0.84", "size": "533.04", "side": "SELL", "hash": "8a3002de00a35d571fd9bae53d44f8837f3d2846", "best_bid": "0.32", "best_ask": "0.42"}], "timestamp": "1769384047194", "event_type": "price_change"}}
{"_local_timestamp": "2026-01-25T23:34:07.828316+00:00", "data": {"market": "0x7f30cf3ce31deb36d9c87b7ce3ad493ecba7e2c04f54d9064c3668fec489e5a2", "price_changes": [{"asset_id": "98454865528785835890045788599167077000239351581671639397727717396046966577161", "price": "0.13", "size": "900", "side": "BUY", "hash": "3c1eb4c40335b5138523d026838bad9d60c5ae7a", "best_bid": "0.58", "best_ask": "0.68"}, {"asset_id": "41880403302959455557701594420687693279759982292853098277780027130808267649257", "price": "0.87", "size": "900", "side": "SELL", "hash": "ec6c4cd0036f3f87c1ee733de03543d79e52529b", "best_bid": "0.32", "best_ask": "0.42"}], "timestamp": "1769384047757", "event_type": "price_change"}}
{"_local_timestamp": "2026-01-25T23:34:08.148868+00:00", "data": {"market": "0x7f30cf3ce31deb36d9c87b7ce3ad493ecba7e2c04f54d9064c3668fec489e5a2", "price_changes": [{"asset_id": "98454865528785835890045788599167077000239351581671639397727717396046966577161", "price": "0.15", "size": "500", "side": "BUY", "hash": "0a749797dfe4692134400eb95c511f42e3042dbc", "best_bid": "0.58", "best_ask": "0.68"}, {"asset_id": "41880403302959455557701594420687693279759982292853098277780027130808267649257", "price": "0.85", "size": "500", "side": "SELL", "hash": "033c6843eaa1f92de64ab0591a20f4044f7e5821", "best_bid": "0.32", "best_ask": "0.42"}], "timestamp": "1769384048022", "event_type": "price_change"}}
{"_local_timestamp": "2026-01-25T23:34:09.191383+00:00", "data": {"market": "0x7f30cf3ce31deb36d9c87b7ce3ad493ecba7e2c04f54d9064c3668fec489e5a2", "price_changes": [{"asset_id": "98454865528785835890045788599167077000239351581671639397727717396046966577161", "price": "0.16", "size": "333.04", "side": "BUY", "hash": "e7e79ef9420472d4cc8dc1e3bb1b9ad4134723ca", "best_bid": "0.58", "best_ask": "0.68"}, {"asset_id": "41880403302959455557701594420687693279759982292853098277780027130808267649257", "price": "0.84", "size": "333.04", "side": "SELL", "hash": "ea81130bbac058dedd3dd57500452cb16045a0ba", "best_bid": "0.32", "best_ask": "0.42"}], "timestamp": "1769384049108", "event_type": "price_change"}}
{"_local_timestamp": "2026-01-25T23:34:09.191859+00:00", "data": {"market": "0x7f30cf3ce31deb36d9c87b7ce3ad493ecba7e2c04f54d9064c3668fec489e5a2", "price_changes": [{"asset_id": "98454865528785835890045788599167077000239351581671639397727717396046966577161", "price": "0.17", "size": "200", "side": "BUY", "hash": "b79131b397f902fe96e3ab43b453dfae35750be3", "best_bid": "0.58", "best_ask": "0.68"}, {"asset_id": "41880403302959455557701594420687693279759982292853098277780027130808267649257", "price": "0.83", "size": "200", "side": "SELL", "hash": "a3426ae55be1f37ca45d626f6688607cf6580c3d", "best_bid": "0.32", "best_ask": "0.42"}], "timestamp": "1769384049109", "event_type": "price_change"}}
{"_local_timestamp": "2026-01-25T23:34:17.912411+00:00", "data": {"market": "0x7f30cf3ce31deb36d9c87b7ce3ad493ecba7e2c04f54d9064c3668fec489e5a2", "price_changes": [{"asset_id": "98454865528785835890045788599167077000239351581671639397727717396046966577161", "price": "0.15", "size": "300", "side": "BUY", "hash": "2ddbde3af9dc0813bd9a8013990cc32b95dc2680", "best_bid": "0.58", "best_ask": "0.68"}, {"asset_id": "41880403302959455557701594420687693279759982292853098277780027130808267649257", "price": "0.85", "size": "300", "side": "SELL", "hash": "550da733a5ba5610c75709f85d5dda76fd776d33", "best_bid": "0.32", "best_ask": "0.42"}], "timestamp": "1769384057839", "event_type": "price_change"}}
{"_local_timestamp": "2026-01-25T23:34:18.160640+00:00", "data": {"market": "0x7f30cf3ce31deb36d9c87b7ce3ad493ecba7e2c04f54d9064c3668fec489e5a2", "price_changes": [{"asset_id": "98454865528785835890045788599167077000239351581671639397727717396046966577161", "price": "0.13", "size": "1100", "side": "BUY", "hash": "15b51dd93856459ba2766d334361a059f8521dab", "best_bid": "0.58", "best_ask": "0.68"}, {"asset_id": "41880403302959455557701594420687693279759982292853098277780027130808267649257", "price": "0.87", "size": "1100", "side": "SELL", "hash": "b502e04d3148a3ab4e99f7041619a8fe017f010e", "best_bid": "0.32", "best_ask": "0.42"}], "timestamp": "1769384058088", "event_type": "price_change"}}
{"_local_timestamp": "2026-01-25T23:34:19.212241+00:00", "data": {"market": "0x7f30cf3ce31deb36d9c87b7ce3ad493ecba7e2c04f54d9064c3668fec489e5a2", "price_changes": [{"asset_id": "98454865528785835890045788599167077000239351581671639397727717396046966577161", "price": "0.15", "size": "200", "side": "BUY", "hash": "ce1fa14ed615ffc0fe1150d231f8463faf696dff", "best_bid": "0.58", "best_ask": "0.68"}, {"asset_id": "41880403302959455557701594420687693279759982292853098277780027130808267649257", "price": "0.85", "size": "200", "side": "SELL", "hash": "7163f7e2951eafa286e5b45f974dad2cd4616fdb", "best_bid": "0.32", "best_ask": "0.42"}], "timestamp": "1769384059135", "event_type": "price_change"}}
{"_local_timestamp": "2026-01-25T23:34:28.115368+00:00", "data": {"market": "0x7f30cf3ce31deb36d9c87b7ce3ad493ecba7e2c04f54d9064c3668fec489e5a2", "price_changes": [{"asset_id": "41880403302959455557701594420687693279759982292853098277780027130808267649257", "price": "0.32", "size": "200", "side": "BUY", "hash": "cc61445f6a071b78189000819569129cf10347ea", "best_bid": "0.32", "best_ask": "0.42"}, {"asset_id": "98454865528785835890045788599167077000239351581671639397727717396046966577161", "price": "0.68", "size": "200", "side": "SELL", "hash": "d871cf6e66114da59afd11377f4300860fe240f7", "best_bid": "0.58", "best_ask": "0.68"}], "timestamp": "1769384068037", "event_type": "price_change"}}
{"_local_timestamp": "2026-01-25T23:34:28.147693+00:00", "data": {"market": "0x7f30cf3ce31deb36d9c87b7ce3ad493ecba7e2c04f54d9064c3668fec489e5a2", "price_changes": [{"asset_id": "98454865528785835890045788599167077000239351581671639397727717396046966577161", "price": "0.16", "size": "0", "side": "BUY", "hash": "3c2af46770086aa43a0043ec74feaad514ad922c", "best_bid": "0.58", "best_ask": "0.68"}, {"asset_id": "41880403302959455557701594420687693279759982292853098277780027130808267649257", "price": "0.84", "size": "0", "side": "SELL", "hash": "db456a9b5fe2d893100e1c32a96f85fe334b1293", "best_bid": "0.32", "best_ask": "0.42"}], "timestamp": "1769384068076", "event_type": "price_change"}}
{"_local_timestamp": "2026-01-25T23:34:28.196475+00:00", "data": {"market": "0x7f30cf3ce31deb36d9c87b7ce3ad493ecba7e2c04f54d9064c3668fec489e5a2", "price_changes": [{"asset_id": "41880403302959455557701594420687693279759982292853098277780027130808267649257", "price": "0.32", "size": "0", "side": "BUY", "hash": "764bf7dcc93e4c937979d13ff5160c2a5713f256", "best_bid": "0.3", "best_ask": "0.42"}, {"asset_id": "98454865528785835890045788599167077000239351581671639397727717396046966577161", "price": "0.68", "size": "0", "side": "SELL", "hash": "897d88007365ce4bff97b3726a2b1f45b91382a2", "best_bid": "0.58", "best_ask": "0.7"}], "timestamp": "1769384068099", "event_type": "price_change"}}
{"_local_timestamp": "2026-01-25T23:34:28.203274+00:00", "data": {"market": "0x7f30cf3ce31deb36d9c87b7ce3ad493ecba7e2c04f54d9064c3668fec489e5a2", "price_changes": [{"asset_id": "98454865528785835890045788599167077000239351581671639397727717396046966577161", "price": "0.13", "size": "900", "side": "BUY", "hash": "1053b706b05d7ee754c769e2938596e47d108931", "best_bid": "0.58", "best_ask": "0.7"}, {"asset_id": "41880403302959455557701594420687693279759982292853098277780027130808267649257", "price": "0.87", "size": "900", "side": "SELL", "hash": "97c4f63f8ff02c8e129b6b3bd1a3712e5d422176", "best_bid": "0.3", "best_ask": "0.42"}], "timestamp": "1769384068106", "event_type": "price_change"}}
{"_local_timestamp": "2026-01-25T23:34:28.218435+00:00", "data": {"market": "0x7f30cf3ce31deb36d9c87b7ce3ad493ecba7e2c04f54d9064c3668fec489e5a2", "price_changes": [{"asset_id": "41880403302959455557701594420687693279759982292853098277780027130808267649257", "price": "0.31", "size": "200", "side": "BUY", "hash": "66138aa24e0d3dcff2a9a85099554ec6c900523d", "best_bid": "0.31", "best_ask": "0.42"}, {"asset_id": "98454865528785835890045788599167077000239351581671639397727717396046966577161", "price": "0.69", "size": "200", "side": "SELL", "hash": "2d9413be60bc497d51160ea432b1a2f94cf10727", "best_bid": "0.58", "best_ask": "0.69"}], "timestamp": "1769384068133", "event_type": "price_change"}}
{"_local_timestamp": "2026-01-25T23:34:28.219467+00:00", "data": {"market": "0x7f30cf3ce31deb36d9c87b7ce3ad493ecba7e2c04f54d9064c3668fec489e5a2", "price_changes": [{"asset_id": "98454865528785835890045788599167077000239351581671639397727717396046966577161", "price": "0.14", "size": "533.04", "side": "BUY", "hash": "94a1b2266cc34e06cc1160152c396c7d03b356ce", "best_bid": "0.58", "best_ask": "0.69"}, {"asset_id": "41880403302959455557701594420687693279759982292853098277780027130808267649257", "price": "0.86", "size": "533.04", "side": "SELL", "hash": "f8f94c0ef2828c2f4c5657fdd8a954428a30b40b", "best_bid": "0.31", "best_ask": "0.42"}], "timestamp": "1769384068139", "event_type": "price_change"}}
{"_local_timestamp": "2026-01-25T23:34:30.022724+00:00", "data": {"market": "0x7f30cf3ce31deb36d9c87b7ce3ad493ecba7e2c04f54d9064c3668fec489e5a2", "price_changes": [{"asset_id": "98454865528785835890045788599167077000239351581671639397727717396046966577161", "price": "0.15", "size": "0", "side": "BUY", "hash": "cb3231b9d33ddc4dde9482e4885858e4eeaee663", "best_bid": "0.58", "best_ask": "0.69"}, {"asset_id": "41880403302959455557701594420687693279759982292853098277780027130808267649257", "price": "0.85", "size": "0", "side": "SELL", "hash": "d50a729ab86e3eb6d38c24a72e0f8ac10e0bc0bc", "best_bid": "0.31", "best_ask": "0.42"}], "timestamp": "1769384069837", "event_type": "price_change"}}
{"_local_timestamp": "2026-01-25T23:34:30.233692+00:00", "data": {"market": "0x7f30cf3ce31deb36d9c87b7ce3ad493ecba7e2c04f54d9064c3668fec489e5a2", "price_changes": [{"asset_id": "98454865528785835890045788599167077000239351581671639397727717396046966577161", "price": "0.15", "size": "200", "side": "BUY", "hash": "ab91db5bdd5278504acc3f29f3c36e81a95dabcf", "best_bid": "0.58", "best_ask": "0.69"}, {"asset_id": "41880403302959455557701594420687693279759982292853098277780027130808267649257", "price": "0.85", "size": "200", "side": "SELL", "hash": "671174875ff06cf82b2bda5de7604b79a1bf0885", "best_bid": "0.31", "best_ask": "0.42"}], "timestamp": "1769384070076", "event_type": "price_change"}}
{"_local_timestamp": "2026-01-25T23:34:30.250512+00:00", "data": {"market": "0x7f30cf3ce31deb36d9c87b7ce3ad493ecba7e2c04f54d9064c3668fec489e5a2", "price_changes": [{"asset_id": "98454865528785835890045788599167077000239351581671639397727717396046966577161", "price": "0.17", "size": "0", "side": "BUY", "hash": "f9b8975f3420a78c4b9e3030175977b4c0aa4efc", "best_bid": "0.58", "best_ask": "0.69"}, {"asset_id": "41880403302959455557701594420687693279759982292853098277780027130808267649257", "price": "0.83", "size": "0", "side": "SELL", "hash": "c0df0aac3ae1837dca10ebe6c08add47fa1dbc53", "best_bid": "0.31", "best_ask": "0.42"}], "timestamp": "1769384070090", "event_type": "price_change"}}
{"_local_timestamp": "2026-01-25T23:34:30.290174+00:00", "data": {"market": "0x7f30cf3ce31deb36d9c87b7ce3ad493ecba7e2c04f54d9064c3668fec489e5a2", "price_changes": [{"asset_id": "98454865528785835890045788599167077000239351581671639397727717396046966577161", "price": "0.16", "size": "200", "side": "BUY", "hash": "e4405ee202467add1b032ce99ff4a384024a8a0e", "best_bid": "0.58", "best_ask": "0.69"}, {"asset_id": "41880403302959455557701594420687693279759982292853098277780027130808267649257", "price": "0.84", "size": "200", "side": "SELL", "hash": "ed23a2b95420cfdd860891662b0073c05e0a89fe", "best_bid": "0.31", "best_ask": "0.42"}], "timestamp": "1769384070115", "event_type": "price_change"}}
{"_local_timestamp": "2026-01-25T23:34:32.185292+00:00", "data": {"market": "0x7f30cf3ce31deb36d9c87b7ce3ad493ecba7e2c04f54d9064c3668fec489e5a2", "price_changes": [{"asset_id": "98454865528785835890045788599167077000239351581671639397727717396046966577161", "price": "0.17", "size": "200", "side": "BUY", "hash": "f35db4af078d873e839e5b635b83d40980fe5ad0", "best_bid": "0.58", "best_ask": "0.69"}, {"asset_id": "41880403302959455557701594420687693279759982292853098277780027130808267649257", "price": "0.83", "size": "200", "side": "SELL", "hash": "edc1bad9d88e9c71223edaf6297050e4a87b1972", "best_bid": "0.31", "best_ask": "0.42"}], "timestamp": "1769384072082", "event_type": "price_change"}}
{"_local_timestamp": "2026-01-25T23:34:32.198698+00:00", "data": {"market": "0x7f30cf3ce31deb36d9c87b7ce3ad493ecba7e2c04f54d9064c3668fec489e5a2", "price_changes": [{"asset_id": "98454865528785835890045788599167077000239351581671639397727717396046966577161", "price": "0.15", "size": "0", "side": "BUY", "hash": "9b2a195a9f8330e364c8d375257b2b7ddb8a3a1e", "best_bid": "0.58", "best_ask": "0.69"}, {"asset_id": "41880403302959455557701594420687693279759982292853098277780027130808267649257", "price": "0.85", "size": "0", "side": "SELL", "hash": "066a189c31663a62678e9398b293b0e091c238b1", "best_bid": "0.31", "best_ask": "0.42"}], "timestamp": "1769384072082", "event_type": "price_change"}}
{"_local_timestamp": "2026-01-25T23:34:39.060323+00:00", "data": {"market": "0x7f30cf3ce31deb36d9c87b7ce3ad493ecba7e2c04f54d9064c3668fec489e5a2", "price_changes": [{"asset_id": "41880403302959455557701594420687693279759982292853098277780027130808267649257", "price": "0.02", "size": "2500", "side": "BUY", "hash": "8989afc12b4ddccf8aae1db3121870601f4e0311", "best_bid": "0.31", "best_ask": "0.42"}, {"asset_id": "98454865528785835890045788599167077000239351581671639397727717396046966577161", "price": "0.98", "size": "2500", "side": "SELL", "hash": "18483ab49d90246bb709fcbb36c45b3704bcbdc4", "best_bid": "0.58", "best_ask": "0.69"}], "timestamp": "1769384078974", "event_type": "price_change"}}
{"_local_timestamp": "2026-01-25T23:34:40.573778+00:00", "data": {"market": "0x7f30cf3ce31deb36d9c87b7ce3ad493ecba7e2c04f54d9064c3668fec489e5a2", "price_changes": [{"asset_id": "41880403302959455557701594420687693279759982292853098277780027130808267649257", "price": "0.32", "size": "300", "side": "BUY", "hash": "7d09ec7b947025fb67e08b00a8b05b801d950be0", "best_bid": "0.32", "best_ask": "0.42"}, {"asset_id": "98454865528785835890045788599167077000239351581671639397727717396046966577161", "price": "0.68", "size": "300", "side": "SELL", "hash": "ae612b942e0aaef68b6ad655cc73b8aed0ab6b71", "best_bid": "0.58", "best_ask": "0.68"}], "timestamp": "1769384080368", "event_type": "price_change"}}
{"_local_timestamp": "2026-01-25T23:34:40.706695+00:00", "data": {"market": "0x7f30cf3ce31deb36d9c87b7ce3ad493ecba7e2c04f54d9064c3668fec489e5a2", "price_changes": [{"asset_id": "41880403302959455557701594420687693279759982292853098277780027130808267649257", "price": "0.32", "size": "500", "side": "BUY", "hash": "850dcbfed01a63ec2720511e27aaacd1a5910314", "best_bid": "0.32", "best_ask": "0.42"}, {"asset_id": "98454865528785835890045788599167077000239351581671639397727717396046966577161", "price": "0.68", "size": "500", "side": "SELL", "hash": "571eaf064607ea13f79f88d4b11675116d777dc6", "best_bid": "0.58", "best_ask": "0.68"}], "timestamp": "1769384080576", "event_type": "price_change"}}
{"_local_timestamp": "2026-01-25T23:34:40.707183+00:00", "data": {"market": "0x7f30cf3ce31deb36d9c87b7ce3ad493ecba7e2c04f54d9064c3668fec489e5a2", "price_changes": [{"asset_id": "98454865528785835890045788599167077000239351581671639397727717396046966577161", "price": "0.13", "size": "1100", "side": "BUY", "hash": "a3c2dc53d30f25ac5c60e318763b98ec345a0002", "best_bid": "0.58", "best_ask": "0.68"}, {"asset_id": "41880403302959455557701594420687693279759982292853098277780027130808267649257", "price": "0.87", "size": "1100", "side": "SELL", "hash": "0a6ce344c8177dd7a8c8c3dfe5e23b0a8c22ac6d", "best_bid": "0.32", "best_ask": "0.42"}], "timestamp": "1769384080577", "event_type": "price_change"}}
{"_local_timestamp": "2026-01-25T23:34:40.711194+00:00", "data": {"market": "0x7f30cf3ce31deb36d9c87b7ce3ad493ecba7e2c04f54d9064c3668fec489e5a2", "price_changes": [{"asset_id": "41880403302959455557701594420687693279759982292853098277780027130808267649257", "price": "0.31", "size": "0", "side": "BUY", "hash": "7933da25c7fb2892b0b530fdd6d4ef28f76e701b", "best_bid": "0.32", "best_ask": "0.42"}, {"asset_id": "98454865528785835890045788599167077000239351581671639397727717396046966577161", "price": "0.69", "size": "0", "side": "SELL", "hash": "0e0c6e37d9de435eb260413461159052bbfdc09a", "best_bid": "0.58", "best_ask": "0.68"}], "timestamp": "1769384080581", "event_type": "price_change"}}
{"_local_timestamp": "2026-01-25T23:34:40.711631+00:00", "data": {"market": "0x7f30cf3ce31deb36d9c87b7ce3ad493ecba7e2c04f54d9064c3668fec489e5a2", "price_changes": [{"asset_id": "98454865528785835890045788599167077000239351581671639397727717396046966577161", "price": "0.14", "size": "333.04", "side": "BUY", "hash": "11b14b3a2386fa72f8adfd2dc99405f774d6c092", "best_bid": "0.58", "best_ask": "0.68"}, {"asset_id": "41880403302959455557701594420687693279759982292853098277780027130808267649257", "price": "0.86", "size": "333.04", "side": "SELL", "hash": "47d355b41ed9c0d314018526b17610700993edad", "best_bid": "0.32", "best_ask": "0.42"}], "timestamp": "1769384080581", "event_type": "price_change"}}
{"_local_timestamp": "2026-01-25T23:34:42.912601+00:00", "data": {"market": "0x7f30cf3ce31deb36d9c87b7ce3ad493ecba7e2c04f54d9064c3668fec489e5a2", "price_changes": [{"asset_id": "41880403302959455557701594420687693279759982292853098277780027130808267649257", "price": "0.02", "size": "2200", "side": "BUY", "hash": "5ac85fff923e812df9195b5cf4dc0b13c6bf91b5", "best_bid": "0.32", "best_ask": "0.42"}, {"asset_id": "98454865528785835890045788599167077000239351581671639397727717396046966577161", "price": "0.98", "size": "2200", "side": "SELL", "hash": "dd5ff397dee816b3b10e0b2de60d8fffb52d3e0b", "best_bid": "0.58", "best_ask": "0.68"}], "timestamp": "1769384082842", "event_type": "price_change"}}
{"_local_timestamp": "2026-01-25T23:34:50.080914+00:00", "data": {"market": "0x7f30cf3ce31deb36d9c87b7ce3ad493ecba7e2c04f54d9064c3668fec489e5a2", "price_changes": [{"asset_id": "41880403302959455557701594420687693279759982292853098277780027130808267649257", "price": "0.02", "size": "2400", "side": "BUY", "hash": "fb6b268a69a92e97155a0c59293e7187f3bf8c03", "best_bid": "0.32", "best_ask": "0.42"}, {"asset_id": "98454865528785835890045788599167077000239351581671639397727717396046966577161", "price": "0.98", "size": "2400", "side": "SELL", "hash": "e6495985313c9bc96ef4be9fb4b6dc74e5ceb5c5", "best_bid": "0.58", "best_ask": "0.68"}], "timestamp": "1769384090011", "event_type": "price_change"}}
{"_local_timestamp": "2026-01-25T23:34:50.266253+00:00", "data": {"market": "0x7f30cf3ce31deb36d9c87b7ce3ad493ecba7e2c04f54d9064c3668fec489e5a2", "price_changes": [{"asset_id": "41880403302959455557701594420687693279759982292853098277780027130808267649257", "price": "0.02", "size": "2000", "side": "BUY", "hash": "8c0bd94c9a42f0610dabff4073dd0b6c4b70c0a7", "best_bid": "0.32", "best_ask": "0.42"}, {"asset_id": "98454865528785835890045788599167077000239351581671639397727717396046966577161", "price": "0.98", "size": "2000", "side": "SELL", "hash": "b8c7fb95cbba491cd0aed01a828ea6d82a225a30", "best_bid": "0.58", "best_ask": "0.68"}], "timestamp": "1769384090195", "event_type": "price_change"}}
{"_local_timestamp": "2026-01-25T23:34:50.731473+00:00", "data": {"market": "0x7f30cf3ce31deb36d9c87b7ce3ad493ecba7e2c04f54d9064c3668fec489e5a2", "price_changes": [{"asset_id": "98454865528785835890045788599167077000239351581671639397727717396046966577161", "price": "0.16", "size": "0", "side": "BUY", "hash": "b3bb68e207236cb94be95d26ab4332d80368e070", "best_bid": "0.58", "best_ask": "0.68"}, {"asset_id": "41880403302959455557701594420687693279759982292853098277780027130808267649257", "price": "0.84", "size": "0", "side": "SELL", "hash": "13c6a104619445e5eacb6298541b15c0c1e5ab8d", "best_bid": "0.32", "best_ask": "0.42"}], "timestamp": "1769384090657", "event_type": "price_change"}}
{"_local_timestamp": "2026-01-25T23:34:50.798317+00:00", "data": {"market": "0x7f30cf3ce31deb36d9c87b7ce3ad493ecba7e2c04f54d9064c3668fec489e5a2", "price_changes": [{"asset_id": "98454865528785835890045788599167077000239351581671639397727717396046966577161", "price": "0.17", "size": "0", "side": "BUY", "hash": "1fe57597c8805e16df249cedf78b9ec8801e813f", "best_bid": "0.58", "best_ask": "0.68"}, {"asset_id": "41880403302959455557701594420687693279759982292853098277780027130808267649257", "price": "0.83", "size": "0", "side": "SELL", "hash": "193cbffffaa4b11d03fcc044ef1e3f8de80882ef", "best_bid": "0.32", "best_ask": "0.42"}], "timestamp": "1769384090698", "event_type": "price_change"}}
{"_local_timestamp": "2026-01-25T23:34:50.799005+00:00", "data": {"market": "0x7f30cf3ce31deb36d9c87b7ce3ad493ecba7e2c04f54d9064c3668fec489e5a2", "price_changes": [{"asset_id": "98454865528785835890045788599167077000239351581671639397727717396046966577161", "price": "0.15", "size": "200", "side": "BUY", "hash": "49c64b8ba3b0ad312caade58287099b6a70bcc8c", "best_bid": "0.58", "best_ask": "0.68"}, {"asset_id": "41880403302959455557701594420687693279759982292853098277780027130808267649257", "price": "0.85", "size": "200", "side": "SELL", "hash": "a6fa70323671c29262d4d081ead3945424927676", "best_bid": "0.32", "best_ask": "0.42"}], "timestamp": "1769384090700", "event_type": "price_change"}}
{"_local_timestamp": "2026-01-25T23:34:51.368941+00:00", "data": {"market": "0x7f30cf3ce31deb36d9c87b7ce3ad493ecba7e2c04f54d9064c3668fec489e5a2", "price_changes": [{"asset_id": "98454865528785835890045788599167077000239351581671639397727717396046966577161", "price": "0.14", "size": "533.04", "side": "BUY", "hash": "4337705def8cbd269aba815974610dc4f5f17650", "best_bid": "0.58", "best_ask": "0.68"}, {"asset_id": "41880403302959455557701594420687693279759982292853098277780027130808267649257", "price": "0.86", "size": "533.04", "side": "SELL", "hash": "f4a6d31144f3ca7b0913fe30ebbbfa6721bd72e4", "best_bid": "0.32", "best_ask": "0.42"}], "timestamp": "1769384090940", "event_type": "price_change"}}
{"_local_timestamp": "2026-01-25T23:34:54.916797+00:00", "data": {"market": "0x7f30cf3ce31deb36d9c87b7ce3ad493ecba7e2c04f54d9064c3668fec489e5a2", "price_changes": [{"asset_id": "41880403302959455557701594420687693279759982292853098277780027130808267649257", "price": "0.02", "size": "2300", "side": "BUY", "hash": "41c6c259c11c648cbfabd9d8206b7465698f75e9", "best_bid": "0.32", "best_ask": "0.42"}, {"asset_id": "98454865528785835890045788599167077000239351581671639397727717396046966577161", "price": "0.98", "size": "2300", "side": "SELL", "hash": "8e07396ed57f5ecbe53eed60f396c6318b017139", "best_bid": "0.58", "best_ask": "0.68"}], "timestamp": "1769384094849", "event_type": "price_change"}}
{"_local_timestamp": "2026-01-25T23:34:54.950564+00:00", "data": {"market": "0x7f30cf3ce31deb36d9c87b7ce3ad493ecba7e2c04f54d9064c3668fec489e5a2", "price_changes": [{"asset_id": "98454865528785835890045788599167077000239351581671639397727717396046966577161", "price": "0.01", "size": "11766.44", "side": "BUY", "hash": "937bd144831c66634f7883dacddaf624e6ffabb9", "best_bid": "0.58", "best_ask": "0.68"}, {"asset_id": "41880403302959455557701594420687693279759982292853098277780027130808267649257", "price": "0.99", "size": "11766.44", "side": "SELL", "hash": "f861423ad7043c1ab34810fb899e567eb8368df6", "best_bid": "0.32", "best_ask": "0.42"}], "timestamp": "1769384094883", "event_type": "price_change"}}
{"_local_timestamp": "2026-01-25T23:34:54.954285+00:00", "data": {"market": "0x7f30cf3ce31deb36d9c87b7ce3ad493ecba7e2c04f54d9064c3668fec489e5a2", "price_changes": [{"asset_id": "98454865528785835890045788599167077000239351581671639397727717396046966577161", "price": "0.58", "size": "75", "side": "BUY", "hash": "937bd144831c66634f7883dacddaf624e6ffabb9", "best_bid": "0.58", "best_ask": "0.68"}, {"asset_id": "41880403302959455557701594420687693279759982292853098277780027130808267649257", "price": "0.42", "size": "75", "side": "SELL", "hash": "f861423ad7043c1ab34810fb899e567eb8368df6", "best_bid": "0.32", "best_ask": "0.42"}], "timestamp": "1769384094883", "event_type": "price_change"}}
{"_local_timestamp": "2026-01-25T23:34:54.955074+00:00", "data": {"market": "0x7f30cf3ce31deb36d9c87b7ce3ad493ecba7e2c04f54d9064c3668fec489e5a2", "price_changes": [{"asset_id": "98454865528785835890045788599167077000239351581671639397727717396046966577161", "price": "0.13", "size": "900", "side": "BUY", "hash": "937bd144831c66634f7883dacddaf624e6ffabb9", "best_bid": "0.58", "best_ask": "0.68"}, {"asset_id": "41880403302959455557701594420687693279759982292853098277780027130808267649257", "price": "0.87", "size": "900", "side": "SELL", "hash": "f861423ad7043c1ab34810fb899e567eb8368df6", "best_bid": "0.32", "best_ask": "0.42"}], "timestamp": "1769384094883", "event_type": "price_change"}}
{"_local_timestamp": "2026-01-25T23:34:54.955508+00:00", "data": {"market": "0x7f30cf3ce31deb36d9c87b7ce3ad493ecba7e2c04f54d9064c3668fec489e5a2", "price_changes": [{"asset_id": "98454865528785835890045788599167077000239351581671639397727717396046966577161", "price": "0.15", "size": "0", "side": "BUY", "hash": "937bd144831c66634f7883dacddaf624e6ffabb9", "best_bid": "0.58", "best_ask": "0.68"}, {"asset_id": "41880403302959455557701594420687693279759982292853098277780027130808267649257", "price": "0.85", "size": "0", "side": "SELL", "hash": "f861423ad7043c1ab34810fb899e567eb8368df6", "best_bid": "0.32", "best_ask": "0.42"}], "timestamp": "1769384094883", "event_type": "price_change"}}
{"_local_timestamp": "2026-01-25T23:34:54.955918+00:00", "data": {"market": "0x7f30cf3ce31deb36d9c87b7ce3ad493ecba7e2c04f54d9064c3668fec489e5a2", "price_changes": [{"asset_id": "41880403302959455557701594420687693279759982292853098277780027130808267649257", "price": "0.01", "size": "11766.44", "side": "BUY", "hash": "67553239b8103baa51f6614dfc137ca7a91b7ab5", "best_bid": "0.32", "best_ask": "0.42"}, {"asset_id": "98454865528785835890045788599167077000239351581671639397727717396046966577161", "price": "0.99", "size": "11766.44", "side": "SELL", "hash": "156d5f3897b32e21bbba32b1690536f2edf4dfb0", "best_bid": "0.58", "best_ask": "0.68"}], "timestamp": "1769384094883", "event_type": "price_change"}}
{"_local_timestamp": "2026-01-25T23:34:54.956289+00:00", "data": {"market": "0x7f30cf3ce31deb36d9c87b7ce3ad493ecba7e2c04f54d9064c3668fec489e5a2", "price_changes": [{"asset_id": "41880403302959455557701594420687693279759982292853098277780027130808267649257", "price": "0.08", "size": "100", "side": "BUY", "hash": "67553239b8103baa51f6614dfc137ca7a91b7ab5", "best_bid": "0.32", "best_ask": "0.42"}, {"asset_id": "98454865528785835890045788599167077000239351581671639397727717396046966577161", "price": "0.92", "size": "100", "side": "SELL", "hash": "156d5f3897b32e21bbba32b1690536f2edf4dfb0", "best_bid": "0.58", "best_ask": "0.68"}], "timestamp": "1769384094883", "event_type": "price_change"}}
{"_local_timestamp": "2026-01-25T23:34:54.956942+00:00", "data": {"market": "0x7f30cf3ce31deb36d9c87b7ce3ad493ecba7e2c04f54d9064c3668fec489e5a2", "price_changes": [{"asset_id": "41880403302959455557701594420687693279759982292853098277780027130808267649257", "price": "0.32", "size": "300", "side": "BUY", "hash": "67553239b8103baa51f6614dfc137ca7a91b7ab5", "best_bid": "0.32", "best_ask": "0.42"}, {"asset_id": "98454865528785835890045788599167077000239351581671639397727717396046966577161", "price": "0.68", "size": "300", "side": "SELL", "hash": "156d5f3897b32e21bbba32b1690536f2edf4dfb0", "best_bid": "0.58", "best_ask": "0.68"}], "timestamp": "1769384094883", "event_type": "price_change"}}
{"_local_timestamp": "2026-01-25T23:34:56.558266+00:00", "data": {"market": "0x7f30cf3ce31deb36d9c87b7ce3ad493ecba7e2c04f54d9064c3668fec489e5a2", "price_changes": [{"asset_id": "41880403302959455557701594420687693279759982292853098277780027130808267649257", "price": "0.02", "size": "1900", "side": "BUY", "hash": "e674037573d18fbf8102d957a09ec311a64e8ca7", "best_bid": "0.32", "best_ask": "0.42"}, {"asset_id": "98454865528785835890045788599167077000239351581671639397727717396046966577161", "price": "0.98", "size": "1900", "side": "SELL", "hash": "c83df8f0ae0a0da4dca49298415338bbd8e57cc0", "best_bid": "0.58", "best_ask": "0.68"}], "timestamp": "1769384096483", "event_type": "price_change"}}
{"_local_timestamp": "2026-01-25T23:35:01.326382+00:00", "data": {"market": "0x7f30cf3ce31deb36d9c87b7ce3ad493ecba7e2c04f54d9064c3668fec489e5a2", "price_changes": [{"asset_id": "98454865528785835890045788599167077000239351581671639397727717396046966577161", "price": "0.13", "size": "700", "side": "BUY", "hash": "74082a663df06554f24155ff3b8be3082cf5e6e8", "best_bid": "0.58", "best_ask": "0.68"}, {"asset_id": "41880403302959455557701594420687693279759982292853098277780027130808267649257", "price": "0.87", "size": "700", "side": "SELL", "hash": "a54330e418acfed23e0c1419b88c62d59a0ffe61", "best_bid": "0.32", "best_ask": "0.42"}], "timestamp": "1769384101250", "event_type": "price_change"}}
{"_local_timestamp": "2026-01-25T23:35:01.590920+00:00", "data": {"market": "0x7f30cf3ce31deb36d9c87b7ce3ad493ecba7e2c04f54d9064c3668fec489e5a2", "price_changes": [{"asset_id": "98454865528785835890045788599167077000239351581671639397727717396046966577161", "price": "0.14", "size": "733.04", "side": "BUY", "hash": "fddf0cf5011c7f0c5cda5dd2cc6c5868170023f0", "best_bid": "0.58", "best_ask": "0.68"}, {"asset_id": "41880403302959455557701594420687693279759982292853098277780027130808267649257", "price": "0.86", "size": "733.04", "side": "SELL", "hash": "86db74213139a2951cb668b9f88f4df1664a2fcc", "best_bid": "0.32", "best_ask": "0.42"}], "timestamp": "1769384101512", "event_type": "price_change"}}
{"_local_timestamp": "2026-01-25T23:35:01.709096+00:00", "data": {"market": "0x7f30cf3ce31deb36d9c87b7ce3ad493ecba7e2c04f54d9064c3668fec489e5a2", "price_changes": [{"asset_id": "98454865528785835890045788599167077000239351581671639397727717396046966577161", "price": "0.15", "size": "333.04", "side": "BUY", "hash": "ad25e13cc6b2577dd218e3b1625a206e4820b514", "best_bid": "0.58", "best_ask": "0.68"}, {"asset_id": "41880403302959455557701594420687693279759982292853098277780027130808267649257", "price": "0.85", "size": "333.04", "side": "SELL", "hash": "9206001331286ede2cf4544965be6d330f6caf56", "best_bid": "0.32", "best_ask": "0.42"}], "timestamp": "1769384101642", "event_type": "price_change"}}
{"_local_timestamp": "2026-01-25T23:35:01.800928+00:00", "data": {"market": "0x7f30cf3ce31deb36d9c87b7ce3ad493ecba7e2c04f54d9064c3668fec489e5a2", "price_changes": [{"asset_id": "41880403302959455557701594420687693279759982292853098277780027130808267649257", "price": "0.02", "size": "1500", "side": "BUY", "hash": "a5fed2df79e5653c0e7a0b69e614c9cdd7d57520", "best_bid": "0.32", "best_ask": "0.42"}, {"asset_id": "98454865528785835890045788599167077000239351581671639397727717396046966577161", "price": "0.98", "size": "1500", "side": "SELL", "hash": "8c5608f4c8754d9da3ffddf4c0b4153b319e83a8", "best_bid": "0.58", "best_ask": "0.68"}], "timestamp": "1769384101732", "event_type": "price_change"}}
