{"_local_timestamp": "2026-01-25T23:34:02.670558+00:00", "data": [{"market": "0x136d0b2eb4db876b6703eeb4d3742ea0c73e0de7810f185d1cd5a1c7b3f6268c", "asset_id": "2929086040770755072885506446724738057242934532136636408936871946276372591747", "timestamp": "1769383937456", "hash": "7481b5108e3b07c259a904b854fb1c27b995c77d", "bids": [{"price": "0.01", "size": "492.24"}, {"price": "0.02", "size": "333"}, {"price": "0.03", "size": "7.03"}, {"price": "0.05", "size": "230"}, {"price": "0.06", "size": "33"}, {"price": "0.07", "size": "116"}, {"price": "0.08", "size": "8.33"}, {"price": "0.12", "size": "300"}, {"price": "0.14", "size": "200"}, {"price": "0.15", "size": "125"}, {"price": "0.16", "size": "75"}, {"price": "0.2", "size": "600"}, {"price": "0.22", "size": "50"}, {"price": "0.23", "size": "56.52"}, {"price": "0.24", "size": "45.83"}, {"price": "0.27", "size": "20"}, {"price": "0.3", "size": "10"}], "asks": [{"price": "0.99", "size": "1285.19"}, {"price": "0.98", "size": "355.14"}, {"price": "0.97", "size": "200"}, {"price": "0.96", "size": "7.21"}, {"price": "0.95", "size": "30"}, {"price": "0.94", "size": "233"}, {"price": "0.92", "size": "200"}, {"price": "0.9", "size": "600"}, {"price": "0.89", "size": "5.06"}, {"price": "0.84", "size": "300"}, {"price": "0.81", "size": "200"}, {"price": "0.8", "size": "725"}, {"price": "0.78", "size": "112"}, {"price": "0.7", "size": "300"}, {"price": "0.69", "size": "41.93"}, {"price": "0.68", "size": "34.37"}, {"price": "0.65", "size": "50"}, {"price": "0.56", "size": "10"}], "event_type": "book", "last_trade_price": ""}, {"market": "0x136d0b2eb4db876b6703eeb4d3742ea0c73e0de7810f185d1cd5a1c7b3f6268c", "asset_id": "32570965437539328653016308051545434887882639325836222917050309847695138975400", "timestamp": "1769383937456", "hash": "c870bf45ed0d4c5bfe4f70aa6647ca168d1880e8", "bids": [{"price": "0.01", "size": "1285.19"}, {"price": "0.02", "size": "355.14"}, {"price": "0.03", "size": "200"}, {"price": "0.04", "size": "7.21"}, {"price": "0.05", "size": "30"}, {"price": "0.06", "size": "233"}, {"price": "0.08", "size": "200"}, {"price": "0.1", "size": "600"}, {"price": "0.11", "size": "5.06"}, {"price": "0.16", "size": "300"}, {"price": "0.19", "size": "200"}, {"price": "0.2", "size": "725"}, {"price": "0.22", "size": "112"}, {"price": "0.3", "size": "300"}, {"price": "0.31", "size": "41.93"}, {"price": "0.32", "size": "34.37"}, {"price": "0.35", "size": "50"}, {"price": "0.44", "size": "10"}], "asks": [{"price": "0.99", "size": "492.24"}, {"price": "0.98", "size": "333"}, {"price": "0.97", "size": "7.03"}, {"price": "0.95", "size": "230"}, {"price": "0.94", "size": "33"}, {"price": "0.93", "size": "116"}, {"price": "0.92", "size": "8.33"}, {"price": "0.88", "size": "300"}, {"price": "0.86", "size": "200"}, {"price": "0.85", "size": "125"}, {"price": "0.84", "size": "75"}, {"price": "0.8", "size": "600"}, {"price": "0.78", "size": "50"}, {"price": "0.77", "size": "56.52"}, {"price": "0.76", "size": "45.83"}, {"price": "0.73", "size": "20"}, {"price": "0.7", "size": "10"}], "event_type": "book", "last_trade_price": ""}]}
{"_local_timestamp": "2026-01-25T23:35:23.169409+00:00", "data": {"market": "0x136d0b2eb4db876b6703eeb4d3742ea0c73e0de7810f185d1cd5a1c7b3f6268c", "price_changes": [{"asset_id": "32570965437539328653016308051545434887882639325836222917050309847695138975400", "price": "0.03", "size": "0", "side": "BUY", "hash": "2219141534106dc9e740aa03d8f9e7c22e096e4e", "best_bid": "0.44", "best_ask": "0.7"}, {"asset_id": "2929086040770755072885506446724738057242934532136636408936871946276372591747", "price": "0.97", "size": "0", "side": "SELL", "hash": "e78c91eec5ec36271bca763d027e8c566e16c0a9", "best_bid": "0.3", "best_ask": "0.56"}], "timestamp": "1769384123085", "event_type": "price_change"}}
{"_local_timestamp": "2026-01-25T23:35:23.178486+00:00", "data": {"market": "0x136d0b2eb4db876b6703eeb4d3742ea0c73e0de7810f185d1cd5a1c7b3f6268c", "price_changes": [{"asset_id": "2929086040770755072885506446724738057242934532136636408936871946276372591747", "price": "0.03", "size": "207.03", "side": "BUY", "hash": "35682bb65d7755df3ea416704bad3f8c6cc839fd", "best_bid": "0.3", "best_ask": "0.56"}, {"asset_id": "32570965437539328653016308051545434887882639325836222917050309847695138975400", "price": "0.97", "size": "207.03", "side": "SELL", "hash": "9dbc0ad82918a4dc2e4add390893d604e4c6f4c4", "best_bid": "0.44", "best_ask": "0.7"}], "timestamp": "1769384123090", "event_type": "price_change"}}
{"_local_timestamp": "2026-01-25T23:35:23.179501+00:00", "data": {"market": "0x136d0b2eb4db876b6703eeb4d3742ea0c73e0de7810f185d1cd5a1c7b3f6268c", "price_changes": [{"asset_id": "32570965437539328653016308051545434887882639325836222917050309847695138975400", "price": "0.05", "size": "230", "side": "BUY", "hash": "4e533781f2292ee3061a73a5c70eba8043a3da47", "best_bid": "0.44", "best_ask": "0.7"}, {"asset_id": "2929086040770755072885506446724738057242934532136636408936871946276372591747", "price": "0.95", "size": "230", "side": "SELL", "hash": "540e402e9b969eef16dec7234da3bcf289484fb0", "best_bid": "0.3", "best_ask": "0.56"}], "timestamp": "1769384123091", "event_type": "price_change"}}
{"_local_timestamp": "2026-01-25T23:35:25.133876+00:00", "data": {"market": "0x136d0b2eb4db876b6703eeb4d3742ea0c73e0de7810f185d1cd5a1c7b3f6268c", "price_changes": [{"asset_id": "32570965437539328653016308051545434887882639325836222917050309847695138975400", "price": "0.09", "size": "200", "side": "BUY", "hash": "3d496455a7cc8b8ba910808f5f8c8a8d08b700f9", "best_bid": "0.44", "best_ask": "0.7"}, {"asset_id": "2929086040770755072885506446724738057242934532136636408936871946276372591747", "price": "0.91", "size": "200", "side": "SELL", "hash": "41a3166d492e0f2d4f6a6366afe90edeb4eb078a", "best_bid": "0.3", "best_ask": "0.56"}], "timestamp": "1769384125068", "event_type": "price_change"}}
{"_local_timestamp": "2026-01-25T23:35:25.134782+00:00", "data": {"market": "0x136d0b2eb4db876b6703eeb4d3742ea0c73e0de7810f185d1cd5a1c7b3f6268c", "price_changes": [{"asset_id": "32570965437539328653016308051545434887882639325836222917050309847695138975400", "price": "0.03", "size": "200", "side": "BUY", "hash": "bf77d6657d5170ca008de55fa188dc3f5612f31e", "best_bid": "0.44", "best_ask": "0.7"}, {"asset_id": "2929086040770755072885506446724738057242934532136636408936871946276372591747", "price": "0.97", "size": "200", "side": "SELL", "hash": "1e02a18fe3cf3f3997362e2f8b9f4f5cfc7b121f", "best_bid": "0.3", "best_ask": "0.56"}], "timestamp": "1769384125069", "event_type": "price_change"}}
{"_local_timestamp": "2026-01-25T23:35:25.153893+00:00", "data": {"market": "0x136d0b2eb4db876b6703eeb4d3742ea0c73e0de7810f185d1cd5a1c7b3f6268c", "price_changes": [{"asset_id": "2929086040770755072885506446724738057242934532136636408936871946276372591747", "price": "0.03", "size": "7.03", "side": "BUY", "hash": "fdd673036c2ee9e01a6d64b7e29a6c6b6cb733df", "best_bid": "0.3", "best_ask": "0.56"}, {"asset_id": "32570965437539328653016308051545434887882639325836222917050309847695138975400", "price": "0.97", "size": "7.03", "side": "SELL", "hash": "84ecaea78ccffdcdf17f52233ef99f1131f17fb3", "best_bid": "0.44", "best_ask": "0.7"}], "timestamp": "1769384125085", "event_type": "price_change"}}
{"_local_timestamp": "2026-01-25T23:35:25.154464+00:00", "data": {"market": "0x136d0b2eb4db876b6703eeb4d3742ea0c73e0de7810f185d1cd5a1c7b3f6268c", "price_changes": [{"asset_id": "32570965437539328653016308051545434887882639325836222917050309847695138975400", "price": "0.08", "size": "0", "side": "BUY", "hash": "4efb5a5d8694367411a12c88c72b2ac4565940c5", "best_bid": "0.44", "best_ask": "0.7"}, {"asset_id": "2929086040770755072885506446724738057242934532136636408936871946276372591747", "price": "0.92", "size": "0", "side": "SELL", "hash": "fa613fd60d047f05507533b49412c2b8a2e4a4ac", "best_bid": "0.3", "best_ask": "0.56"}], "timestamp": "1769384125086", "event_type": "price_change"}}
{"_local_timestamp": "2026-01-25T23:35:25.155544+00:00", "data": {"market": "0x136d0b2eb4db876b6703eeb4d3742ea0c73e0de7810f185d1cd5a1c7b3f6268c", "price_changes": [{"asset_id": "32570965437539328653016308051545434887882639325836222917050309847695138975400", "price": "0.05", "size": "30", "side": "BUY", "hash": "4efb5a5d8694367411a12c88c72b2ac4565940c5", "best_bid": "0.44", "best_ask": "0.7"}, {"asset_id": "2929086040770755072885506446724738057242934532136636408936871946276372591747", "price": "0.95", "size": "30", "side": "SELL", "hash": "fa613fd60d047f05507533b49412c2b8a2e4a4ac", "best_bid": "0.3", "best_ask": "0.56"}], "timestamp": "1769384125086", "event_type": "price_change"}}
{"_local_timestamp": "2026-01-25T23:35:51.224869+00:00", "data": {"market": "0x136d0b2eb4db876b6703eeb4d3742ea0c73e0de7810f185d1cd5a1c7b3f6268c", "price_changes": [{"asset_id": "32570965437539328653016308051545434887882639325836222917050309847695138975400", "price": "0.03", "size": "0", "side": "BUY", "hash": "2e22e30c17d5dc671cc2c278ffda5e6c76b9d7c5", "best_bid": "0.44", "best_ask": "0.7"}, {"asset_id": "2929086040770755072885506446724738057242934532136636408936871946276372591747", "price": "0.97", "size": "0", "side": "SELL", "hash": "00004bc2f15afba61f8e3ab3e19d0f809d1e594f", "best_bid": "0.3", "best_ask": "0.56"}], "timestamp": "1769384151160", "event_type": "price_change"}}
{"_local_timestamp": "2026-01-25T23:35:51.226097+00:00", "data": {"market": "0x136d0b2eb4db876b6703eeb4d3742ea0c73e0de7810f185d1cd5a1c7b3f6268c", "price_changes": [{"asset_id": "2929086040770755072885506446724738057242934532136636408936871946276372591747", "price": "0.05", "size": "30", "side": "BUY", "hash": "f20dc32fb5183f0375973b1b3093f332b5080415", "best_bid": "0.3", "best_ask": "0.56"}, {"asset_id": "32570965437539328653016308051545434887882639325836222917050309847695138975400", "price": "0.95", "size": "30", "side": "SELL", "hash": "f216034f44cee249d1d2b61b120dfeb0319ffd43", "best_bid": "0.44", "best_ask": "0.7"}], "timestamp": "1769384151160", "event_type": "price_change"}}
{"_local_timestamp": "2026-01-25T23:35:51.233321+00:00", "data": {"market": "0x136d0b2eb4db876b6703eeb4d3742ea0c73e0de7810f185d1cd5a1c7b3f6268c", "price_changes": [{"asset_id": "32570965437539328653016308051545434887882639325836222917050309847695138975400", "price": "0.05", "size": "230", "side": "BUY", "hash": "fdffd56ff75b37fed40c4c5112c575214ce431a0", "best_bid": "0.44", "best_ask": "0.7"}, {"asset_id": "2929086040770755072885506446724738057242934532136636408936871946276372591747", "price": "0.95", "size": "230", "side": "SELL", "hash": "882a01b7f1d1a073dbbfca71bd8aa48b1640c09f", "best_bid": "0.3", "best_ask": "0.56"}], "timestamp": "1769384151163", "event_type": "price_change"}}
{"_local_timestamp": "2026-01-25T23:35:51.238823+00:00", "data": {"market": "0x136d0b2eb4db876b6703eeb4d3742ea0c73e0de7810f185d1cd5a1c7b3f6268c", "price_changes": [{"asset_id": "2929086040770755072885506446724738057242934532136636408936871946276372591747", "price": "0.03", "size": "207.03", "side": "BUY", "hash": "48e25215e2387701bc6d82db08c84d863f00747e", "best_bid": "0.3", "best_ask": "0.56"}, {"asset_id": "32570965437539328653016308051545434887882639325836222917050309847695138975400", "price": "0.97", "size": "207.03", "side": "SELL", "hash": "f1d0c28e4acbe9f1439294611be730bb43373f06", "best_bid": "0.44", "best_ask": "0.7"}], "timestamp": "1769384151163", "event_type": "price_change"}}
{"_local_timestamp": "2026-01-25T23:35:51.239243+00:00", "data": {"market": "0x136d0b2eb4db876b6703eeb4d3742ea0c73e0de7810f185d1cd5a1c7b3f6268c", "price_changes": [{"asset_id": "2929086040770755072885506446724738057242934532136636408936871946276372591747", "price": "0.04", "size": "200", "side": "BUY", "hash": "56748f0891cfa3c477b3b478805e9d23038fa42e", "best_bid": "0.3", "best_ask": "0.56"}, {"asset_id": "32570965437539328653016308051545434887882639325836222917050309847695138975400", "price": "0.96", "size": "200", "side": "SELL", "hash": "85f1986645a33826151ffad5adcde2f11f287e6d", "best_bid": "0.44", "best_ask": "0.7"}], "timestamp": "1769384151164", "event_type": "price_change"}}
{"_local_timestamp": "2026-01-25T23:35:53.242093+00:00", "data": {"market": "0x136d0b2eb4db876b6703eeb4d3742ea0c73e0de7810f185d1cd5a1c7b3f6268c", "price_changes": [{"asset_id": "32570965437539328653016308051545434887882639325836222917050309847695138975400", "price": "0.09", "size": "0", "side": "BUY", "hash": "e02dd4adf6e97c29bfac4307ef7c97f71770099d", "best_bid": "0.44", "best_ask": "0.7"}, {"asset_id": "2929086040770755072885506446724738057242934532136636408936871946276372591747", "price": "0.91", "size": "0", "side": "SELL", "hash": "443ae00be91b204524c1833858b3a339dc2542a3", "best_bid": "0.3", "best_ask": "0.56"}], "timestamp": "1769384153157", "event_type": "price_change"}}
{"_local_timestamp": "2026-01-25T23:35:53.242552+00:00", "data": {"market": "0x136d0b2eb4db876b6703eeb4d3742ea0c73e0de7810f185d1cd5a1c7b3f6268c", "price_changes": [{"asset_id": "2929086040770755072885506446724738057242934532136636408936871946276372591747", "price": "0.03", "size": "407.03", "side": "BUY", "hash": "5119265c986b77573598705fd9c24a4347cae880", "best_bid": "0.3", "best_ask": "0.56"}, {"asset_id": "32570965437539328653016308051545434887882639325836222917050309847695138975400", "price": "0.97", "size": "407.03", "side": "SELL", "hash": "863ab5de3f50774fbd7ac0f7518b04a8f7787493", "best_bid": "0.44", "best_ask": "0.7"}], "timestamp": "1769384153158", "event_type": "price_change"}}
{"_local_timestamp": "2026-01-25T23:35:53.242869+00:00", "data": {"market": "0x136d0b2eb4db876b6703eeb4d3742ea0c73e0de7810f185d1cd5a1c7b3f6268c", "price_changes": [{"asset_id": "2929086040770755072885506446724738057242934532136636408936871946276372591747", "price": "0.04", "size": "400", "side": "BUY", "hash": "a7e5085bfb4571e6b1d1cb66d804a2d6fcc158cb", "best_bid": "0.3", "best_ask": "0.56"}, {"asset_id": "32570965437539328653016308051545434887882639325836222917050309847695138975400", "price": "0.96", "size": "400", "side": "SELL", "hash": "321634bc770de17c566711e926e8314058920f71", "best_bid": "0.44", "best_ask": "0.7"}], "timestamp": "1769384153159", "event_type": "price_change"}}
{"_local_timestamp": "2026-01-25T23:35:53.243221+00:00", "data": {"market": "0x136d0b2eb4db876b6703eeb4d3742ea0c73e0de7810f185d1cd5a1c7b3f6268c", "price_changes": [{"asset_id": "32570965437539328653016308051545434887882639325836222917050309847695138975400", "price": "0.05", "size": "430", "side": "BUY", "hash": "f2f46c342872ccb6e6f016271af861a88c9e2a20", "best_bid": "0.44", "best_ask": "0.7"}, {"asset_id": "2929086040770755072885506446724738057242934532136636408936871946276372591747", "price": "0.95", "size": "430", "side": "SELL", "hash": "ece890945ac5a396228c6aded815c9a6b816b62e", "best_bid": "0.3", "best_ask": "0.56"}], "timestamp": "1769384153159", "event_type": "price_change"}}
{"_local_timestamp": "2026-01-25T23:35:53.243619+00:00", "data": {"market": "0x136d0b2eb4db876b6703eeb4d3742ea0c73e0de7810f185d1cd5a1c7b3f6268c", "price_changes": [{"asset_id": "32570965437539328653016308051545434887882639325836222917050309847695138975400", "price": "0.1", "size": "800", "side": "BUY", "hash": "86ae2519c24e7f58baef3cf9670ddfe1835dd6be", "best_bid": "0.44", "best_ask": "0.7"}, {"asset_id": "2929086040770755072885506446724738057242934532136636408936871946276372591747", "price": "0.9", "size": "800", "side": "SELL", "hash": "ecb4573c4042a505e4c565953403d0dc162c00d7", "best_bid": "0.3", "best_ask": "0.56"}], "timestamp": "1769384153160", "event_type": "price_change"}}
