{"_local_timestamp": "2026-01-25T23:41:02.693668+00:00", "data": [{"market": "0x09a666b396fe2d109eb5d7f2ceb2503e44af24533ad4a7ef032f32b7eda6dc62", "asset_id": "96159090155296538158413431087000397979926596731893161029991660218094383454255", "timestamp": "1769384461066", "hash": "403da392a8b5349e69179055611b4e2c3850522d", "bids": [{"price": "0.001", "size": "1000"}, {"price": "0.54", "size": "6"}, {"price": "0.561", "size": "6"}, {"price": "0.575", "size": "6"}, {"price": "0.576", "size": "64"}, {"price": "0.847", "size": "12.6"}, {"price": "0.848", "size": "22.01"}, {"price": "0.854", "size": "8.4"}], "asks": [{"price": "0.999", "size": "134"}], "event_type": "book", "last_trade_price": "0.003"}, {"market": "0x09a666b396fe2d109eb5d7f2ceb2503e44af24533ad4a7ef032f32b7eda6dc62", "asset_id": "98606197491205967200700640359464086313480576537360039938434591761091984923719", "timestamp": "1769384461066", "hash": "d5325183dc05884a3849c9299587b32c9ecb2046", "bids": [{"price": "0.001", "size": "134"}], "asks": [{"price": "0.999", "size": "1000"}, {"price": "0.46", "size": "6"}, {"price": "0.439", "size": "6"}, {"price": "0.425", "size": "6"}, {"price": "0.424", "size": "64"}, {"price": "0.153", "size": "12.6"}, {"price": "0.152", "size": "22.01"}, {"price": "0.146", "size": "8.4"}], "event_type": "book", "last_trade_price": "0.003"}]}
{"_local_timestamp": "2026-01-25T23:41:24.289702+00:00", "data": {"market": "0x09a666b396fe2d109eb5d7f2ceb2503e44af24533ad4a7ef032f32b7eda6dc62", "price_changes": [{"asset_id": "98606197491205967200700640359464086313480576537360039938434591761091984923719", "price": "0.146", "size": "0", "side": "SELL", "hash": "bc66fbd78616a3d8fad79118a24fdf8d22229b98", "best_bid": "0.001", "best_ask": "0.152"}, {"asset_id": "96159090155296538158413431087000397979926596731893161029991660218094383454255", "price": "0.854", "size": "0", "side": "BUY", "hash": "49862cc48775d31610708729d799dbbcb6034f91", "best_bid": "0.848", "best_ask": "0.999"}], "timestamp": "1769384484200", "event_type": "price_change"}}
{"_local_timestamp": "2026-01-25T23:41:24.732294+00:00", "data": {"market": "0x09a666b396fe2d109eb5d7f2ceb2503e44af24533ad4a7ef032f32b7eda6dc62", "price_changes": [{"asset_id": "98606197491205967200700640359464086313480576537360039938434591761091984923719", "price": "0.145", "size": "8.4", "side": "SELL", "hash": "25da9aa5f98430ecea1b7b9010adb34b1608ebd4", "best_bid": "0.001", "best_ask": "0.145"}, {"asset_id": "96159090155296538158413431087000397979926596731893161029991660218094383454255", "price": "0.855", "size": "8.4", "side": "BUY", "hash": "9e85c9ab76088b5e9f45cb078a84cf0e5ada5914", "best_bid": "0.855", "best_ask": "0.999"}], "timestamp": "1769384484647", "event_type": "price_change"}}
{"_local_timestamp": "2026-01-25T23:41:44.504075+00:00", "data": {"market": "0x09a666b396fe2d109eb5d7f2ceb2503e44af24533ad4a7ef032f32b7eda6dc62", "price_changes": [{"asset_id": "98606197491205967200700640359464086313480576537360039938434591761091984923719", "price": "0.145", "size": "0", "side": "SELL", "hash": "2bf019dc77c8d79999d680c2084ed32606e5f4e5", "best_bid": "0.001", "best_ask": "0.152"}, {"asset_id": "96159090155296538158413431087000397979926596731893161029991660218094383454255", "price": "0.855", "size": "0", "side": "BUY", "hash": "19cb5029a8dcc9f07e7b37817faa9ec4c22ecec8", "best_bid": "0.848", "best_ask": "0.999"}], "timestamp": "1769384504426", "event_type": "price_change"}}
{"_local_timestamp": "2026-01-25T23:41:44.927752+00:00", "data": {"market": "0x09a666b396fe2d109eb5d7f2ceb2503e44af24533ad4a7ef032f32b7eda6dc62", "price_changes": [{"asset_id": "98606197491205967200700640359464086313480576537360039938434591761091984923719", "price": "0.144", "size": "8.4", "side": "SELL", "hash": "5c8ccbcfbf8de632e02da4d2830332726a0ad51f", "best_bid": "0.001", "best_ask": "0.144"}, {"asset_id": "96159090155296538158413431087000397979926596731893161029991660218094383454255", "price": "0.856", "size": "8.4", "side": "BUY", "hash": "8ae61870fd53376e6f217a09ffea0a249f7b7480", "best_bid": "0.856", "best_ask": "0.999"}], "timestamp": "1769384504854", "event_type": "price_change"}}
