{"_local_timestamp": "2026-01-25T23:34:02.647053+00:00", "data": [{"market": "0xe7b4ad8827663a030b00be71ff38bf676a9ddbf55344797306adadb455402757", "asset_id": "12997964779411796138421329762815682228555715610266636818875359673297250755744", "timestamp": "1769384029681", "hash": "f86bb759ec0fec73b12738c9288ff2babab26cc8", "bids": [{"price": "0.01", "size": "2989.88"}, {"price": "0.02", "size": "2250"}, {"price": "0.03", "size": "10.35"}, {"price": "0.04", "size": "200"}, {"price": "0.05", "size": "1700"}, {"price": "0.1", "size": "1500"}, {"price": "0.11", "size": "205.37"}, {"price": "0.2", "size": "800"}, {"price": "0.3", "size": "900"}, {"price": "0.31", "size": "27.03"}, {"price": "0.33", "size": "200"}, {"price": "0.34", "size": "100"}, {"price": "0.36", "size": "135"}, {"price": "0.39", "size": "75"}, {"price": "0.4", "size": "32.5"}, {"price": "0.41", "size": "26.82"}, {"price": "0.61", "size": "100"}, {"price": "0.63", "size": "100"}, {"price": "0.65", "size": "5"}, {"price": "0.66", "size": "7.57"}], "asks": [{"price": "0.99", "size": "790.83"}, {"price": "0.98", "size": "364.36"}, {"price": "0.97", "size": "625"}, {"price": "0.96", "size": "81.49"}, {"price": "0.95", "size": "600"}, {"price": "0.94", "size": "382.76"}, {"price": "0.93", "size": "19.67"}], "event_type": "book", "last_trade_price": ""}, {"market": "0xe7b4ad8827663a030b00be71ff38bf676a9ddbf55344797306adadb455402757", "asset_id": "111745962114465282044829654501420827003403152102680900129059052565276229560025", "timestamp": "1769384029681", "hash": "0b4287d05764d91a510cff38f263acfecfdae9cb", "bids": [{"price": "0.01", "size": "790.83"}, {"price": "0.02", "size": "364.36"}, {"price": "0.03", "size": "625"}, {"price": "0.04", "size": "81.49"}, {"price": "0.05", "size": "600"}, {"price": "0.06", "size": "382.76"}, {"price": "0.07", "size": "19.67"}], "asks": [{"price": "0.99", "size": "2989.88"}, {"price": "0.98", "size": "2250"}, {"price": "0.97", "size": "10.35"}, {"price": "0.96", "size": "200"}, {"price": "0.95", "size": "1700"}, {"price": "0.9", "size": "1500"}, {"price": "0.89", "size": "205.37"}, {"price": "0.8", "size": "800"}, {"price": "0.7", "size": "900"}, {"price": "0.69", "size": "27.03"}, {"price": "0.67", "size": "200"}, {"price": "0.66", "size": "100"}, {"price": "0.64", "size": "135"}, {"price": "0.61", "size": "75"}, {"price": "0.6", "size": "32.5"}, {"price": "0.59", "size": "26.82"}, {"price": "0.39", "size": "100"}, {"price": "0.37", "size": "100"}, {"price": "0.35", "size": "5"}, {"price": "0.34", "size": "7.57"}], "event_type": "book", "last_trade_price": ""}]}
{"_local_timestamp": "2026-01-25T23:34:17.451313+00:00", "data": {"market": "0xe7b4ad8827663a030b00be71ff38bf676a9ddbf55344797306adadb455402757", "price_changes": [{"asset_id": "12997964779411796138421329762815682228555715610266636818875359673297250755744", "price": "0.66", "size": "0", "side": "BUY", "hash": "55b9bd1a90c2d1124e68e71505ed1a75c9dc8a79", "best_bid": "0.65", "best_ask": "0.93"}, {"asset_id": "111745962114465282044829654501420827003403152102680900129059052565276229560025", "price": "0.34", "size": "0", "side": "SELL", "hash": "46955501fcab62c459cb07b328d984028e40c373", "best_bid": "0.07", "best_ask": "0.35"}], "timestamp": "1769384057379", "event_type": "price_change"}}
{"_local_timestamp": "2026-01-25T23:34:44.717924+00:00", "data": {"market": "0xe7b4ad8827663a030b00be71ff38bf676a9ddbf55344797306adadb455402757", "price_changes": [{"asset_id": "12997964779411796138421329762815682228555715610266636818875359673297250755744", "price": "0.66", "size": "7.57", "side": "BUY", "hash": "4ca89ce76603d38654f3764915f5305eea7c564c", "best_bid": "0.66", "best_ask": "0.93"}, {"asset_id": "111745962114465282044829654501420827003403152102680900129059052565276229560025", "price": "0.34", "size": "7.57", "side": "SELL", "hash": "4eac9b6fad61d70e71d02f749269a942e1473463", "best_bid": "0.07", "best_ask": "0.34"}], "timestamp": "1769384084643", "event_type": "price_change"}}
{"_local_timestamp": "2026-01-25T23:35:12.424374+00:00", "data": {"market": "0xe7b4ad8827663a030b00be71ff38bf676a9ddbf55344797306adadb455402757", "price_changes": [{"asset_id": "12997964779411796138421329762815682228555715610266636818875359673297250755744", "price": "0.66", "size": "0", "side": "BUY", "hash": "7d0769564db86ebbf0777ccc469f980d5f1786c8", "best_bid": "0.65", "best_ask": "0.93"}, {"asset_id": "111745962114465282044829654501420827003403152102680900129059052565276229560025", "price": "0.34", "size": "0", "side": "SELL", "hash": "014bd80f7bce9e652c0e1bd1de59df4964403ee1", "best_bid": "0.07", "best_ask": "0.35"}], "timestamp": "1769384112238", "event_type": "price_change"}}
{"_local_timestamp": "2026-01-25T23:35:39.980865+00:00", "data": {"market": "0xe7b4ad8827663a030b00be71ff38bf676a9ddbf55344797306adadb455402757", "price_changes": [{"asset_id": "12997964779411796138421329762815682228555715610266636818875359673297250755744", "price": "0.66", "size": "7.57", "side": "BUY", "hash": "af15227e4a6798a178d882c4463222a3a9e1f337", "best_bid": "0.66", "best_ask": "0.93"}, {"asset_id": "111745962114465282044829654501420827003403152102680900129059052565276229560025", "price": "0.34", "size": "7.57", "side": "SELL", "hash": "0a7f2a22e447fa1b24e7f02c8bfc5f9a732b1c60", "best_bid": "0.07", "best_ask": "0.34"}], "timestamp": "1769384139911", "event_type": "price_change"}}
{"_local_timestamp": "2026-01-25T23:36:07.735091+00:00", "data": {"market": "0xe7b4ad8827663a030b00be71ff38bf676a9ddbf55344797306adadb455402757", "price_changes": [{"asset_id": "12997964779411796138421329762815682228555715610266636818875359673297250755744", "price": "0.66", "size": "0", "side": "BUY", "hash": "1b814dd013a4c8dff0bf6be82c74c4d022d5b80c", "best_bid": "0.65", "best_ask": "0.93"}, {"asset_id": "111745962114465282044829654501420827003403152102680900129059052565276229560025", "price": "0.34", "size": "0", "side": "SELL", "hash": "0aaf494eb9b029cecb6d55aafac0cfdbd046558c", "best_bid": "0.07", "best_ask": "0.35"}], "timestamp": "1769384167665", "event_type": "price_change"}}
{"_local_timestamp": "2026-01-25T23:36:35.397976+00:00", "data": {"market": "0xe7b4ad8827663a030b00be71ff38bf676a9ddbf55344797306adadb455402757", "price_changes": [{"asset_id": "12997964779411796138421329762815682228555715610266636818875359673297250755744", "price": "0.66", "size": "7.57", "side": "BUY", "hash": "82665b6712a50bb263227ef10807103e0b5f5d53", "best_bid": "0.66", "best_ask": "0.93"}, {"asset_id": "111745962114465282044829654501420827003403152102680900129059052565276229560025", "price": "0.34", "size": "7.57", "side": "SELL", "hash": "2b0f28f51511d181e6259a9ff5dcad39179b815e", "best_bid": "0.07", "best_ask": "0.34"}], "timestamp": "1769384195332", "event_type": "price_change"}}
{"_local_timestamp": "2026-01-25T23:37:03.118824+00:00", "data": {"market": "0xe7b4ad8827663a030b00be71ff38bf676a9ddbf55344797306adadb455402757", "price_changes": [{"asset_id": "12997964779411796138421329762815682228555715610266636818875359673297250755744", "price": "0.66", "size": "0", "side": "BUY", "hash": "519b733ac0bd384b787315e3d12a7adf7a1e4c10", "best_bid": "0.65", "best_ask": "0.93"}, {"asset_id": "111745962114465282044829654501420827003403152102680900129059052565276229560025", "price": "0.34", "size": "0", "side": "SELL", "hash": "0b68d78207acec5ea1990cbe1a2b1ca692c8a8fd", "best_bid": "0.07", "best_ask": "0.35"}], "timestamp": "1769384223048", "event_type": "price_change"}}
{"_local_timestamp": "2026-01-25T23:37:57.392024+00:00", "data": {"market": "0xe7b4ad8827663a030b00be71ff38bf676a9ddbf55344797306adadb455402757", "price_changes": [{"asset_id": "12997964779411796138421329762815682228555715610266636818875359673297250755744", "price": "0.66", "size": "7.57", "side": "BUY", "hash": "b58db6846880ec023cf53014d68e570556633925", "best_bid": "0.66", "best_ask": "0.93"}, {"asset_id": "111745962114465282044829654501420827003403152102680900129059052565276229560025", "price": "0.34", "size": "7.57", "side": "SELL", "hash": "ac4632d6630cf8a064174fe29f529666f685bea5", "best_bid": "0.07", "best_ask": "0.34"}], "timestamp": "1769384277323", "event_type": "price_change"}}
