{"_local_timestamp": "2026-01-25T23:41:07.617351+00:00", "data": [{"market": "0x31084034029b612638e3fb22b7a601d6ac29a675179c4cc606eba58750454da1", "asset_id": "99896232523630538632605367960708575654428843671945194710554437725405697950894", "timestamp": "1769384467320", "hash": "6659af8692a150be3b6dee3a5754f5ce60a8d9f7", "bids": [{"price": "0.01", "size": "2982.75"}, {"price": "0.02", "size": "2450"}, {"price": "0.03", "size": "10.19"}, {"price": "0.06", "size": "1900"}, {"price": "0.08", "size": "400"}, {"price": "0.1", "size": "10"}, {"price": "0.11", "size": "5.42"}, {"price": "0.15", "size": "500"}, {"price": "0.2", "size": "700"}, {"price": "0.25", "size": "600"}, {"price": "0.26", "size": "300"}, {"price": "0.33", "size": "200"}, {"price": "0.35", "size": "100"}, {"price": "0.4", "size": "100"}, {"price": "0.5", "size": "10"}, {"price": "0.64", "size": "237.49"}, {"price": "0.67", "size": "5"}, {"price": "0.68", "size": "163.75"}, {"price": "0.69", "size": "5"}, {"price": "0.7", "size": "60.26"}, {"price": "0.72", "size": "50"}, {"price": "0.74", "size": "200"}, {"price": "0.75", "size": "11.35"}], "asks": [{"price": "0.99", "size": "1173"}, {"price": "0.98", "size": "156.96"}, {"price": "0.97", "size": "75"}, {"price": "0.96", "size": "6"}, {"price": "0.93", "size": "50"}, {"price": "0.92", "size": "7.76"}, {"price": "0.91", "size": "61.11"}, {"price": "0.87", "size": "205"}, {"price": "0.85", "size": "86.66"}, {"price": "0.82", "size": "20.73"}, {"price": "0.78", "size": "163.75"}, {"price": "0.77", "size": "218.65"}], "event_type": "book", "last_trade_price": "0.750"}, {"market": "0x31084034029b612638e3fb22b7a601d6ac29a675179c4cc606eba58750454da1", "asset_id": "44663683609771624335776214797712449871138282164713549046114267101981463159940", "timestamp": "1769384467320", "hash": "b12d2a3cbd0b0a89161a5d92a1a1d06ce3abfea4", "bids": [{"price": "0.01", "size": "1173"}, {"price": "0.02", "size": "156.96"}, {"price": "0.03", "size": "75"}, {"price": "0.04", "size": "6"}, {"price": "0.07", "size": "50"}, {"price": "0.08", "size": "7.76"}, {"price": "0.09", "size": "61.11"}, {"price": "0.13", "size": "205"}, {"price": "0.15", "size": "86.66"}, {"price": "0.18", "size": "20.73"}, {"price": "0.22", "size": "163.75"}, {"price": "0.23", "size": "218.65"}], "asks": [{"price": "0.99", "size": "2982.75"}, {"price": "0.98", "size": "2450"}, {"price": "0.97", "size": "10.19"}, {"price": "0.94", "size": "1900"}, {"price": "0.92", "size": "400"}, {"price": "0.9", "size": "10"}, {"price": "0.89", "size": "5.42"}, {"price": "0.85", "size": "500"}, {"price": "0.8", "size": "700"}, {"price": "0.75", "size": "600"}, {"price": "0.74", "size": "300"}, {"price": "0.67", "size": "200"}, {"price": "0.65", "size": "100"}, {"price": "0.6", "size": "100"}, {"price": "0.5", "size": "10"}, {"price": "0.36", "size": "237.49"}, {"price": "0.33", "size": "5"}, {"price": "0.32", "size": "163.75"}, {"price": "0.31", "size": "5"}, {"price": "0.3", "size": "60.26"}, {"price": "0.28", "size": "50"}, {"price": "0.26", "size": "200"}, {"price": "0.25", "size": "11.35"}], "event_type": "book", "last_trade_price": "0.750"}]}
{"_local_timestamp": "2026-01-25T23:41:08.583008+00:00", "data": {"market": "0x31084034029b612638e3fb22b7a601d6ac29a675179c4cc606eba58750454da1", "price_changes": [{"asset_id": "99896232523630538632605367960708575654428843671945194710554437725405697950894", "price": "0.75", "size": "0", "side": "BUY", "hash": "440ce55eb8736f2f25063d2347815160065dd476", "best_bid": "0.74", "best_ask": "0.77"}, {"asset_id": "44663683609771624335776214797712449871138282164713549046114267101981463159940", "price": "0.25", "size": "0", "side": "SELL", "hash": "e23bf8657573794becb30e2fce3ccceb356ae139", "best_bid": "0.23", "best_ask": "0.26"}], "timestamp": "1769384468503", "event_type": "price_change"}}
{"_local_timestamp": "2026-01-25T23:41:08.870620+00:00", "data": {"market": "0x31084034029b612638e3fb22b7a601d6ac29a675179c4cc606eba58750454da1", "price_changes": [{"asset_id": "99896232523630538632605367960708575654428843671945194710554437725405697950894", "price": "0.25", "size": "400", "side": "BUY", "hash": "01e7622219f451f98173868b866102e8113eb08c", "best_bid": "0.72", "best_ask": "0.77"}, {"asset_id": "44663683609771624335776214797712449871138282164713549046114267101981463159940", "price": "0.75", "size": "400", "side": "SELL", "hash": "b68f41fcf9cff78f0f749fe0005588454bc73f6a", "best_bid": "0.23", "best_ask": "0.28"}], "timestamp": "1769384468798", "event_type": "price_change"}}
{"_local_timestamp": "2026-01-25T23:41:08.873057+00:00", "data": {"market": "0x31084034029b612638e3fb22b7a601d6ac29a675179c4cc606eba58750454da1", "price_changes": [{"asset_id": "99896232523630538632605367960708575654428843671945194710554437725405697950894", "price": "0.74", "size": "0", "side": "BUY", "hash": "01e7622219f451f98173868b866102e8113eb08c", "best_bid": "0.72", "best_ask": "0.77"}, {"asset_id": "44663683609771624335776214797712449871138282164713549046114267101981463159940", "price": "0.26", "size": "0", "side": "SELL", "hash": "b68f41fcf9cff78f0f749fe0005588454bc73f6a", "best_bid": "0.23", "best_ask": "0.28"}], "timestamp": "1769384468798", "event_type": "price_change"}}
{"_local_timestamp": "2026-01-25T23:41:08.874050+00:00", "data": {"market": "0x31084034029b612638e3fb22b7a601d6ac29a675179c4cc606eba58750454da1", "price_changes": [{"asset_id": "44663683609771624335776214797712449871138282164713549046114267101981463159940", "price": "0.13", "size": "5", "side": "BUY", "hash": "e715525603904c1a645e8a65e7652baa83b42b25", "best_bid": "0.23", "best_ask": "0.28"}, {"asset_id": "99896232523630538632605367960708575654428843671945194710554437725405697950894", "price": "0.87", "size": "5", "side": "SELL", "hash": "afdfe8f46c4cdfd195105979073ce9f32758df4e", "best_bid": "0.72", "best_ask": "0.77"}], "timestamp": "1769384468799", "event_type": "price_change"}}
{"_local_timestamp": "2026-01-25T23:41:08.875007+00:00", "data": {"market": "0x31084034029b612638e3fb22b7a601d6ac29a675179c4cc606eba58750454da1", "price_changes": [{"asset_id": "99896232523630538632605367960708575654428843671945194710554437725405697950894", "price": "0.72", "size": "250", "side": "BUY", "hash": "5601271c64ea8a83d7a430f39c39b77a1c5bc732", "best_bid": "0.72", "best_ask": "0.77"}, {"asset_id": "44663683609771624335776214797712449871138282164713549046114267101981463159940", "price": "0.28", "size": "250", "side": "SELL", "hash": "7d58c60af701861cb8178871012638a469d35be8", "best_bid": "0.23", "best_ask": "0.28"}], "timestamp": "1769384468799", "event_type": "price_change"}}
{"_local_timestamp": "2026-01-25T23:41:08.875418+00:00", "data": {"market": "0x31084034029b612638e3fb22b7a601d6ac29a675179c4cc606eba58750454da1", "price_changes": [{"asset_id": "44663683609771624335776214797712449871138282164713549046114267101981463159940", "price": "0.15", "size": "286.66", "side": "BUY", "hash": "32173f83813adac8110db613c9b56ac402b61c7a", "best_bid": "0.23", "best_ask": "0.28"}, {"asset_id": "99896232523630538632605367960708575654428843671945194710554437725405697950894", "price": "0.85", "size": "286.66", "side": "SELL", "hash": "febed110b824977509dfd1441dd8a2cf81f226bd", "best_bid": "0.72", "best_ask": "0.77"}], "timestamp": "1769384468800", "event_type": "price_change"}}
{"_local_timestamp": "2026-01-25T23:41:08.875892+00:00", "data": {"market": "0x31084034029b612638e3fb22b7a601d6ac29a675179c4cc606eba58750454da1", "price_changes": [{"asset_id": "99896232523630538632605367960708575654428843671945194710554437725405697950894", "price": "0.21", "size": "200", "side": "BUY", "hash": "8764a36e752dc08aa5ce51f193ea4d2d6e96e967", "best_bid": "0.72", "best_ask": "0.77"}, {"asset_id": "44663683609771624335776214797712449871138282164713549046114267101981463159940", "price": "0.79", "size": "200", "side": "SELL", "hash": "7d22f5300e8f441cfac1358a24f9be9c4782a17f", "best_bid": "0.23", "best_ask": "0.28"}], "timestamp": "1769384468801", "event_type": "price_change"}}
{"_local_timestamp": "2026-01-25T23:41:09.311037+00:00", "data": {"market": "0x31084034029b612638e3fb22b7a601d6ac29a675179c4cc606eba58750454da1", "price_changes": [{"asset_id": "99896232523630538632605367960708575654428843671945194710554437725405697950894", "price": "0.73", "size": "11.35", "side": "BUY", "hash": "8a605630284c27f49575ef857f71633c27b0a7a5", "best_bid": "0.73", "best_ask": "0.77"}, {"asset_id": "44663683609771624335776214797712449871138282164713549046114267101981463159940", "price": "0.27", "size": "11.35", "side": "SELL", "hash": "e56e3793b73f2e232709bc19de8c2629a8e85c71", "best_bid": "0.23", "best_ask": "0.27"}], "timestamp": "1769384469235", "event_type": "price_change"}}
{"_local_timestamp": "2026-01-25T23:41:10.860211+00:00", "data": {"market": "0x31084034029b612638e3fb22b7a601d6ac29a675179c4cc606eba58750454da1", "price_changes": [{"asset_id": "99896232523630538632605367960708575654428843671945194710554437725405697950894", "price": "0.72", "size": "50", "side": "BUY", "hash": "5e4aaeaf3ef043af397ea8ffdd6b90a3e4250f62", "best_bid": "0.73", "best_ask": "0.77"}, {"asset_id": "44663683609771624335776214797712449871138282164713549046114267101981463159940", "price": "0.28", "size": "50", "side": "SELL", "hash": "e6335f8820dc474a45f6f2efa48cdb4672aa098d", "best_bid": "0.23", "best_ask": "0.27"}], "timestamp": "1769384470791", "event_type": "price_change"}}
{"_local_timestamp": "2026-01-25T23:41:10.860668+00:00", "data": {"market": "0x31084034029b612638e3fb22b7a601d6ac29a675179c4cc606eba58750454da1", "price_changes": [{"asset_id": "99896232523630538632605367960708575654428843671945194710554437725405697950894", "price": "0.21", "size": "0", "side": "BUY", "hash": "5e4aaeaf3ef043af397ea8ffdd6b90a3e4250f62", "best_bid": "0.73", "best_ask": "0.77"}, {"asset_id": "44663683609771624335776214797712449871138282164713549046114267101981463159940", "price": "0.79", "size": "0", "side": "SELL", "hash": "e6335f8820dc474a45f6f2efa48cdb4672aa098d", "best_bid": "0.23", "best_ask": "0.27"}], "timestamp": "1769384470791", "event_type": "price_change"}}
{"_local_timestamp": "2026-01-25T23:41:10.860959+00:00", "data": {"market": "0x31084034029b612638e3fb22b7a601d6ac29a675179c4cc606eba58750454da1", "price_changes": [{"asset_id": "99896232523630538632605367960708575654428843671945194710554437725405697950894", "price": "0.73", "size": "211.35", "side": "BUY", "hash": "7f18961e536fcb06d3dc7cd077e7f2b645b454e8", "best_bid": "0.73", "best_ask": "0.77"}, {"asset_id": "44663683609771624335776214797712449871138282164713549046114267101981463159940", "price": "0.27", "size": "211.35", "side": "SELL", "hash": "bcd8a8b4b55b1df57bed2aa477ff49bd37e0342b", "best_bid": "0.23", "best_ask": "0.27"}], "timestamp": "1769384470792", "event_type": "price_change"}}
{"_local_timestamp": "2026-01-25T23:41:10.861242+00:00", "data": {"market": "0x31084034029b612638e3fb22b7a601d6ac29a675179c4cc606eba58750454da1", "price_changes": [{"asset_id": "99896232523630538632605367960708575654428843671945194710554437725405697950894", "price": "0.25", "size": "600", "side": "BUY", "hash": "7c0e9a3d53b92469bbbca283f7709eb0cf882597", "best_bid": "0.73", "best_ask": "0.77"}, {"asset_id": "44663683609771624335776214797712449871138282164713549046114267101981463159940", "price": "0.75", "size": "600", "side": "SELL", "hash": "ff74bc0f35cedd679d6bc99d1d20a166a6b7ae31", "best_bid": "0.23", "best_ask": "0.27"}], "timestamp": "1769384470793", "event_type": "price_change"}}
{"_local_timestamp": "2026-01-25T23:41:12.200658+00:00", "data": {"market": "0x31084034029b612638e3fb22b7a601d6ac29a675179c4cc606eba58750454da1", "price_changes": [{"asset_id": "99896232523630538632605367960708575654428843671945194710554437725405697950894", "price": "0.73", "size": "200", "side": "BUY", "hash": "90651c1a6d587362ecf6fc089cb7fdeae845df16", "best_bid": "0.73", "best_ask": "0.77"}, {"asset_id": "44663683609771624335776214797712449871138282164713549046114267101981463159940", "price": "0.27", "size": "200", "side": "SELL", "hash": "ee80bd78668cddac5fb711ce0d9bd8cd2730fcdf", "best_bid": "0.23", "best_ask": "0.27"}], "timestamp": "1769384472082", "event_type": "price_change"}}
{"_local_timestamp": "2026-01-25T23:41:12.289568+00:00", "data": {"market": "0x31084034029b612638e3fb22b7a601d6ac29a675179c4cc606eba58750454da1", "price_changes": [{"asset_id": "99896232523630538632605367960708575654428843671945194710554437725405697950894", "price": "0.74", "size": "11.35", "side": "BUY", "hash": "f232b10caee6eb638e08646a9a0485a728e06497", "best_bid": "0.74", "best_ask": "0.77"}, {"asset_id": "44663683609771624335776214797712449871138282164713549046114267101981463159940", "price": "0.26", "size": "11.35", "side": "SELL", "hash": "7ef5b52ddefbcced525969ff5d0965a24cea8989", "best_bid": "0.23", "best_ask": "0.26"}], "timestamp": "1769384472190", "event_type": "price_change"}}
{"_local_timestamp": "2026-01-25T23:41:12.863846+00:00", "data": {"market": "0x31084034029b612638e3fb22b7a601d6ac29a675179c4cc606eba58750454da1", "price_changes": [{"asset_id": "44663683609771624335776214797712449871138282164713549046114267101981463159940", "price": "0.13", "size": "205", "side": "BUY", "hash": "36568f466aca06178377dd8730bf9b8c4d37eb8c", "best_bid": "0.23", "best_ask": "0.26"}, {"asset_id": "99896232523630538632605367960708575654428843671945194710554437725405697950894", "price": "0.87", "size": "205", "side": "SELL", "hash": "bc868af4fbf722d73300fef16335b874d58c51ee", "best_bid": "0.74", "best_ask": "0.77"}], "timestamp": "1769384472794", "event_type": "price_change"}}
{"_local_timestamp": "2026-01-25T23:41:12.865274+00:00", "data": {"market": "0x31084034029b612638e3fb22b7a601d6ac29a675179c4cc606eba58750454da1", "price_changes": [{"asset_id": "99896232523630538632605367960708575654428843671945194710554437725405697950894", "price": "0.74", "size": "211.35", "side": "BUY", "hash": "a1a77cf13e8473cc3a9917631763710ba9d955b3", "best_bid": "0.74", "best_ask": "0.77"}, {"asset_id": "44663683609771624335776214797712449871138282164713549046114267101981463159940", "price": "0.26", "size": "211.35", "side": "SELL", "hash": "6c437226f326b22cd83f4eac50f42d964d597ce3", "best_bid": "0.23", "best_ask": "0.26"}], "timestamp": "1769384472795", "event_type": "price_change"}}
{"_local_timestamp": "2026-01-25T23:41:12.867642+00:00", "data": {"market": "0x31084034029b612638e3fb22b7a601d6ac29a675179c4cc606eba58750454da1", "price_changes": [{"asset_id": "99896232523630538632605367960708575654428843671945194710554437725405697950894", "price": "0.73", "size": "0", "side": "BUY", "hash": "c487b83d39df20c64440010fbdc8397a1af0bc71", "best_bid": "0.74", "best_ask": "0.77"}, {"asset_id": "44663683609771624335776214797712449871138282164713549046114267101981463159940", "price": "0.27", "size": "0", "side": "SELL", "hash": "5bd35bda143cf77c477656da53c5593d12bf3a66", "best_bid": "0.23", "best_ask": "0.26"}], "timestamp": "1769384472801", "event_type": "price_change"}}
{"_local_timestamp": "2026-01-25T23:41:12.871077+00:00", "data": {"market": "0x31084034029b612638e3fb22b7a601d6ac29a675179c4cc606eba58750454da1", "price_changes": [{"asset_id": "44663683609771624335776214797712449871138282164713549046114267101981463159940", "price": "0.15", "size": "86.66", "side": "BUY", "hash": "788cd083fa03a5ac142f30c612c8197c12129b1a", "best_bid": "0.23", "best_ask": "0.26"}, {"asset_id": "99896232523630538632605367960708575654428843671945194710554437725405697950894", "price": "0.85", "size": "86.66", "side": "SELL", "hash": "e44b6d8d9f929b446adf708adabb0e26750ab57f", "best_bid": "0.74", "best_ask": "0.77"}], "timestamp": "1769384472801", "event_type": "price_change"}}
{"_local_timestamp": "2026-01-25T23:41:13.360171+00:00", "data": {"market": "0x31084034029b612638e3fb22b7a601d6ac29a675179c4cc606eba58750454da1", "price_changes": [{"asset_id": "99896232523630538632605367960708575654428843671945194710554437725405697950894", "price": "0.74", "size": "200", "side": "BUY", "hash": "643584acaafd0256e7783a302fae315ad5a94a21", "best_bid": "0.74", "best_ask": "0.77"}, {"asset_id": "44663683609771624335776214797712449871138282164713549046114267101981463159940", "price": "0.26", "size": "200", "side": "SELL", "hash": "14b054058b283d070c4b9201d8cc7939eaca5ad0", "best_bid": "0.23", "best_ask": "0.26"}], "timestamp": "1769384473284", "event_type": "price_change"}}
{"_local_timestamp": "2026-01-25T23:41:13.406357+00:00", "data": {"market": "0x31084034029b612638e3fb22b7a601d6ac29a675179c4cc606eba58750454da1", "price_changes": [{"asset_id": "99896232523630538632605367960708575654428843671945194710554437725405697950894", "price": "0.75", "size": "11.35", "side": "BUY", "hash": "104edc1c5f14e735c69a9bd968d9e7ee3249a438", "best_bid": "0.75", "best_ask": "0.77"}, {"asset_id": "44663683609771624335776214797712449871138282164713549046114267101981463159940", "price": "0.25", "size": "11.35", "side": "SELL", "hash": "d4950309fb445a7b4348a971afeb7f0df27aaa6d", "best_bid": "0.23", "best_ask": "0.25"}], "timestamp": "1769384473336", "event_type": "price_change"}}
{"_local_timestamp": "2026-01-25T23:41:14.934852+00:00", "data": {"market": "0x31084034029b612638e3fb22b7a601d6ac29a675179c4cc606eba58750454da1", "price_changes": [{"asset_id": "99896232523630538632605367960708575654428843671945194710554437725405697950894", "price": "0.25", "size": "400", "side": "BUY", "hash": "7da43316da56dd39c46e3ff1a9658b43031edaa4", "best_bid": "0.75", "best_ask": "0.77"}, {"asset_id": "44663683609771624335776214797712449871138282164713549046114267101981463159940", "price": "0.75", "size": "400", "side": "SELL", "hash": "da43a8875654e2e5d6ce34439bdd0bbe8040d48e", "best_bid": "0.23", "best_ask": "0.25"}], "timestamp": "1769384474825", "event_type": "price_change"}}
{"_local_timestamp": "2026-01-25T23:41:14.946825+00:00", "data": {"market": "0x31084034029b612638e3fb22b7a601d6ac29a675179c4cc606eba58750454da1", "price_changes": [{"asset_id": "99896232523630538632605367960708575654428843671945194710554437725405697950894", "price": "0.74", "size": "0", "side": "BUY", "hash": "7da43316da56dd39c46e3ff1a9658b43031edaa4", "best_bid": "0.75", "best_ask": "0.77"}, {"asset_id": "44663683609771624335776214797712449871138282164713549046114267101981463159940", "price": "0.26", "size": "0", "side": "SELL", "hash": "da43a8875654e2e5d6ce34439bdd0bbe8040d48e", "best_bid": "0.23", "best_ask": "0.25"}], "timestamp": "1769384474825", "event_type": "price_change"}}
{"_local_timestamp": "2026-01-25T23:41:14.949379+00:00", "data": {"market": "0x31084034029b612638e3fb22b7a601d6ac29a675179c4cc606eba58750454da1", "price_changes": [{"asset_id": "44663683609771624335776214797712449871138282164713549046114267101981463159940", "price": "0.22", "size": "363.75", "side": "BUY", "hash": "7dc159be69c4838cb9514cb7a9ae264fdc7e3bff", "best_bid": "0.23", "best_ask": "0.25"}, {"asset_id": "99896232523630538632605367960708575654428843671945194710554437725405697950894", "price": "0.78", "size": "363.75", "side": "SELL", "hash": "45a8c83c96c4f40c2c3d21ce78fb892306981ed5", "best_bid": "0.75", "best_ask": "0.77"}], "timestamp": "1769384474826", "event_type": "price_change"}}
{"_local_timestamp": "2026-01-25T23:41:14.950431+00:00", "data": {"market": "0x31084034029b612638e3fb22b7a601d6ac29a675179c4cc606eba58750454da1", "price_changes": [{"asset_id": "44663683609771624335776214797712449871138282164713549046114267101981463159940", "price": "0.18", "size": "220.73", "side": "BUY", "hash": "8afe73f98d814afbdbf6df4025145b08f20ef64f", "best_bid": "0.23", "best_ask": "0.25"}, {"asset_id": "99896232523630538632605367960708575654428843671945194710554437725405697950894", "price": "0.82", "size": "220.73", "side": "SELL", "hash": "a657edf15063b2081c99242555ed58f393774fa0", "best_bid": "0.75", "best_ask": "0.77"}], "timestamp": "1769384474827", "event_type": "price_change"}}
{"_local_timestamp": "2026-01-25T23:41:14.950804+00:00", "data": {"market": "0x31084034029b612638e3fb22b7a601d6ac29a675179c4cc606eba58750454da1", "price_changes": [{"asset_id": "99896232523630538632605367960708575654428843671945194710554437725405697950894", "price": "0.72", "size": "250", "side": "BUY", "hash": "e5a16be2c6fbab62726e785046ecc68363edec35", "best_bid": "0.75", "best_ask": "0.77"}, {"asset_id": "44663683609771624335776214797712449871138282164713549046114267101981463159940", "price": "0.28", "size": "250", "side": "SELL", "hash": "c4ca0d3452052bc53c586f52f737769aeda93a44", "best_bid": "0.23", "best_ask": "0.25"}], "timestamp": "1769384474827", "event_type": "price_change"}}
{"_local_timestamp": "2026-01-25T23:41:14.951153+00:00", "data": {"market": "0x31084034029b612638e3fb22b7a601d6ac29a675179c4cc606eba58750454da1", "price_changes": [{"asset_id": "99896232523630538632605367960708575654428843671945194710554437725405697950894", "price": "0.73", "size": "200", "side": "BUY", "hash": "950c9f16236e789d530c0646406224791f28ccb5", "best_bid": "0.75", "best_ask": "0.77"}, {"asset_id": "44663683609771624335776214797712449871138282164713549046114267101981463159940", "price": "0.27", "size": "200", "side": "SELL", "hash": "cd5d4ea8cf5eec50d2226be44380b61ab115071f", "best_bid": "0.23", "best_ask": "0.25"}], "timestamp": "1769384474828", "event_type": "price_change"}}
{"_local_timestamp": "2026-01-25T23:41:14.951453+00:00", "data": {"market": "0x31084034029b612638e3fb22b7a601d6ac29a675179c4cc606eba58750454da1", "price_changes": [{"asset_id": "99896232523630538632605367960708575654428843671945194710554437725405697950894", "price": "0.7", "size": "260.26", "side": "BUY", "hash": "6bcab3bb6c455a251e9740c7c54760a0e8280e79", "best_bid": "0.75", "best_ask": "0.77"}, {"asset_id": "44663683609771624335776214797712449871138282164713549046114267101981463159940", "price": "0.3", "size": "260.26", "side": "SELL", "hash": "e9feabff51ba4dbf4df2f35708e4c6e4394b7700", "best_bid": "0.23", "best_ask": "0.25"}], "timestamp": "1769384474828", "event_type": "price_change"}}
{"_local_timestamp": "2026-01-25T23:41:14.951849+00:00", "data": {"market": "0x31084034029b612638e3fb22b7a601d6ac29a675179c4cc606eba58750454da1", "price_changes": [{"asset_id": "99896232523630538632605367960708575654428843671945194710554437725405697950894", "price": "0.26", "size": "500", "side": "BUY", "hash": "5481009948ecbd2231d3aff275ee8323df2dffce", "best_bid": "0.75", "best_ask": "0.77"}, {"asset_id": "44663683609771624335776214797712449871138282164713549046114267101981463159940", "price": "0.74", "size": "500", "side": "SELL", "hash": "7f27734949407a4d6d88323527920a733be2c7e4", "best_bid": "0.23", "best_ask": "0.25"}], "timestamp": "1769384474855", "event_type": "price_change"}}
{"_local_timestamp": "2026-01-25T23:41:15.417685+00:00", "data": {"market": "0x31084034029b612638e3fb22b7a601d6ac29a675179c4cc606eba58750454da1", "price_changes": [{"asset_id": "99896232523630538632605367960708575654428843671945194710554437725405697950894", "price": "0.75", "size": "0", "side": "BUY", "hash": "3bdd87f69dbd1dc3ef3f50af6a9284b5101a772a", "best_bid": "0.73", "best_ask": "0.77"}, {"asset_id": "44663683609771624335776214797712449871138282164713549046114267101981463159940", "price": "0.25", "size": "0", "side": "SELL", "hash": "ffa0b33ea4b6723314270bd30e73cfbca9c3e427", "best_bid": "0.23", "best_ask": "0.27"}], "timestamp": "1769384475326", "event_type": "price_change"}}
{"_local_timestamp": "2026-01-25T23:41:15.931720+00:00", "data": {"market": "0x31084034029b612638e3fb22b7a601d6ac29a675179c4cc606eba58750454da1", "price_changes": [{"asset_id": "99896232523630538632605367960708575654428843671945194710554437725405697950894", "price": "0.73", "size": "211.35", "side": "BUY", "hash": "238a86c38f0631fdbafc994dd9250c843dc03fca", "best_bid": "0.73", "best_ask": "0.77"}, {"asset_id": "44663683609771624335776214797712449871138282164713549046114267101981463159940", "price": "0.27", "size": "211.35", "side": "SELL", "hash": "676fd364f70d82f2a5413b323f66954472426e92", "best_bid": "0.23", "best_ask": "0.27"}], "timestamp": "1769384475860", "event_type": "price_change"}}
{"_local_timestamp": "2026-01-25T23:41:16.861109+00:00", "data": {"market": "0x31084034029b612638e3fb22b7a601d6ac29a675179c4cc606eba58750454da1", "price_changes": [{"asset_id": "44663683609771624335776214797712449871138282164713549046114267101981463159940", "price": "0.15", "size": "286.66", "side": "BUY", "hash": "e41e9191f73bc838b0b4c5e623baa538684f55c9", "best_bid": "0.23", "best_ask": "0.27"}, {"asset_id": "99896232523630538632605367960708575654428843671945194710554437725405697950894", "price": "0.85", "size": "286.66", "side": "SELL", "hash": "4b5fafc19a1eb6c973232b485a7e39a0c528bca9", "best_bid": "0.73", "best_ask": "0.77"}], "timestamp": "1769384476793", "event_type": "price_change"}}
{"_local_timestamp": "2026-01-25T23:41:16.861665+00:00", "data": {"market": "0x31084034029b612638e3fb22b7a601d6ac29a675179c4cc606eba58750454da1", "price_changes": [{"asset_id": "99896232523630538632605367960708575654428843671945194710554437725405697950894", "price": "0.25", "size": "600", "side": "BUY", "hash": "6522bd42dabfc26114a990e279bbc2e03b861045", "best_bid": "0.73", "best_ask": "0.77"}, {"asset_id": "44663683609771624335776214797712449871138282164713549046114267101981463159940", "price": "0.75", "size": "600", "side": "SELL", "hash": "4e626b24b09b327f325f727c36325f5c7e989e7b", "best_bid": "0.23", "best_ask": "0.27"}], "timestamp": "1769384476793", "event_type": "price_change"}}
{"_local_timestamp": "2026-01-25T23:41:16.863754+00:00", "data": {"market": "0x31084034029b612638e3fb22b7a601d6ac29a675179c4cc606eba58750454da1", "price_changes": [{"asset_id": "99896232523630538632605367960708575654428843671945194710554437725405697950894", "price": "0.72", "size": "50", "side": "BUY", "hash": "b102e9c60ec9a31bfcea47f259d8c280a02f29e3", "best_bid": "0.73", "best_ask": "0.77"}, {"asset_id": "44663683609771624335776214797712449871138282164713549046114267101981463159940", "price": "0.28", "size": "50", "side": "SELL", "hash": "f7bc0d633aeb925befa52b2450eb4bfeeb79cb21", "best_bid": "0.23", "best_ask": "0.27"}], "timestamp": "1769384476794", "event_type": "price_change"}}
{"_local_timestamp": "2026-01-25T23:41:16.864311+00:00", "data": {"market": "0x31084034029b612638e3fb22b7a601d6ac29a675179c4cc606eba58750454da1", "price_changes": [{"asset_id": "99896232523630538632605367960708575654428843671945194710554437725405697950894", "price": "0.7", "size": "60.26", "side": "BUY", "hash": "b102e9c60ec9a31bfcea47f259d8c280a02f29e3", "best_bid": "0.73", "best_ask": "0.77"}, {"asset_id": "44663683609771624335776214797712449871138282164713549046114267101981463159940", "price": "0.3", "size": "60.26", "side": "SELL", "hash": "f7bc0d633aeb925befa52b2450eb4bfeeb79cb21", "best_bid": "0.23", "best_ask": "0.27"}], "timestamp": "1769384476794", "event_type": "price_change"}}
{"_local_timestamp": "2026-01-25T23:41:16.865287+00:00", "data": {"market": "0x31084034029b612638e3fb22b7a601d6ac29a675179c4cc606eba58750454da1", "price_changes": [{"asset_id": "99896232523630538632605367960708575654428843671945194710554437725405697950894", "price": "0.26", "size": "300", "side": "BUY", "hash": "b102e9c60ec9a31bfcea47f259d8c280a02f29e3", "best_bid": "0.73", "best_ask": "0.77"}, {"asset_id": "44663683609771624335776214797712449871138282164713549046114267101981463159940", "price": "0.74", "size": "300", "side": "SELL", "hash": "f7bc0d633aeb925befa52b2450eb4bfeeb79cb21", "best_bid": "0.23", "best_ask": "0.27"}], "timestamp": "1769384476794", "event_type": "price_change"}}
{"_local_timestamp": "2026-01-25T23:41:16.865806+00:00", "data": {"market": "0x31084034029b612638e3fb22b7a601d6ac29a675179c4cc606eba58750454da1", "price_changes": [{"asset_id": "44663683609771624335776214797712449871138282164713549046114267101981463159940", "price": "0.13", "size": "5", "side": "BUY", "hash": "b15cfbce11205f7bd3eb075eb5873ad21ab3fa38", "best_bid": "0.23", "best_ask": "0.27"}, {"asset_id": "99896232523630538632605367960708575654428843671945194710554437725405697950894", "price": "0.87", "size": "5", "side": "SELL", "hash": "8c05b6b47dfaa7d308e51c32019628e0bc0c5eac", "best_bid": "0.73", "best_ask": "0.77"}], "timestamp": "1769384476794", "event_type": "price_change"}}
{"_local_timestamp": "2026-01-25T23:41:16.866794+00:00", "data": {"market": "0x31084034029b612638e3fb22b7a601d6ac29a675179c4cc606eba58750454da1", "price_changes": [{"asset_id": "44663683609771624335776214797712449871138282164713549046114267101981463159940", "price": "0.22", "size": "163.75", "side": "BUY", "hash": "b15cfbce11205f7bd3eb075eb5873ad21ab3fa38", "best_bid": "0.23", "best_ask": "0.27"}, {"asset_id": "99896232523630538632605367960708575654428843671945194710554437725405697950894", "price": "0.78", "size": "163.75", "side": "SELL", "hash": "8c05b6b47dfaa7d308e51c32019628e0bc0c5eac", "best_bid": "0.73", "best_ask": "0.77"}], "timestamp": "1769384476794", "event_type": "price_change"}}
{"_local_timestamp": "2026-01-25T23:41:16.867293+00:00", "data": {"market": "0x31084034029b612638e3fb22b7a601d6ac29a675179c4cc606eba58750454da1", "price_changes": [{"asset_id": "44663683609771624335776214797712449871138282164713549046114267101981463159940", "price": "0.18", "size": "20.73", "side": "BUY", "hash": "b15cfbce11205f7bd3eb075eb5873ad21ab3fa38", "best_bid": "0.23", "best_ask": "0.27"}, {"asset_id": "99896232523630538632605367960708575654428843671945194710554437725405697950894", "price": "0.82", "size": "20.73", "side": "SELL", "hash": "8c05b6b47dfaa7d308e51c32019628e0bc0c5eac", "best_bid": "0.73", "best_ask": "0.77"}], "timestamp": "1769384476794", "event_type": "price_change"}}
{"_local_timestamp": "2026-01-25T23:41:17.270586+00:00", "data": {"market": "0x31084034029b612638e3fb22b7a601d6ac29a675179c4cc606eba58750454da1", "price_changes": [{"asset_id": "99896232523630538632605367960708575654428843671945194710554437725405697950894", "price": "0.73", "size": "200", "side": "BUY", "hash": "95d9c1bfe496ff13c247d38ee4fe0f7602781f1e", "best_bid": "0.73", "best_ask": "0.77"}, {"asset_id": "44663683609771624335776214797712449871138282164713549046114267101981463159940", "price": "0.27", "size": "200", "side": "SELL", "hash": "288e6394f9aeceea713adfe3b4f39a6aa2d2f43f", "best_bid": "0.23", "best_ask": "0.27"}], "timestamp": "1769384477193", "event_type": "price_change"}}
{"_local_timestamp": "2026-01-25T23:41:17.320603+00:00", "data": {"market": "0x31084034029b612638e3fb22b7a601d6ac29a675179c4cc606eba58750454da1", "price_changes": [{"asset_id": "99896232523630538632605367960708575654428843671945194710554437725405697950894", "price": "0.74", "size": "11.35", "side": "BUY", "hash": "c09c3ac35051633443174c77ff5f9c588502ff66", "best_bid": "0.74", "best_ask": "0.77"}, {"asset_id": "44663683609771624335776214797712449871138282164713549046114267101981463159940", "price": "0.26", "size": "11.35", "side": "SELL", "hash": "8920c3bfd5d7e47a70589b19fddde319074669ab", "best_bid": "0.23", "best_ask": "0.26"}], "timestamp": "1769384477246", "event_type": "price_change"}}
{"_local_timestamp": "2026-01-25T23:41:18.867990+00:00", "data": {"market": "0x31084034029b612638e3fb22b7a601d6ac29a675179c4cc606eba58750454da1", "price_changes": [{"asset_id": "99896232523630538632605367960708575654428843671945194710554437725405697950894", "price": "0.73", "size": "0", "side": "BUY", "hash": "748c94396e3ffda9ef220dc11d9f8c6973e60e6b", "best_bid": "0.74", "best_ask": "0.77"}, {"asset_id": "44663683609771624335776214797712449871138282164713549046114267101981463159940", "price": "0.27", "size": "0", "side": "SELL", "hash": "5b2787bbe11eb2dd94d60811b911398cf55a487a", "best_bid": "0.23", "best_ask": "0.26"}], "timestamp": "1769384478792", "event_type": "price_change"}}
{"_local_timestamp": "2026-01-25T23:41:18.874030+00:00", "data": {"market": "0x31084034029b612638e3fb22b7a601d6ac29a675179c4cc606eba58750454da1", "price_changes": [{"asset_id": "44663683609771624335776214797712449871138282164713549046114267101981463159940", "price": "0.15", "size": "86.66", "side": "BUY", "hash": "e64a405dc3df5c10022c95382594f049110ef342", "best_bid": "0.23", "best_ask": "0.26"}, {"asset_id": "99896232523630538632605367960708575654428843671945194710554437725405697950894", "price": "0.85", "size": "86.66", "side": "SELL", "hash": "e603cce1b6612e19080fd3ba6a2cf6cc95064fac", "best_bid": "0.74", "best_ask": "0.77"}], "timestamp": "1769384478793", "event_type": "price_change"}}
{"_local_timestamp": "2026-01-25T23:41:18.877036+00:00", "data": {"market": "0x31084034029b612638e3fb22b7a601d6ac29a675179c4cc606eba58750454da1", "price_changes": [{"asset_id": "99896232523630538632605367960708575654428843671945194710554437725405697950894", "price": "0.74", "size": "211.35", "side": "BUY", "hash": "926953d241b2d9a527734ecbcd983da9a066c4df", "best_bid": "0.74", "best_ask": "0.77"}, {"asset_id": "44663683609771624335776214797712449871138282164713549046114267101981463159940", "price": "0.26", "size": "211.35", "side": "SELL", "hash": "f863feeed13e39c5dbdd57829cf980e3fa0c9b51", "best_bid": "0.23", "best_ask": "0.26"}], "timestamp": "1769384478795", "event_type": "price_change"}}
{"_local_timestamp": "2026-01-25T23:41:18.877473+00:00", "data": {"market": "0x31084034029b612638e3fb22b7a601d6ac29a675179c4cc606eba58750454da1", "price_changes": [{"asset_id": "44663683609771624335776214797712449871138282164713549046114267101981463159940", "price": "0.13", "size": "205", "side": "BUY", "hash": "a5a16052a31014e3efdb451a9e59195b7e7933cf", "best_bid": "0.23", "best_ask": "0.26"}, {"asset_id": "99896232523630538632605367960708575654428843671945194710554437725405697950894", "price": "0.87", "size": "205", "side": "SELL", "hash": "fb9b7cb7003d65df8f41fce41eccc2c05aba7db1", "best_bid": "0.74", "best_ask": "0.77"}], "timestamp": "1769384478796", "event_type": "price_change"}}
{"_local_timestamp": "2026-01-25T23:41:20.209384+00:00", "data": {"market": "0x31084034029b612638e3fb22b7a601d6ac29a675179c4cc606eba58750454da1", "price_changes": [{"asset_id": "99896232523630538632605367960708575654428843671945194710554437725405697950894", "price": "0.74", "size": "200", "side": "BUY", "hash": "17197e23419b41c9d569710a540ee40111f57adb", "best_bid": "0.74", "best_ask": "0.77"}, {"asset_id": "44663683609771624335776214797712449871138282164713549046114267101981463159940", "price": "0.26", "size": "200", "side": "SELL", "hash": "4963012020fd04a635130aeda674f34662989118", "best_bid": "0.23", "best_ask": "0.26"}], "timestamp": "1769384480141", "event_type": "price_change"}}
{"_local_timestamp": "2026-01-25T23:41:20.363962+00:00", "data": {"market": "0x31084034029b612638e3fb22b7a601d6ac29a675179c4cc606eba58750454da1", "price_changes": [{"asset_id": "99896232523630538632605367960708575654428843671945194710554437725405697950894", "price": "0.75", "size": "11.35", "side": "BUY", "hash": "79f3867694d31336200e1a2c9bf7888ff3df8e15", "best_bid": "0.75", "best_ask": "0.77"}, {"asset_id": "44663683609771624335776214797712449871138282164713549046114267101981463159940", "price": "0.25", "size": "11.35", "side": "SELL", "hash": "b6deee6f766fa162f6cf4a05a2cd5819f3a7922b", "best_bid": "0.23", "best_ask": "0.25"}], "timestamp": "1769384480292", "event_type": "price_change"}}
{"_local_timestamp": "2026-01-25T23:41:20.895911+00:00", "data": {"market": "0x31084034029b612638e3fb22b7a601d6ac29a675179c4cc606eba58750454da1", "price_changes": [{"asset_id": "99896232523630538632605367960708575654428843671945194710554437725405697950894", "price": "0.25", "size": "400", "side": "BUY", "hash": "8c5c5a9b3626bb072e0dcd0e4c6d9fe78e5e1c55", "best_bid": "0.75", "best_ask": "0.77"}, {"asset_id": "44663683609771624335776214797712449871138282164713549046114267101981463159940", "price": "0.75", "size": "400", "side": "SELL", "hash": "2986860e3787c7892eb0cb49390617db5169a69f", "best_bid": "0.23", "best_ask": "0.25"}], "timestamp": "1769384480826", "event_type": "price_change"}}
{"_local_timestamp": "2026-01-25T23:41:20.897388+00:00", "data": {"market": "0x31084034029b612638e3fb22b7a601d6ac29a675179c4cc606eba58750454da1", "price_changes": [{"asset_id": "99896232523630538632605367960708575654428843671945194710554437725405697950894", "price": "0.74", "size": "0", "side": "BUY", "hash": "8c5c5a9b3626bb072e0dcd0e4c6d9fe78e5e1c55", "best_bid": "0.75", "best_ask": "0.77"}, {"asset_id": "44663683609771624335776214797712449871138282164713549046114267101981463159940", "price": "0.26", "size": "0", "side": "SELL", "hash": "2986860e3787c7892eb0cb49390617db5169a69f", "best_bid": "0.23", "best_ask": "0.25"}], "timestamp": "1769384480826", "event_type": "price_change"}}
{"_local_timestamp": "2026-01-25T23:41:20.898512+00:00", "data": {"market": "0x31084034029b612638e3fb22b7a601d6ac29a675179c4cc606eba58750454da1", "price_changes": [{"asset_id": "44663683609771624335776214797712449871138282164713549046114267101981463159940", "price": "0.18", "size": "220.73", "side": "BUY", "hash": "d38a13254ad50affac04f453bff1536815a34f94", "best_bid": "0.23", "best_ask": "0.25"}, {"asset_id": "99896232523630538632605367960708575654428843671945194710554437725405697950894", "price": "0.82", "size": "220.73", "side": "SELL", "hash": "16fbd017c917832459369dc20e829fb55ea884ff", "best_bid": "0.75", "best_ask": "0.77"}], "timestamp": "1769384480826", "event_type": "price_change"}}
{"_local_timestamp": "2026-01-25T23:41:20.901100+00:00", "data": {"market": "0x31084034029b612638e3fb22b7a601d6ac29a675179c4cc606eba58750454da1", "price_changes": [{"asset_id": "44663683609771624335776214797712449871138282164713549046114267101981463159940", "price": "0.22", "size": "363.75", "side": "BUY", "hash": "b28b2d2512dae9b38d36de92885f4e8a1b4ae870", "best_bid": "0.23", "best_ask": "0.25"}, {"asset_id": "99896232523630538632605367960708575654428843671945194710554437725405697950894", "price": "0.78", "size": "363.75", "side": "SELL", "hash": "e553d2506a410a5f627d890dd1f791cab91aa7bc", "best_bid": "0.75", "best_ask": "0.77"}], "timestamp": "1769384480827", "event_type": "price_change"}}
{"_local_timestamp": "2026-01-25T23:41:20.903171+00:00", "data": {"market": "0x31084034029b612638e3fb22b7a601d6ac29a675179c4cc606eba58750454da1", "price_changes": [{"asset_id": "99896232523630538632605367960708575654428843671945194710554437725405697950894", "price": "0.7", "size": "260.26", "side": "BUY", "hash": "c5ed106f3ab8bc2fc8bf103593a009e6e5d6729e", "best_bid": "0.75", "best_ask": "0.77"}, {"asset_id": "44663683609771624335776214797712449871138282164713549046114267101981463159940", "price": "0.3", "size": "260.26", "side": "SELL", "hash": "0ef0f74744aa367b2a588537ffcdd8e0e1dfe14b", "best_bid": "0.23", "best_ask": "0.25"}], "timestamp": "1769384480828", "event_type": "price_change"}}
{"_local_timestamp": "2026-01-25T23:41:20.903606+00:00", "data": {"market": "0x31084034029b612638e3fb22b7a601d6ac29a675179c4cc606eba58750454da1", "price_changes": [{"asset_id": "99896232523630538632605367960708575654428843671945194710554437725405697950894", "price": "0.72", "size": "250", "side": "BUY", "hash": "f6d8346674410a8fe1eb0e7fd56ae733599009c7", "best_bid": "0.75", "best_ask": "0.77"}, {"asset_id": "44663683609771624335776214797712449871138282164713549046114267101981463159940", "price": "0.28", "size": "250", "side": "SELL", "hash": "f41a5fc2b86bfa788fa712dac3d0b33a32c34b69", "best_bid": "0.23", "best_ask": "0.25"}], "timestamp": "1769384480828", "event_type": "price_change"}}
{"_local_timestamp": "2026-01-25T23:41:20.907329+00:00", "data": {"market": "0x31084034029b612638e3fb22b7a601d6ac29a675179c4cc606eba58750454da1", "price_changes": [{"asset_id": "99896232523630538632605367960708575654428843671945194710554437725405697950894", "price": "0.73", "size": "200", "side": "BUY", "hash": "2b4959cb7efe044c4f6c0cad898d970e6be7cf8e", "best_bid": "0.75", "best_ask": "0.77"}, {"asset_id": "44663683609771624335776214797712449871138282164713549046114267101981463159940", "price": "0.27", "size": "200", "side": "SELL", "hash": "ee09fd9c6b99c9156e49d0766600e7d09c201720", "best_bid": "0.23", "best_ask": "0.25"}], "timestamp": "1769384480829", "event_type": "price_change"}}
{"_local_timestamp": "2026-01-25T23:41:20.945608+00:00", "data": {"market": "0x31084034029b612638e3fb22b7a601d6ac29a675179c4cc606eba58750454da1", "price_changes": [{"asset_id": "99896232523630538632605367960708575654428843671945194710554437725405697950894", "price": "0.26", "size": "500", "side": "BUY", "hash": "fc57acbfe9d6bba8f8ed6a26c53c5de1c0097ec7", "best_bid": "0.75", "best_ask": "0.77"}, {"asset_id": "44663683609771624335776214797712449871138282164713549046114267101981463159940", "price": "0.74", "size": "500", "side": "SELL", "hash": "79285ed1a8b62c29bab7a5d4f46ed9fd193a2939", "best_bid": "0.23", "best_ask": "0.25"}], "timestamp": "1769384480871", "event_type": "price_change"}}
{"_local_timestamp": "2026-01-25T23:41:21.772724+00:00", "data": {"market": "0x31084034029b612638e3fb22b7a601d6ac29a675179c4cc606eba58750454da1", "price_changes": [{"asset_id": "99896232523630538632605367960708575654428843671945194710554437725405697950894", "price": "0.75", "size": "0", "side": "BUY", "hash": "0fcc6ac15b123872d0a7815db5604c015912191b", "best_bid": "0.73", "best_ask": "0.77"}, {"asset_id": "44663683609771624335776214797712449871138282164713549046114267101981463159940", "price": "0.25", "size": "0", "side": "SELL", "hash": "b88121d513debc1d8e4b2be4b24b408ec4c4a045", "best_bid": "0.23", "best_ask": "0.27"}], "timestamp": "1769384481697", "event_type": "price_change"}}
{"_local_timestamp": "2026-01-25T23:41:22.309500+00:00", "data": {"market": "0x31084034029b612638e3fb22b7a601d6ac29a675179c4cc606eba58750454da1", "price_changes": [{"asset_id": "99896232523630538632605367960708575654428843671945194710554437725405697950894", "price": "0.73", "size": "211.35", "side": "BUY", "hash": "193e00cbe0bc392164f251157f2aaf1fa28ea5ea", "best_bid": "0.73", "best_ask": "0.77"}, {"asset_id": "44663683609771624335776214797712449871138282164713549046114267101981463159940", "price": "0.27", "size": "211.35", "side": "SELL", "hash": "c95daa21b55a2511f639ee118eca458fad0868a2", "best_bid": "0.23", "best_ask": "0.27"}], "timestamp": "1769384482241", "event_type": "price_change"}}
{"_local_timestamp": "2026-01-25T23:41:22.862270+00:00", "data": {"market": "0x31084034029b612638e3fb22b7a601d6ac29a675179c4cc606eba58750454da1", "price_changes": [{"asset_id": "44663683609771624335776214797712449871138282164713549046114267101981463159940", "price": "0.13", "size": "5", "side": "BUY", "hash": "89e4d1f4a207a67d467456049df60124b9a19f38", "best_bid": "0.23", "best_ask": "0.27"}, {"asset_id": "99896232523630538632605367960708575654428843671945194710554437725405697950894", "price": "0.87", "size": "5", "side": "SELL", "hash": "a2a8e8d2d9ae0ee03714b90a35dc6674c468703f", "best_bid": "0.73", "best_ask": "0.77"}], "timestamp": "1769384482792", "event_type": "price_change"}}
{"_local_timestamp": "2026-01-25T23:41:22.865489+00:00", "data": {"market": "0x31084034029b612638e3fb22b7a601d6ac29a675179c4cc606eba58750454da1", "price_changes": [{"asset_id": "44663683609771624335776214797712449871138282164713549046114267101981463159940", "price": "0.18", "size": "20.73", "side": "BUY", "hash": "89e4d1f4a207a67d467456049df60124b9a19f38", "best_bid": "0.23", "best_ask": "0.27"}, {"asset_id": "99896232523630538632605367960708575654428843671945194710554437725405697950894", "price": "0.82", "size": "20.73", "side": "SELL", "hash": "a2a8e8d2d9ae0ee03714b90a35dc6674c468703f", "best_bid": "0.73", "best_ask": "0.77"}], "timestamp": "1769384482792", "event_type": "price_change"}}
{"_local_timestamp": "2026-01-25T23:41:22.865946+00:00", "data": {"market": "0x31084034029b612638e3fb22b7a601d6ac29a675179c4cc606eba58750454da1", "price_changes": [{"asset_id": "44663683609771624335776214797712449871138282164713549046114267101981463159940", "price": "0.22", "size": "163.75", "side": "BUY", "hash": "89e4d1f4a207a67d467456049df60124b9a19f38", "best_bid": "0.23", "best_ask": "0.27"}, {"asset_id": "99896232523630538632605367960708575654428843671945194710554437725405697950894", "price": "0.78", "size": "163.75", "side": "SELL", "hash": "a2a8e8d2d9ae0ee03714b90a35dc6674c468703f", "best_bid": "0.73", "best_ask": "0.77"}], "timestamp": "1769384482792", "event_type": "price_change"}}
{"_local_timestamp": "2026-01-25T23:41:22.866375+00:00", "data": {"market": "0x31084034029b612638e3fb22b7a601d6ac29a675179c4cc606eba58750454da1", "price_changes": [{"asset_id": "99896232523630538632605367960708575654428843671945194710554437725405697950894", "price": "0.7", "size": "60.26", "side": "BUY", "hash": "83b1ea897a9fe3d373ccfd7678939acbdb28d5f0", "best_bid": "0.73", "best_ask": "0.77"}, {"asset_id": "44663683609771624335776214797712449871138282164713549046114267101981463159940", "price": "0.3", "size": "60.26", "side": "SELL", "hash": "af2340831c6104aaac73be4e680d532aae1d3202", "best_bid": "0.23", "best_ask": "0.27"}], "timestamp": "1769384482792", "event_type": "price_change"}}
{"_local_timestamp": "2026-01-25T23:41:22.866772+00:00", "data": {"market": "0x31084034029b612638e3fb22b7a601d6ac29a675179c4cc606eba58750454da1", "price_changes": [{"asset_id": "99896232523630538632605367960708575654428843671945194710554437725405697950894", "price": "0.72", "size": "50", "side": "BUY", "hash": "83b1ea897a9fe3d373ccfd7678939acbdb28d5f0", "best_bid": "0.73", "best_ask": "0.77"}, {"asset_id": "44663683609771624335776214797712449871138282164713549046114267101981463159940", "price": "0.28", "size": "50", "side": "SELL", "hash": "af2340831c6104aaac73be4e680d532aae1d3202", "best_bid": "0.23", "best_ask": "0.27"}], "timestamp": "1769384482792", "event_type": "price_change"}}
{"_local_timestamp": "2026-01-25T23:41:22.867271+00:00", "data": {"market": "0x31084034029b612638e3fb22b7a601d6ac29a675179c4cc606eba58750454da1", "price_changes": [{"asset_id": "99896232523630538632605367960708575654428843671945194710554437725405697950894", "price": "0.26", "size": "300", "side": "BUY", "hash": "83b1ea897a9fe3d373ccfd7678939acbdb28d5f0", "best_bid": "0.73", "best_ask": "0.77"}, {"asset_id": "44663683609771624335776214797712449871138282164713549046114267101981463159940", "price": "0.74", "size": "300", "side": "SELL", "hash": "af2340831c6104aaac73be4e680d532aae1d3202", "best_bid": "0.23", "best_ask": "0.27"}], "timestamp": "1769384482792", "event_type": "price_change"}}
{"_local_timestamp": "2026-01-25T23:41:22.867708+00:00", "data": {"market": "0x31084034029b612638e3fb22b7a601d6ac29a675179c4cc606eba58750454da1", "price_changes": [{"asset_id": "44663683609771624335776214797712449871138282164713549046114267101981463159940", "price": "0.15", "size": "286.66", "side": "BUY", "hash": "9a74bee98d3f78af38f47d795bf8e17afc70a926", "best_bid": "0.23", "best_ask": "0.27"}, {"asset_id": "99896232523630538632605367960708575654428843671945194710554437725405697950894", "price": "0.85", "size": "286.66", "side": "SELL", "hash": "6fefede3bfdaaff3cb9c55152884f515b1bf77bf", "best_bid": "0.73", "best_ask": "0.77"}], "timestamp": "1769384482794", "event_type": "price_change"}}
{"_local_timestamp": "2026-01-25T23:41:22.871544+00:00", "data": {"market": "0x31084034029b612638e3fb22b7a601d6ac29a675179c4cc606eba58750454da1", "price_changes": [{"asset_id": "99896232523630538632605367960708575654428843671945194710554437725405697950894", "price": "0.25", "size": "600", "side": "BUY", "hash": "763515ad5f6534bdf7476c4d364009d49e54cbd5", "best_bid": "0.73", "best_ask": "0.77"}, {"asset_id": "44663683609771624335776214797712449871138282164713549046114267101981463159940", "price": "0.75", "size": "600", "side": "SELL", "hash": "48e20eb0d46727cedf21c8d70d88cb0fe2a9a109", "best_bid": "0.23", "best_ask": "0.27"}], "timestamp": "1769384482795", "event_type": "price_change"}}
{"_local_timestamp": "2026-01-25T23:41:23.420025+00:00", "data": {"market": "0x31084034029b612638e3fb22b7a601d6ac29a675179c4cc606eba58750454da1", "price_changes": [{"asset_id": "99896232523630538632605367960708575654428843671945194710554437725405697950894", "price": "0.73", "size": "200", "side": "BUY", "hash": "9aacb26637b153a64724001b9cc8e17b8feae68c", "best_bid": "0.73", "best_ask": "0.77"}, {"asset_id": "44663683609771624335776214797712449871138282164713549046114267101981463159940", "price": "0.27", "size": "200", "side": "SELL", "hash": "6407c94e47b9a6e2eff7615ee4e9ca9a3265ee30", "best_bid": "0.23", "best_ask": "0.27"}], "timestamp": "1769384483349", "event_type": "price_change"}}
{"_local_timestamp": "2026-01-25T23:41:23.484143+00:00", "data": {"market": "0x31084034029b612638e3fb22b7a601d6ac29a675179c4cc606eba58750454da1", "price_changes": [{"asset_id": "99896232523630538632605367960708575654428843671945194710554437725405697950894", "price": "0.74", "size": "11.35", "side": "BUY", "hash": "1534687db2d1d2bc2db10aeab9212e7d46a04262", "best_bid": "0.74", "best_ask": "0.77"}, {"asset_id": "44663683609771624335776214797712449871138282164713549046114267101981463159940", "price": "0.26", "size": "11.35", "side": "SELL", "hash": "d3522f2814c2f7d872cd2f0409c560b8ce4c30f6", "best_bid": "0.23", "best_ask": "0.26"}], "timestamp": "1769384483415", "event_type": "price_change"}}
{"_local_timestamp": "2026-01-25T23:41:24.865236+00:00", "data": {"market": "0x31084034029b612638e3fb22b7a601d6ac29a675179c4cc606eba58750454da1", "price_changes": [{"asset_id": "44663683609771624335776214797712449871138282164713549046114267101981463159940", "price": "0.13", "size": "205", "side": "BUY", "hash": "6e539f5aec4722536dce8280cd35601db6ee29bd", "best_bid": "0.23", "best_ask": "0.26"}, {"asset_id": "99896232523630538632605367960708575654428843671945194710554437725405697950894", "price": "0.87", "size": "205", "side": "SELL", "hash": "308c9bf61016b665b35cad2a79f827f036e1be68", "best_bid": "0.74", "best_ask": "0.77"}], "timestamp": "1769384484796", "event_type": "price_change"}}
{"_local_timestamp": "2026-01-25T23:41:24.865821+00:00", "data": {"market": "0x31084034029b612638e3fb22b7a601d6ac29a675179c4cc606eba58750454da1", "price_changes": [{"asset_id": "99896232523630538632605367960708575654428843671945194710554437725405697950894", "price": "0.74", "size": "211.35", "side": "BUY", "hash": "9340f73388beb1f254fc25f4407b9166719be3c8", "best_bid": "0.74", "best_ask": "0.77"}, {"asset_id": "44663683609771624335776214797712449871138282164713549046114267101981463159940", "price": "0.26", "size": "211.35", "side": "SELL", "hash": "9c1cb04ab732b41a0db5fdae70bfd0200913ac1a", "best_bid": "0.23", "best_ask": "0.26"}], "timestamp": "1769384484797", "event_type": "price_change"}}
{"_local_timestamp": "2026-01-25T23:41:24.882214+00:00", "data": {"market": "0x31084034029b612638e3fb22b7a601d6ac29a675179c4cc606eba58750454da1", "price_changes": [{"asset_id": "99896232523630538632605367960708575654428843671945194710554437725405697950894", "price": "0.73", "size": "0", "side": "BUY", "hash": "b5ea0f89151f8a7aad57205f8a74722c713ba8e8", "best_bid": "0.74", "best_ask": "0.77"}, {"asset_id": "44663683609771624335776214797712449871138282164713549046114267101981463159940", "price": "0.27", "size": "0", "side": "SELL", "hash": "008f2bc18d123d32db68f24352e1ad0821e0fbde", "best_bid": "0.23", "best_ask": "0.26"}], "timestamp": "1769384484801", "event_type": "price_change"}}
{"_local_timestamp": "2026-01-25T23:41:24.882757+00:00", "data": {"market": "0x31084034029b612638e3fb22b7a601d6ac29a675179c4cc606eba58750454da1", "price_changes": [{"asset_id": "44663683609771624335776214797712449871138282164713549046114267101981463159940", "price": "0.15", "size": "86.66", "side": "BUY", "hash": "a813ed5adae2747e29bbeb6adab45e9827730e19", "best_bid": "0.23", "best_ask": "0.26"}, {"asset_id": "99896232523630538632605367960708575654428843671945194710554437725405697950894", "price": "0.85", "size": "86.66", "side": "SELL", "hash": "fa48ee91cb64eeec839d44520a9e7d011bd10d2b", "best_bid": "0.74", "best_ask": "0.77"}], "timestamp": "1769384484801", "event_type": "price_change"}}
{"_local_timestamp": "2026-01-25T23:41:26.064571+00:00", "data": {"market": "0x31084034029b612638e3fb22b7a601d6ac29a675179c4cc606eba58750454da1", "price_changes": [{"asset_id": "99896232523630538632605367960708575654428843671945194710554437725405697950894", "price": "0.74", "size": "200", "side": "BUY", "hash": "02a6c2de8255fca5fb033aeba17e6da3a0d55159", "best_bid": "0.74", "best_ask": "0.77"}, {"asset_id": "44663683609771624335776214797712449871138282164713549046114267101981463159940", "price": "0.26", "size": "200", "side": "SELL", "hash": "548e312503209c7943aa3a76d2ea31b170cf97b1", "best_bid": "0.23", "best_ask": "0.26"}], "timestamp": "1769384485986", "event_type": "price_change"}}
{"_local_timestamp": "2026-01-25T23:41:26.077094+00:00", "data": {"market": "0x31084034029b612638e3fb22b7a601d6ac29a675179c4cc606eba58750454da1", "price_changes": [{"asset_id": "99896232523630538632605367960708575654428843671945194710554437725405697950894", "price": "0.7", "size": "10.26", "side": "BUY", "hash": "6821ed2699d0b32219c2a5ed2ac1e76f7aa9e035", "best_bid": "0.74", "best_ask": "0.77"}, {"asset_id": "44663683609771624335776214797712449871138282164713549046114267101981463159940", "price": "0.3", "size": "10.26", "side": "SELL", "hash": "acfcfa4ea75ece13f876e80791fdb31e1f9656d9", "best_bid": "0.23", "best_ask": "0.26"}], "timestamp": "1769384486000", "event_type": "price_change"}}
{"_local_timestamp": "2026-01-25T23:41:26.162319+00:00", "data": {"market": "0x31084034029b612638e3fb22b7a601d6ac29a675179c4cc606eba58750454da1", "price_changes": [{"asset_id": "99896232523630538632605367960708575654428843671945194710554437725405697950894", "price": "0.75", "size": "11.35", "side": "BUY", "hash": "9b74beb1ed7656cc7e8a1b2c41c10b65dc2cb5bf", "best_bid": "0.75", "best_ask": "0.77"}, {"asset_id": "44663683609771624335776214797712449871138282164713549046114267101981463159940", "price": "0.25", "size": "11.35", "side": "SELL", "hash": "cd03d5ad7c7c85a6c67324b38f3ab4c96a632c2e", "best_bid": "0.23", "best_ask": "0.25"}], "timestamp": "1769384486084", "event_type": "price_change"}}
{"_local_timestamp": "2026-01-25T23:41:26.792668+00:00", "data": {"market": "0x31084034029b612638e3fb22b7a601d6ac29a675179c4cc606eba58750454da1", "price_changes": [{"asset_id": "99896232523630538632605367960708575654428843671945194710554437725405697950894", "price": "0.75", "size": "0", "side": "BUY", "hash": "b7f25efe4cb36b2c34b8a57393e37b2f9d7221d2", "best_bid": "0.74", "best_ask": "0.77"}, {"asset_id": "44663683609771624335776214797712449871138282164713549046114267101981463159940", "price": "0.25", "size": "0", "side": "SELL", "hash": "e0187a07aa6852f13af01d8f70d4ba77a2de105f", "best_bid": "0.23", "best_ask": "0.26"}], "timestamp": "1769384486704", "event_type": "price_change"}}
{"_local_timestamp": "2026-01-25T23:41:26.881719+00:00", "data": {"market": "0x31084034029b612638e3fb22b7a601d6ac29a675179c4cc606eba58750454da1", "price_changes": [{"asset_id": "99896232523630538632605367960708575654428843671945194710554437725405697950894", "price": "0.25", "size": "400", "side": "BUY", "hash": "3ce48611079a9775dd39027d3b9f6d75e678c954", "best_bid": "0.72", "best_ask": "0.77"}, {"asset_id": "44663683609771624335776214797712449871138282164713549046114267101981463159940", "price": "0.75", "size": "400", "side": "SELL", "hash": "ebb77f37a59a50a98c536d73320ca35a8d9cd640", "best_bid": "0.23", "best_ask": "0.28"}], "timestamp": "1769384486805", "event_type": "price_change"}}
{"_local_timestamp": "2026-01-25T23:41:26.882512+00:00", "data": {"market": "0x31084034029b612638e3fb22b7a601d6ac29a675179c4cc606eba58750454da1", "price_changes": [{"asset_id": "99896232523630538632605367960708575654428843671945194710554437725405697950894", "price": "0.74", "size": "0", "side": "BUY", "hash": "3ce48611079a9775dd39027d3b9f6d75e678c954", "best_bid": "0.72", "best_ask": "0.77"}, {"asset_id": "44663683609771624335776214797712449871138282164713549046114267101981463159940", "price": "0.26", "size": "0", "side": "SELL", "hash": "ebb77f37a59a50a98c536d73320ca35a8d9cd640", "best_bid": "0.23", "best_ask": "0.28"}], "timestamp": "1769384486805", "event_type": "price_change"}}
{"_local_timestamp": "2026-01-25T23:41:26.883062+00:00", "data": {"market": "0x31084034029b612638e3fb22b7a601d6ac29a675179c4cc606eba58750454da1", "price_changes": [{"asset_id": "44663683609771624335776214797712449871138282164713549046114267101981463159940", "price": "0.13", "size": "5", "side": "BUY", "hash": "a78b7f175d0838dda8df9c33614d2725c84a050f", "best_bid": "0.23", "best_ask": "0.28"}, {"asset_id": "99896232523630538632605367960708575654428843671945194710554437725405697950894", "price": "0.87", "size": "5", "side": "SELL", "hash": "09c18773bc988a6e3079e21c77d5385badf5f11f", "best_bid": "0.72", "best_ask": "0.77"}], "timestamp": "1769384486805", "event_type": "price_change"}}
{"_local_timestamp": "2026-01-25T23:41:26.883585+00:00", "data": {"market": "0x31084034029b612638e3fb22b7a601d6ac29a675179c4cc606eba58750454da1", "price_changes": [{"asset_id": "99896232523630538632605367960708575654428843671945194710554437725405697950894", "price": "0.72", "size": "250", "side": "BUY", "hash": "66ee1a856c0108c383027dc952f89f5f1363a665", "best_bid": "0.72", "best_ask": "0.77"}, {"asset_id": "44663683609771624335776214797712449871138282164713549046114267101981463159940", "price": "0.28", "size": "250", "side": "SELL", "hash": "1a37e6c40bf31253d76bf10e01f52f2696e10eb9", "best_bid": "0.23", "best_ask": "0.28"}], "timestamp": "1769384486807", "event_type": "price_change"}}
{"_local_timestamp": "2026-01-25T23:41:26.884421+00:00", "data": {"market": "0x31084034029b612638e3fb22b7a601d6ac29a675179c4cc606eba58750454da1", "price_changes": [{"asset_id": "99896232523630538632605367960708575654428843671945194710554437725405697950894", "price": "0.21", "size": "200", "side": "BUY", "hash": "c538fab5bed54c0721e840199f6126293161dacf", "best_bid": "0.72", "best_ask": "0.77"}, {"asset_id": "44663683609771624335776214797712449871138282164713549046114267101981463159940", "price": "0.79", "size": "200", "side": "SELL", "hash": "e1dcdab2617eaacda37d71bc927a6cef6eab17b2", "best_bid": "0.23", "best_ask": "0.28"}], "timestamp": "1769384486807", "event_type": "price_change"}}
{"_local_timestamp": "2026-01-25T23:41:26.887890+00:00", "data": {"market": "0x31084034029b612638e3fb22b7a601d6ac29a675179c4cc606eba58750454da1", "price_changes": [{"asset_id": "44663683609771624335776214797712449871138282164713549046114267101981463159940", "price": "0.15", "size": "286.66", "side": "BUY", "hash": "3f0a327b1a05a117adcadfc715202bb84c8239a5", "best_bid": "0.23", "best_ask": "0.28"}, {"asset_id": "99896232523630538632605367960708575654428843671945194710554437725405697950894", "price": "0.85", "size": "286.66", "side": "SELL", "hash": "682724818604960a16c7e85e0a7a054ea1979b09", "best_bid": "0.72", "best_ask": "0.77"}], "timestamp": "1769384486808", "event_type": "price_change"}}
