{"_local_timestamp": "2026-01-25T23:41:33.437671+00:00", "data": [{"market": "0xbdff87a291552cb51531c5f30515a521692da10cefddac627dcf4da2020f62b3", "asset_id": "100443360375230484170037082094286936214779572115807929958263815924882971977856", "timestamp": "1769384287704", "hash": "4f9a2331af465fe63de2503f9b97790bfbc32405", "bids": [{"price": "0.01", "size": "844.83"}, {"price": "0.02", "size": "213.72"}, {"price": "0.03", "size": "103"}, {"price": "0.04", "size": "6.21"}, {"price": "0.05", "size": "100"}, {"price": "0.06", "size": "38.48"}, {"price": "0.07", "size": "58.1"}], "asks": [{"price": "0.99", "size": "1035.04"}, {"price": "0.98", "size": "17.76"}, {"price": "0.95", "size": "100"}, {"price": "0.94", "size": "33"}, {"price": "0.92", "size": "68.75"}, {"price": "0.89", "size": "205.4"}, {"price": "0.88", "size": "154.63"}, {"price": "0.31", "size": "50"}], "event_type": "book", "last_trade_price": ""}, {"market": "0xbdff87a291552cb51531c5f30515a521692da10cefddac627dcf4da2020f62b3", "asset_id": "53063195639178711216625412129631265667425198279099155138767150469664578065604", "timestamp": "1769384287704", "hash": "271cc58a008b005ba99d9d38a6b128f38d5afaec", "bids": [{"price": "0.01", "size": "1035.04"}, {"price": "0.02", "size": "17.76"}, {"price": "0.05", "size": "100"}, {"price": "0.06", "size": "33"}, {"price": "0.08", "size": "68.75"}, {"price": "0.11", "size": "205.4"}, {"price": "0.12", "size": "154.63"}, {"price": "0.69", "size": "50"}], "asks": [{"price": "0.99", "size": "844.83"}, {"price": "0.98", "size": "213.72"}, {"price": "0.97", "size": "103"}, {"price": "0.96", "size": "6.21"}, {"price": "0.95", "size": "100"}, {"price": "0.94", "size": "38.48"}, {"price": "0.93", "size": "58.1"}], "event_type": "book", "last_trade_price": ""}]}
{"_local_timestamp": "2026-01-25T23:41:43.121373+00:00", "data": {"market": "0xbdff87a291552cb51531c5f30515a521692da10cefddac627dcf4da2020f62b3", "price_changes": [{"asset_id": "53063195639178711216625412129631265667425198279099155138767150469664578065604", "price": "0.69", "size": "0", "side": "BUY", "hash": "dd83acb9f49659ea21cf2c8e789171f9b3f1fcb4", "best_bid": "0.12", "best_ask": "0.93"}, {"asset_id": "100443360375230484170037082094286936214779572115807929958263815924882971977856", "price": "0.31", "size": "0", "side": "SELL", "hash": "25c84065a4f6996334f674d003586d5c7bf79525", "best_bid": "0.07", "best_ask": "0.88"}], "timestamp": "1769384503037", "event_type": "price_change"}}
{"_local_timestamp": "2026-01-25T23:41:43.141112+00:00", "data": {"market": "0xbdff87a291552cb51531c5f30515a521692da10cefddac627dcf4da2020f62b3", "price_changes": [{"asset_id": "53063195639178711216625412129631265667425198279099155138767150469664578065604", "price": "0.02", "size": "217.76", "side": "BUY", "hash": "9b0ec9e3198684dc92cd871eae02cfb90ee65c2e", "best_bid": "0.12", "best_ask": "0.93"}, {"asset_id": "100443360375230484170037082094286936214779572115807929958263815924882971977856", "price": "0.98", "size": "217.76", "side": "SELL", "hash": "6a85eba9d330d0f26d8a92466996b1257ed2f229", "best_bid": "0.07", "best_ask": "0.88"}], "timestamp": "1769384503075", "event_type": "price_change"}}
{"_local_timestamp": "2026-01-25T23:41:44.442563+00:00", "data": {"market": "0xbdff87a291552cb51531c5f30515a521692da10cefddac627dcf4da2020f62b3", "price_changes": [{"asset_id": "53063195639178711216625412129631265667425198279099155138767150469664578065604", "price": "0.02", "size": "200", "side": "BUY", "hash": "f9d1ef1a6589b43763ecdf5417ad9546b698481b", "best_bid": "0.12", "best_ask": "0.93"}, {"asset_id": "100443360375230484170037082094286936214779572115807929958263815924882971977856", "price": "0.98", "size": "200", "side": "SELL", "hash": "ffdc1c0cad21ba58acfd4e6e318381b45d37fd32", "best_bid": "0.07", "best_ask": "0.88"}], "timestamp": "1769384504374", "event_type": "price_change"}}
{"_local_timestamp": "2026-01-25T23:41:44.443081+00:00", "data": {"market": "0xbdff87a291552cb51531c5f30515a521692da10cefddac627dcf4da2020f62b3", "price_changes": [{"asset_id": "53063195639178711216625412129631265667425198279099155138767150469664578065604", "price": "0.11", "size": "200", "side": "BUY", "hash": "f9d1ef1a6589b43763ecdf5417ad9546b698481b", "best_bid": "0.12", "best_ask": "0.93"}, {"asset_id": "100443360375230484170037082094286936214779572115807929958263815924882971977856", "price": "0.89", "size": "200", "side": "SELL", "hash": "ffdc1c0cad21ba58acfd4e6e318381b45d37fd32", "best_bid": "0.07", "best_ask": "0.88"}], "timestamp": "1769384504374", "event_type": "price_change"}}
{"_local_timestamp": "2026-01-25T23:41:45.043939+00:00", "data": {"market": "0xbdff87a291552cb51531c5f30515a521692da10cefddac627dcf4da2020f62b3", "price_changes": [{"asset_id": "53063195639178711216625412129631265667425198279099155138767150469664578065604", "price": "0.03", "size": "8.48", "side": "BUY", "hash": "618db37485bbd9a6c93594caacc664a8aa1ca238", "best_bid": "0.12", "best_ask": "0.93"}, {"asset_id": "100443360375230484170037082094286936214779572115807929958263815924882971977856", "price": "0.97", "size": "8.48", "side": "SELL", "hash": "cfb6e0632e15481d0afaff29ebd488cf98a47cc5", "best_bid": "0.07", "best_ask": "0.88"}], "timestamp": "1769384504973", "event_type": "price_change"}}
{"_local_timestamp": "2026-01-25T23:41:45.044386+00:00", "data": {"market": "0xbdff87a291552cb51531c5f30515a521692da10cefddac627dcf4da2020f62b3", "price_changes": [{"asset_id": "53063195639178711216625412129631265667425198279099155138767150469664578065604", "price": "0.09", "size": "7.72", "side": "BUY", "hash": "b1b589d17d004fcca478f38af1cffa997be5e735", "best_bid": "0.12", "best_ask": "0.93"}, {"asset_id": "100443360375230484170037082094286936214779572115807929958263815924882971977856", "price": "0.91", "size": "7.72", "side": "SELL", "hash": "29ed849477deb4b2ef62cb0d28fb9261e88e39b5", "best_bid": "0.07", "best_ask": "0.88"}], "timestamp": "1769384504974", "event_type": "price_change"}}
{"_local_timestamp": "2026-01-25T23:41:45.141837+00:00", "data": {"market": "0xbdff87a291552cb51531c5f30515a521692da10cefddac627dcf4da2020f62b3", "price_changes": [{"asset_id": "53063195639178711216625412129631265667425198279099155138767150469664578065604", "price": "0.09", "size": "207.72", "side": "BUY", "hash": "7fcbf3e7718b2337812185d058f4910427e45df8", "best_bid": "0.12", "best_ask": "0.93"}, {"asset_id": "100443360375230484170037082094286936214779572115807929958263815924882971977856", "price": "0.91", "size": "207.72", "side": "SELL", "hash": "756f1c06c759b986ff9f66540d157bad0e3291a3", "best_bid": "0.07", "best_ask": "0.88"}], "timestamp": "1769384505075", "event_type": "price_change"}}
{"_local_timestamp": "2026-01-25T23:41:58.736442+00:00", "data": {"market": "0xbdff87a291552cb51531c5f30515a521692da10cefddac627dcf4da2020f62b3", "price_changes": [{"asset_id": "53063195639178711216625412129631265667425198279099155138767150469664578065604", "price": "0.01", "size": "635.04", "side": "BUY", "hash": "58fa9d6c817b7f3261b984b90b7c6103c6ffe52d", "best_bid": "0.12", "best_ask": "0.93"}, {"asset_id": "100443360375230484170037082094286936214779572115807929958263815924882971977856", "price": "0.99", "size": "635.04", "side": "SELL", "hash": "b282252e47ce61919ece3b5c74a7dd150811fd97", "best_bid": "0.07", "best_ask": "0.88"}], "timestamp": "1769384518666", "event_type": "price_change"}}
{"_local_timestamp": "2026-01-25T23:43:21.120622+00:00", "data": {"market": "0xbdff87a291552cb51531c5f30515a521692da10cefddac627dcf4da2020f62b3", "price_changes": [{"asset_id": "53063195639178711216625412129631265667425198279099155138767150469664578065604", "price": "0.69", "size": "50", "side": "BUY", "hash": "dbf389360c205061681796d339b285945b0a9e25", "best_bid": "0.69", "best_ask": "0.93"}, {"asset_id": "100443360375230484170037082094286936214779572115807929958263815924882971977856", "price": "0.31", "size": "50", "side": "SELL", "hash": "97b932db077c53f9f28263c74892b7bc4e5ea389", "best_bid": "0.07", "best_ask": "0.31"}], "timestamp": "1769384600998", "event_type": "price_change"}}
{"_local_timestamp": "2026-01-25T23:43:21.157332+00:00", "data": {"market": "0xbdff87a291552cb51531c5f30515a521692da10cefddac627dcf4da2020f62b3", "price_changes": [{"asset_id": "53063195639178711216625412129631265667425198279099155138767150469664578065604", "price": "0.02", "size": "0", "side": "BUY", "hash": "d3f202774e5586ea54c9933e41dc07752c1cb4c8", "best_bid": "0.69", "best_ask": "0.93"}, {"asset_id": "100443360375230484170037082094286936214779572115807929958263815924882971977856", "price": "0.98", "size": "0", "side": "SELL", "hash": "d73619ffcdca7e8b335d104f900008a795642d7a", "best_bid": "0.07", "best_ask": "0.31"}], "timestamp": "1769384601034", "event_type": "price_change"}}
{"_local_timestamp": "2026-01-25T23:43:21.157890+00:00", "data": {"market": "0xbdff87a291552cb51531c5f30515a521692da10cefddac627dcf4da2020f62b3", "price_changes": [{"asset_id": "53063195639178711216625412129631265667425198279099155138767150469664578065604", "price": "0.09", "size": "7.72", "side": "BUY", "hash": "d3f202774e5586ea54c9933e41dc07752c1cb4c8", "best_bid": "0.69", "best_ask": "0.93"}, {"asset_id": "100443360375230484170037082094286936214779572115807929958263815924882971977856", "price": "0.91", "size": "7.72", "side": "SELL", "hash": "d73619ffcdca7e8b335d104f900008a795642d7a", "best_bid": "0.07", "best_ask": "0.31"}], "timestamp": "1769384601034", "event_type": "price_change"}}
