{"_local_timestamp": "2026-01-25T23:41:33.313929+00:00", "data": [{"market": "0x946e937dd543d522f26675de159a81b671baf2673494cfe892d72f59b6a48d65", "asset_id": "30096860216428751849752731020220240501257311873820387581706587487048682309490", "timestamp": "1769384489001", "hash": "4c230bc051dcd91b17ae8a1bab6a55a87cb763e4", "bids": [{"price": "0.01", "size": "143.51"}, {"price": "0.02", "size": "71"}, {"price": "0.03", "size": "29.82"}, {"price": "0.45", "size": "500"}, {"price": "0.46", "size": "100"}], "asks": [{"price": "0.99", "size": "143.63"}, {"price": "0.98", "size": "71"}, {"price": "0.97", "size": "29.78"}, {"price": "0.56", "size": "600"}], "event_type": "book", "last_trade_price": ""}, {"market": "0x946e937dd543d522f26675de159a81b671baf2673494cfe892d72f59b6a48d65", "asset_id": "32326797912692418881793085135004847069627417506373303910110643211151890932437", "timestamp": "1769384489001", "hash": "206f1f6b4ee465ea88eb938349d5a751111c257c", "bids": [{"price": "0.01", "size": "143.63"}, {"price": "0.02", "size": "71"}, {"price": "0.03", "size": "29.78"}, {"price": "0.44", "size": "600"}], "asks": [{"price": "0.99", "size": "143.51"}, {"price": "0.98", "size": "71"}, {"price": "0.97", "size": "29.82"}, {"price": "0.55", "size": "500"}, {"price": "0.54", "size": "100"}], "event_type": "book", "last_trade_price": ""}, {"market": "0x2f38e972648214a9faf442dfb13a3306ba2767ca2b43185da164e054283808bf", "asset_id": "53686121198056356961708765230174235914321565963241610922776651877875433998743", "timestamp": "1769384482004", "hash": "e8e82df6ce77338cc7274442da7011a1e4d5a05a", "bids": [{"price": "0.01", "size": "1890.1"}, {"price": "0.02", "size": "1000"}, {"price": "0.03", "size": "9.45"}, {"price": "0.04", "size": "2300"}, {"price": "0.05", "size": "800"}, {"price": "0.09", "size": "144.44"}, {"price": "0.1", "size": "400"}, {"price": "0.11", "size": "1005.59"}, {"price": "0.12", "size": "300"}, {"price": "0.2", "size": "700"}, {"price": "0.25", "size": "400"}, {"price": "0.26", "size": "200"}, {"price": "0.3", "size": "300"}, {"price": "0.33", "size": "300"}, {"price": "0.37", "size": "184"}, {"price": "0.52", "size": "1105"}, {"price": "0.54", "size": "5"}, {"price": "0.55", "size": "5"}, {"price": "0.58", "size": "5"}], "asks": [{"price": "0.99", "size": "1890.01"}, {"price": "0.98", "size": "1000"}, {"price": "0.97", "size": "10.41"}, {"price": "0.96", "size": "2625"}, {"price": "0.93", "size": "300"}, {"price": "0.92", "size": "68.75"}, {"price": "0.91", "size": "206.52"}, {"price": "0.9", "size": "300"}, {"price": "0.65", "size": "205"}, {"price": "0.64", "size": "1184"}, {"price": "0.63", "size": "5"}, {"price": "0.62", "size": "64"}], "event_type": "book", "last_trade_price": "0.380"}, {"market": "0xc713ebea2d3f3c75c22f360a55ceff5347416bc9ca58fdf77aab197792b8d912", "asset_id": "83235839729762820596328567738200871340764884192429856507108774760505261237496", "timestamp": "1769384219761", "hash": "06049d579dcb6783300b085911bd3c9511b4bfef", "bids": [{"price": "0.01", "size": "143.51"}, {"price": "0.02", "size": "71"}, {"price": "0.03", "size": "29.82"}, {"price": "0.46", "size": "100"}], "asks": [{"price": "0.99", "size": "143.63"}, {"price": "0.98", "size": "71"}, {"price": "0.97", "size": "29.78"}, {"price": "0.56", "size": "100"}], "event_type": "book", "last_trade_price": ""}, {"market": "0xc713ebea2d3f3c75c22f360a55ceff5347416bc9ca58fdf77aab197792b8d912", "asset_id": "80284667136460174211607827009360915516808713819381922734543063233622845321786", "timestamp": "1769384219761", "hash": "53a8fa9cd01701def6140d8c98123a4f9a1e3297", "bids": [{"price": "0.01", "size": "143.63"}, {"price": "0.02", "size": "71"}, {"price": "0.03", "size": "29.78"}, {"price": "0.44", "size": "100"}], "asks": [{"price": "0.99", "size": "143.51"}, {"price": "0.98", "size": "71"}, {"price": "0.97", "size": "29.82"}, {"price": "0.54", "size": "100"}], "event_type": "book", "last_trade_price": ""}, {"market": "0x87c844b30b587e7fd0fa9de1e6cbd8ceda173ff3d773ec5fca345047e97663c5", "asset_id": "81328461840865453437537555939823283523335876676600916477509008200626009722000", "timestamp": "1769384482002", "hash": "6f14fe3e66c8d193317ac91abf47362a02e58267", "bids": [{"price": "0.01", "size": "143.57"}, {"price": "0.02", "size": "71"}, {"price": "0.03", "size": "29.8"}, {"price": "0.43", "size": "500"}, {"price": "0.45", "size": "100"}], "asks": [{"price": "0.99", "size": "143.51"}, {"price": "0.98", "size": "71"}, {"price": "0.97", "size": "29.82"}, {"price": "0.55", "size": "500"}, {"price": "0.54", "size": "100"}], "event_type": "book", "last_trade_price": ""}, {"market": "0x2f38e972648214a9faf442dfb13a3306ba2767ca2b43185da164e054283808bf", "asset_id": "14522595131049267236332195965642891656236962715258897042595810607889013649709", "timestamp": "1769384482004", "hash": "c21a6f8d1bc8e5ebc9b8da75e7e173bbe5b38a29", "bids": [{"price": "0.01", "size": "1890.01"}, {"price": "0.02", "size": "1000"}, {"price": "0.03", "size": "10.41"}, {"price": "0.04", "size": "2625"}, {"price": "0.07", "size": "300"}, {"price": "0.08", "size": "68.75"}, {"price": "0.09", "size": "206.52"}, {"price": "0.1", "size": "300"}, {"price": "0.35", "size": "205"}, {"price": "0.36", "size": "1184"}, {"price": "0.37", "size": "5"}, {"price": "0.38", "size": "64"}], "asks": [{"price": "0.99", "size": "1890.1"}, {"price": "0.98", "size": "1000"}, {"price": "0.97", "size": "9.45"}, {"price": "0.96", "size": "2300"}, {"price": "0.95", "size": "800"}, {"price": "0.91", "size": "144.44"}, {"price": "0.9", "size": "400"}, {"price": "0.89", "size": "1005.59"}, {"price": "0.88", "size": "300"}, {"price": "0.8", "size": "700"}, {"price": "0.75", "size": "400"}, {"price": "0.74", "size": "200"}, {"price": "0.7", "size": "300"}, {"price": "0.67", "size": "300"}, {"price": "0.63", "size": "184"}, {"price": "0.48", "size": "1105"}, {"price": "0.46", "size": "5"}, {"price": "0.45", "size": "5"}, {"price": "0.42", "size": "5"}], "event_type": "book", "last_trade_price": "0.380"}, {"market": "0x87c844b30b587e7fd0fa9de1e6cbd8ceda173ff3d773ec5fca345047e97663c5", "asset_id": "27477604225498520875722470451761249779556987401301302829297066492819524175988", "timestamp": "1769384482002", "hash": "9d313bae6ec465aba906148ea460ca2f9ac5366c", "bids": [{"price": "0.01", "size": "143.51"}, {"price": "0.02", "size": "71"}, {"price": "0.03", "size": "29.82"}, {"price": "0.45", "size": "500"}, {"price": "0.46", "size": "100"}], "asks": [{"price": "0.99", "size": "143.57"}, {"price": "0.98", "size": "71"}, {"price": "0.97", "size": "29.8"}, {"price": "0.57", "size": "500"}, {"price": "0.55", "size": "100"}], "event_type": "book", "last_trade_price": ""}]}
