{"_local_timestamp": "2026-01-25T23:34:00.197486+00:00", "data": [{"market": "0x5d0ad35f55e6e5ff83321f387c0228e838d88d70b9bf61460571a26b1179c02a", "asset_id": "77689881378055568077807559948984811247069772640496138597424667933335860615523", "timestamp": "1769383979613", "hash": "84ad010a3a297b2b615436a21686fdcea616c13e", "bids": [{"price": "0.01", "size": "373"}, {"price": "0.02", "size": "437.09"}, {"price": "0.03", "size": "638.33"}, {"price": "0.04", "size": "232"}, {"price": "0.05", "size": "5"}, {"price": "0.06", "size": "5"}, {"price": "0.07", "size": "206.25"}, {"price": "0.08", "size": "100"}, {"price": "0.09", "size": "37.22"}, {"price": "0.1", "size": "100"}], "asks": [{"price": "0.99", "size": "13979.13"}, {"price": "0.98", "size": "2250"}, {"price": "0.97", "size": "10.12"}, {"price": "0.95", "size": "3899.11"}, {"price": "0.94", "size": "2199.11"}, {"price": "0.92", "size": "400"}, {"price": "0.9", "size": "10"}, {"price": "0.89", "size": "5.44"}, {"price": "0.85", "size": "500"}, {"price": "0.8", "size": "700"}, {"price": "0.75", "size": "400"}, {"price": "0.74", "size": "200"}, {"price": "0.67", "size": "300"}, {"price": "0.66", "size": "200"}, {"price": "0.64", "size": "100"}, {"price": "0.6", "size": "100"}, {"price": "0.55", "size": "100"}, {"price": "0.5", "size": "10"}, {"price": "0.44", "size": "23.21"}, {"price": "0.4", "size": "18.33"}, {"price": "0.32", "size": "300"}, {"price": "0.24", "size": "200"}, {"price": "0.21", "size": "50"}, {"price": "0.2", "size": "86.5"}], "event_type": "book", "last_trade_price": "0.850"}, {"market": "0x5d0ad35f55e6e5ff83321f387c0228e838d88d70b9bf61460571a26b1179c02a", "asset_id": "102384361543811306357323484215123290543972118235537562951627292142075167963613", "timestamp": "1769383979613", "hash": "c16340a6bb62c8588173dd4d95099600af0ef153", "bids": [{"price": "0.01", "size": "13979.13"}, {"price": "0.02", "size": "2250"}, {"price": "0.03", "size": "10.12"}, {"price": "0.05", "size": "3899.11"}, {"price": "0.06", "size": "2199.11"}, {"price": "0.08", "size": "400"}, {"price": "0.1", "size": "10"}, {"price": "0.11", "size": "5.44"}, {"price": "0.15", "size": "500"}, {"price": "0.2", "size": "700"}, {"price": "0.25", "size": "400"}, {"price": "0.26", "size": "200"}, {"price": "0.33", "size": "300"}, {"price": "0.34", "size": "200"}, {"price": "0.36", "size": "100"}, {"price": "0.4", "size": "100"}, {"price": "0.45", "size": "100"}, {"price": "0.5", "size": "10"}, {"price": "0.56", "size": "23.21"}, {"price": "0.6", "size": "18.33"}, {"price": "0.68", "size": "300"}, {"price": "0.76", "size": "200"}, {"price": "0.79", "size": "50"}, {"price": "0.8", "size": "86.5"}], "asks": [{"price": "0.99", "size": "373"}, {"price": "0.98", "size": "437.09"}, {"price": "0.97", "size": "638.33"}, {"price": "0.96", "size": "232"}, {"price": "0.95", "size": "5"}, {"price": "0.94", "size": "5"}, {"price": "0.93", "size": "206.25"}, {"price": "0.92", "size": "100"}, {"price": "0.91", "size": "37.22"}, {"price": "0.9", "size": "100"}], "event_type": "book", "last_trade_price": "0.850"}]}
{"_local_timestamp": "2026-01-25T23:34:56.142224+00:00", "data": {"market": "0x5d0ad35f55e6e5ff83321f387c0228e838d88d70b9bf61460571a26b1179c02a", "price_changes": [{"asset_id": "77689881378055568077807559948984811247069772640496138597424667933335860615523", "price": "0.07", "size": "156.25", "side": "BUY", "hash": "a7a8cc02513cd029e7c4abf34862762adf348ab1", "best_bid": "0.1", "best_ask": "0.2"}, {"asset_id": "102384361543811306357323484215123290543972118235537562951627292142075167963613", "price": "0.93", "size": "156.25", "side": "SELL", "hash": "61b92bb0f8f8ed9f1ff02deca88061f83e7fed95", "best_bid": "0.8", "best_ask": "0.9"}], "timestamp": "1769384096010", "event_type": "price_change"}}
{"_local_timestamp": "2026-01-25T23:35:31.268502+00:00", "data": {"market": "0x5d0ad35f55e6e5ff83321f387c0228e838d88d70b9bf61460571a26b1179c02a", "price_changes": [{"asset_id": "77689881378055568077807559948984811247069772640496138597424667933335860615523", "price": "0.07", "size": "206.25", "side": "BUY", "hash": "fdc54cc69b2b8a68af8cbbd9f5f0007397fe2969", "best_bid": "0.1", "best_ask": "0.2"}, {"asset_id": "102384361543811306357323484215123290543972118235537562951627292142075167963613", "price": "0.93", "size": "206.25", "side": "SELL", "hash": "8e932696e6f90d612f1d1032f0382ecc53a7c9f9", "best_bid": "0.8", "best_ask": "0.9"}], "timestamp": "1769384131037", "event_type": "price_change"}}
{"_local_timestamp": "2026-01-25T23:36:09.944999+00:00", "data": {"market": "0x5d0ad35f55e6e5ff83321f387c0228e838d88d70b9bf61460571a26b1179c02a", "price_changes": [{"asset_id": "77689881378055568077807559948984811247069772640496138597424667933335860615523", "price": "0.02", "size": "425", "side": "BUY", "hash": "6add4a4a8d2ec8ca93fdf6a8ec86b72fb860360d", "best_bid": "0.1", "best_ask": "0.2"}, {"asset_id": "102384361543811306357323484215123290543972118235537562951627292142075167963613", "price": "0.98", "size": "425", "side": "SELL", "hash": "7da1d074bd1f08d600d449cc68cce1bb711d8c91", "best_bid": "0.8", "best_ask": "0.9"}], "timestamp": "1769384169872", "event_type": "price_change"}}
{"_local_timestamp": "2026-01-25T23:36:09.945826+00:00", "data": {"market": "0x5d0ad35f55e6e5ff83321f387c0228e838d88d70b9bf61460571a26b1179c02a", "price_changes": [{"asset_id": "77689881378055568077807559948984811247069772640496138597424667933335860615523", "price": "0.04", "size": "224", "side": "BUY", "hash": "6add4a4a8d2ec8ca93fdf6a8ec86b72fb860360d", "best_bid": "0.1", "best_ask": "0.2"}, {"asset_id": "102384361543811306357323484215123290543972118235537562951627292142075167963613", "price": "0.96", "size": "224", "side": "SELL", "hash": "7da1d074bd1f08d600d449cc68cce1bb711d8c91", "best_bid": "0.8", "best_ask": "0.9"}], "timestamp": "1769384169872", "event_type": "price_change"}}
{"_local_timestamp": "2026-01-25T23:36:09.946145+00:00", "data": {"market": "0x5d0ad35f55e6e5ff83321f387c0228e838d88d70b9bf61460571a26b1179c02a", "price_changes": [{"asset_id": "77689881378055568077807559948984811247069772640496138597424667933335860615523", "price": "0.07", "size": "200", "side": "BUY", "hash": "6add4a4a8d2ec8ca93fdf6a8ec86b72fb860360d", "best_bid": "0.1", "best_ask": "0.2"}, {"asset_id": "102384361543811306357323484215123290543972118235537562951627292142075167963613", "price": "0.93", "size": "200", "side": "SELL", "hash": "7da1d074bd1f08d600d449cc68cce1bb711d8c91", "best_bid": "0.8", "best_ask": "0.9"}], "timestamp": "1769384169872", "event_type": "price_change"}}
{"_local_timestamp": "2026-01-25T23:36:12.032973+00:00", "data": {"market": "0x5d0ad35f55e6e5ff83321f387c0228e838d88d70b9bf61460571a26b1179c02a", "price_changes": [{"asset_id": "77689881378055568077807559948984811247069772640496138597424667933335860615523", "price": "0.02", "size": "431.19", "side": "BUY", "hash": "b86e883ed327e6cef564b145b174f203e49d8b1f", "best_bid": "0.1", "best_ask": "0.2"}, {"asset_id": "102384361543811306357323484215123290543972118235537562951627292142075167963613", "price": "0.98", "size": "431.19", "side": "SELL", "hash": "d942a501a89a16ac0e47f212142cb1540debdabe", "best_bid": "0.8", "best_ask": "0.9"}], "timestamp": "1769384171962", "event_type": "price_change"}}
{"_local_timestamp": "2026-01-25T23:36:12.034354+00:00", "data": {"market": "0x5d0ad35f55e6e5ff83321f387c0228e838d88d70b9bf61460571a26b1179c02a", "price_changes": [{"asset_id": "77689881378055568077807559948984811247069772640496138597424667933335860615523", "price": "0.03", "size": "645.99", "side": "BUY", "hash": "16ef06b1403c2230e4bb85395896019834fa1b8e", "best_bid": "0.1", "best_ask": "0.2"}, {"asset_id": "102384361543811306357323484215123290543972118235537562951627292142075167963613", "price": "0.97", "size": "645.99", "side": "SELL", "hash": "ca61399bc5666a27823cc025e8a06025e433bc41", "best_bid": "0.8", "best_ask": "0.9"}], "timestamp": "1769384171963", "event_type": "price_change"}}
{"_local_timestamp": "2026-01-25T23:36:12.035201+00:00", "data": {"market": "0x5d0ad35f55e6e5ff83321f387c0228e838d88d70b9bf61460571a26b1179c02a", "price_changes": [{"asset_id": "77689881378055568077807559948984811247069772640496138597424667933335860615523", "price": "0.05", "size": "17.91", "side": "BUY", "hash": "0abd51d97ef5be6a8a3e03825971aa7a0f5fa83c", "best_bid": "0.1", "best_ask": "0.2"}, {"asset_id": "102384361543811306357323484215123290543972118235537562951627292142075167963613", "price": "0.95", "size": "17.91", "side": "SELL", "hash": "14db2cec3a4a6eeadbcbaa3bf3d801d5ef1c9ed3", "best_bid": "0.8", "best_ask": "0.9"}], "timestamp": "1769384171963", "event_type": "price_change"}}
