{"_local_timestamp": "2026-01-25T23:41:03.823074+00:00", "data": [{"market": "0x59d182ccaad5e3a6faceaefe44c1f76e8ee25f10f54302de30b792f8c807a0b4", "asset_id": "74541650433055807205683508062938809387883326465762652223854707366000376751513", "timestamp": "1769376351246", "hash": "04718603e4e05a14b985933e45b51cb0b49e3ddb", "bids": [{"price": "0.01", "size": "5.47"}], "asks": [], "event_type": "book", "last_trade_price": "0.500"}, {"market": "0x736070f2e687e81dbd986845289dd180e2fbc70548bc2e8aff148ceadda15c44", "asset_id": "101382350625978987121519942323401996281801408020815403855006812185240433292418", "timestamp": "1769384462267", "hash": "7b3688cdd51d7d7b00cc2a1a4a97adf17d051e71", "bids": [{"price": "0.01", "size": "11966.44"}, {"price": "0.02", "size": "2300"}, {"price": "0.06", "size": "1900"}, {"price": "0.13", "size": "900"}, {"price": "0.14", "size": "333.04"}, {"price": "0.19", "size": "200"}, {"price": "0.2", "size": "200"}, {"price": "0.48", "size": "8"}, {"price": "0.52", "size": "200"}, {"price": "0.53", "size": "200"}, {"price": "0.54", "size": "200"}, {"price": "0.55", "size": "7"}, {"price": "0.6", "size": "100"}, {"price": "0.67", "size": "200"}, {"price": "0.68", "size": "26.93"}], "asks": [{"price": "0.99", "size": "9699.48"}, {"price": "0.98", "size": "200"}, {"price": "0.87", "size": "356.7"}, {"price": "0.86", "size": "456.7"}, {"price": "0.85", "size": "200"}, {"price": "0.84", "size": "184"}, {"price": "0.77", "size": "17"}], "event_type": "book", "last_trade_price": "0.320"}, {"market": "0xb60727b7184021d6bfca2d5aa8fa680fa1442e49278f95f95ffefafb3f2a3025", "asset_id": "115367010190416204310120450197513074530178866860741143260400076239205416315372", "timestamp": "1769376351246", "hash": "07d9fdc69b155d7e3c50033634b64e97b3fd6da9", "bids": [{"price": "0.01", "size": "5.47"}], "asks": [], "event_type": "book", "last_trade_price": ""}, {"market": "0xf4a3416a536ec8588bae9a47cdd8655d0108696cc31de7b970d8992b11873355", "asset_id": "50935218739792247778318199298052574723196071823490804712067538458741634484323", "timestamp": "1769384450123", "hash": "5b265c68ecaeb09820eb48dd15efc01710e7e752", "bids": [{"price": "0.03", "size": "19.21"}], "asks": [{"price": "0.99", "size": "5.47"}], "event_type": "book", "last_trade_price": "0.510"}, {"market": "0xa38775ab889d0e68597864235abfc80a78d0f9e7af86e37c4975cba828a926d6", "asset_id": "41367351190052781483743845203616479798683959674439080731989290985836195797", "timestamp": "1769376351246", "hash": "d670e3404ea5b8635d006fcfe5eb34e1d4ba10c6", "bids": [{"price": "0.01", "size": "5.47"}], "asks": [], "event_type": "book", "last_trade_price": ""}, {"market": "0xb60727b7184021d6bfca2d5aa8fa680fa1442e49278f95f95ffefafb3f2a3025", "asset_id": "94949807857261794141205625122614790734721091690055061002171489684427648207762", "timestamp": "1769376351246", "hash": "08052538cd3800137a301037031286d53d96f0ee", "bids": [], "asks": [{"price": "0.99", "size": "5.47"}], "event_type": "book", "last_trade_price": ""}, {"market": "0xf4a3416a536ec8588bae9a47cdd8655d0108696cc31de7b970d8992b11873355", "asset_id": "75587382274015873454619185837358927030925548924467090853085795283003256242214", "timestamp": "1769384450123", "hash": "4090a5e2a0eb83cee58e5675dcfa38bec85db530", "bids": [{"price": "0.01", "size": "5.47"}], "asks": [{"price": "0.97", "size": "19.21"}], "event_type": "book", "last_trade_price": "0.510"}, {"market": "0x736070f2e687e81dbd986845289dd180e2fbc70548bc2e8aff148ceadda15c44", "asset_id": "30864383541303163087464296154482516853756858364156305055380352441630662769495", "timestamp": "1769384462267", "hash": "2692c307ae5be9151bfc90c5b168bdc5b820d0e7", "bids": [{"price": "0.01", "size": "9699.48"}, {"price": "0.02", "size": "200"}, {"price": "0.13", "size": "356.7"}, {"price": "0.14", "size": "456.7"}, {"price": "0.15", "size": "200"}, {"price": "0.16", "size": "184"}, {"price": "0.23", "size": "17"}], "asks": [{"price": "0.99", "size": "11966.44"}, {"price": "0.98", "size": "2300"}, {"price": "0.94", "size": "1900"}, {"price": "0.87", "size": "900"}, {"price": "0.86", "size": "333.04"}, {"price": "0.81", "size": "200"}, {"price": "0.8", "size": "200"}, {"price": "0.52", "size": "8"}, {"price": "0.48", "size": "200"}, {"price": "0.47", "size": "200"}, {"price": "0.46", "size": "200"}, {"price": "0.45", "size": "7"}, {"price": "0.4", "size": "100"}, {"price": "0.33", "size": "200"}, {"price": "0.32", "size": "26.93"}], "event_type": "book", "last_trade_price": "0.320"}, {"market": "0xa38775ab889d0e68597864235abfc80a78d0f9e7af86e37c4975cba828a926d6", "asset_id": "84294171879762201112614118473217914604846983682456186977304986110588620643118", "timestamp": "1769376351246", "hash": "c0bfdf81e812bf6c4cf6e2214683541023d28a7b", "bids": [], "asks": [{"price": "0.99", "size": "5.47"}], "event_type": "book", "last_trade_price": ""}, {"market": "0x59d182ccaad5e3a6faceaefe44c1f76e8ee25f10f54302de30b792f8c807a0b4", "asset_id": "57653761012274450749691483433193739980952387392555833674868538053767682328867", "timestamp": "1769376351246", "hash": "490f612a794b64a786b8a9b4a036c17a7e86c165", "bids": [], "asks": [{"price": "0.99", "size": "5.47"}], "event_type": "book", "last_trade_price": "0.500"}]}
{"_local_timestamp": "2026-01-25T23:41:04.116863+00:00", "data": {"market": "0x736070f2e687e81dbd986845289dd180e2fbc70548bc2e8aff148ceadda15c44", "price_changes": [{"asset_id": "101382350625978987121519942323401996281801408020815403855006812185240433292418", "price": "0.54", "size": "0", "side": "BUY", "hash": "09d0754687a9317f583930db5b1ff916b4ea8085", "best_bid": "0.68", "best_ask": "0.77"}, {"asset_id": "30864383541303163087464296154482516853756858364156305055380352441630662769495", "price": "0.46", "size": "0", "side": "SELL", "hash": "96b3ea7e9a40fd91c60ccd0842a7636c09a62462", "best_bid": "0.23", "best_ask": "0.32"}], "timestamp": "1769384464049", "event_type": "price_change"}}
{"_local_timestamp": "2026-01-25T23:41:04.117307+00:00", "data": {"market": "0x736070f2e687e81dbd986845289dd180e2fbc70548bc2e8aff148ceadda15c44", "price_changes": [{"asset_id": "101382350625978987121519942323401996281801408020815403855006812185240433292418", "price": "0.53", "size": "0", "side": "BUY", "hash": "09d0754687a9317f583930db5b1ff916b4ea8085", "best_bid": "0.68", "best_ask": "0.77"}, {"asset_id": "30864383541303163087464296154482516853756858364156305055380352441630662769495", "price": "0.47", "size": "0", "side": "SELL", "hash": "96b3ea7e9a40fd91c60ccd0842a7636c09a62462", "best_bid": "0.23", "best_ask": "0.32"}], "timestamp": "1769384464049", "event_type": "price_change"}}
{"_local_timestamp": "2026-01-25T23:41:04.125266+00:00", "data": {"market": "0x736070f2e687e81dbd986845289dd180e2fbc70548bc2e8aff148ceadda15c44", "price_changes": [{"asset_id": "101382350625978987121519942323401996281801408020815403855006812185240433292418", "price": "0.15", "size": "200", "side": "BUY", "hash": "780ee270566abf44b448d48504c67bbc19d5f1e3", "best_bid": "0.68", "best_ask": "0.77"}, {"asset_id": "30864383541303163087464296154482516853756858364156305055380352441630662769495", "price": "0.85", "size": "200", "side": "SELL", "hash": "a9cb762552ba9aabd235779c48c903114d098c3a", "best_bid": "0.23", "best_ask": "0.32"}], "timestamp": "1769384464059", "event_type": "price_change"}}
{"_local_timestamp": "2026-01-25T23:41:04.125698+00:00", "data": {"market": "0x736070f2e687e81dbd986845289dd180e2fbc70548bc2e8aff148ceadda15c44", "price_changes": [{"asset_id": "101382350625978987121519942323401996281801408020815403855006812185240433292418", "price": "0.48", "size": "208", "side": "BUY", "hash": "8bf25cdfa3fc53d563c25bd4e5b0598bfe7073ee", "best_bid": "0.68", "best_ask": "0.77"}, {"asset_id": "30864383541303163087464296154482516853756858364156305055380352441630662769495", "price": "0.52", "size": "208", "side": "SELL", "hash": "31523297f17f9a586a9826f9e662b2acfdc94dfe", "best_bid": "0.23", "best_ask": "0.32"}], "timestamp": "1769384464060", "event_type": "price_change"}}
{"_local_timestamp": "2026-01-25T23:41:04.275450+00:00", "data": {"market": "0x736070f2e687e81dbd986845289dd180e2fbc70548bc2e8aff148ceadda15c44", "price_changes": [{"asset_id": "101382350625978987121519942323401996281801408020815403855006812185240433292418", "price": "0.52", "size": "456.7", "side": "BUY", "hash": "8d9851a9701edb698415070c8312cb7a2a0d79b8", "best_bid": "0.68", "best_ask": "0.77"}, {"asset_id": "30864383541303163087464296154482516853756858364156305055380352441630662769495", "price": "0.48", "size": "456.7", "side": "SELL", "hash": "c93627c8ab7358aafb25bb313a16a460ace0232c", "best_bid": "0.23", "best_ask": "0.32"}], "timestamp": "1769384464213", "event_type": "price_change"}}
{"_local_timestamp": "2026-01-25T23:41:04.284964+00:00", "data": {"market": "0x736070f2e687e81dbd986845289dd180e2fbc70548bc2e8aff148ceadda15c44", "price_changes": [{"asset_id": "101382350625978987121519942323401996281801408020815403855006812185240433292418", "price": "0.53", "size": "256.7", "side": "BUY", "hash": "0d4073f971dea2eed411b1b93ed6078facd92f0e", "best_bid": "0.68", "best_ask": "0.77"}, {"asset_id": "30864383541303163087464296154482516853756858364156305055380352441630662769495", "price": "0.47", "size": "256.7", "side": "SELL", "hash": "17a14c1300042b087af6ac6f9d75f4ecb4f83155", "best_bid": "0.23", "best_ask": "0.32"}], "timestamp": "1769384464215", "event_type": "price_change"}}
{"_local_timestamp": "2026-01-25T23:41:04.512350+00:00", "data": {"market": "0x736070f2e687e81dbd986845289dd180e2fbc70548bc2e8aff148ceadda15c44", "price_changes": [{"asset_id": "101382350625978987121519942323401996281801408020815403855006812185240433292418", "price": "0.53", "size": "589.74", "side": "BUY", "hash": "133a8df5c55b8b28a9978eb33d976b16e21a22d7", "best_bid": "0.68", "best_ask": "0.77"}, {"asset_id": "30864383541303163087464296154482516853756858364156305055380352441630662769495", "price": "0.47", "size": "589.74", "side": "SELL", "hash": "c9656a9828bf370d942d0c0a78125c8ca3a38454", "best_bid": "0.23", "best_ask": "0.32"}], "timestamp": "1769384464444", "event_type": "price_change"}}
{"_local_timestamp": "2026-01-25T23:41:04.523527+00:00", "data": {"market": "0x736070f2e687e81dbd986845289dd180e2fbc70548bc2e8aff148ceadda15c44", "price_changes": [{"asset_id": "101382350625978987121519942323401996281801408020815403855006812185240433292418", "price": "0.53", "size": "333.04", "side": "BUY", "hash": "c91fd53290d047d6caf755ec38c284d508be9c62", "best_bid": "0.68", "best_ask": "0.77"}, {"asset_id": "30864383541303163087464296154482516853756858364156305055380352441630662769495", "price": "0.47", "size": "333.04", "side": "SELL", "hash": "a55848dde1ec1ab885448d108d20f0d46be23c77", "best_bid": "0.23", "best_ask": "0.32"}], "timestamp": "1769384464455", "event_type": "price_change"}}
{"_local_timestamp": "2026-01-25T23:41:04.524096+00:00", "data": {"market": "0x736070f2e687e81dbd986845289dd180e2fbc70548bc2e8aff148ceadda15c44", "price_changes": [{"asset_id": "101382350625978987121519942323401996281801408020815403855006812185240433292418", "price": "0.52", "size": "200", "side": "BUY", "hash": "c91fd53290d047d6caf755ec38c284d508be9c62", "best_bid": "0.68", "best_ask": "0.77"}, {"asset_id": "30864383541303163087464296154482516853756858364156305055380352441630662769495", "price": "0.48", "size": "200", "side": "SELL", "hash": "a55848dde1ec1ab885448d108d20f0d46be23c77", "best_bid": "0.23", "best_ask": "0.32"}], "timestamp": "1769384464455", "event_type": "price_change"}}
{"_local_timestamp": "2026-01-25T23:41:04.611290+00:00", "data": {"market": "0x736070f2e687e81dbd986845289dd180e2fbc70548bc2e8aff148ceadda15c44", "price_changes": [{"asset_id": "101382350625978987121519942323401996281801408020815403855006812185240433292418", "price": "0.53", "size": "0", "side": "BUY", "hash": "9163122aae39c97acd034b2132584e3dc6f099e7", "best_bid": "0.68", "best_ask": "0.77"}, {"asset_id": "30864383541303163087464296154482516853756858364156305055380352441630662769495", "price": "0.47", "size": "0", "side": "SELL", "hash": "fcfc6bfe26f45a98015e9768fed753603c38c22f", "best_bid": "0.23", "best_ask": "0.32"}], "timestamp": "1769384464545", "event_type": "price_change"}}
{"_local_timestamp": "2026-01-25T23:41:04.965950+00:00", "data": {"market": "0x736070f2e687e81dbd986845289dd180e2fbc70548bc2e8aff148ceadda15c44", "price_changes": [{"asset_id": "101382350625978987121519942323401996281801408020815403855006812185240433292418", "price": "0.19", "size": "0", "side": "BUY", "hash": "e5dfb34cb4ccf40560902f37b72a205bef628ac1", "best_bid": "0.68", "best_ask": "0.77"}, {"asset_id": "30864383541303163087464296154482516853756858364156305055380352441630662769495", "price": "0.81", "size": "0", "side": "SELL", "hash": "3575e4ee95db96e2ab6ed10d974f12f5f1bac8c7", "best_bid": "0.23", "best_ask": "0.32"}], "timestamp": "1769384464888", "event_type": "price_change"}}
{"_local_timestamp": "2026-01-25T23:41:05.431766+00:00", "data": {"market": "0x736070f2e687e81dbd986845289dd180e2fbc70548bc2e8aff148ceadda15c44", "price_changes": [{"asset_id": "101382350625978987121519942323401996281801408020815403855006812185240433292418", "price": "0.14", "size": "533.04", "side": "BUY", "hash": "5d539266393e10fe8d66395171f507ef71128c3b", "best_bid": "0.68", "best_ask": "0.77"}, {"asset_id": "30864383541303163087464296154482516853756858364156305055380352441630662769495", "price": "0.86", "size": "533.04", "side": "SELL", "hash": "692cac551c70b9a48c04dc088178beca7c342bb7", "best_bid": "0.23", "best_ask": "0.32"}], "timestamp": "1769384465361", "event_type": "price_change"}}
{"_local_timestamp": "2026-01-25T23:41:06.123680+00:00", "data": {"market": "0x736070f2e687e81dbd986845289dd180e2fbc70548bc2e8aff148ceadda15c44", "price_changes": [{"asset_id": "101382350625978987121519942323401996281801408020815403855006812185240433292418", "price": "0.2", "size": "0", "side": "BUY", "hash": "d1aec252c632dda6a5460d56ae908b460f53ca4c", "best_bid": "0.68", "best_ask": "0.77"}, {"asset_id": "30864383541303163087464296154482516853756858364156305055380352441630662769495", "price": "0.8", "size": "0", "side": "SELL", "hash": "e18f006d4a45ae55e8be58414b61f83abded86d8", "best_bid": "0.23", "best_ask": "0.32"}], "timestamp": "1769384466049", "event_type": "price_change"}}
{"_local_timestamp": "2026-01-25T23:41:06.173859+00:00", "data": {"market": "0x736070f2e687e81dbd986845289dd180e2fbc70548bc2e8aff148ceadda15c44", "price_changes": [{"asset_id": "101382350625978987121519942323401996281801408020815403855006812185240433292418", "price": "0.14", "size": "733.04", "side": "BUY", "hash": "dd684c128744473ecad0b938a3f8e8e92c7de9b4", "best_bid": "0.68", "best_ask": "0.77"}, {"asset_id": "30864383541303163087464296154482516853756858364156305055380352441630662769495", "price": "0.86", "size": "733.04", "side": "SELL", "hash": "90ee2413af9cd778abe96fb2689907a4a48c88af", "best_bid": "0.23", "best_ask": "0.32"}], "timestamp": "1769384466056", "event_type": "price_change"}}
{"_local_timestamp": "2026-01-25T23:41:08.112774+00:00", "data": {"market": "0x736070f2e687e81dbd986845289dd180e2fbc70548bc2e8aff148ceadda15c44", "price_changes": [{"asset_id": "101382350625978987121519942323401996281801408020815403855006812185240433292418", "price": "0.52", "size": "0", "side": "BUY", "hash": "7e6a4b2e010bd1e64ec183371700aec3dc67ee78", "best_bid": "0.68", "best_ask": "0.77"}, {"asset_id": "30864383541303163087464296154482516853756858364156305055380352441630662769495", "price": "0.48", "size": "0", "side": "SELL", "hash": "3b0ed811a583b7cadb540050771949333cd25a09", "best_bid": "0.23", "best_ask": "0.32"}], "timestamp": "1769384468041", "event_type": "price_change"}}
{"_local_timestamp": "2026-01-25T23:41:08.115207+00:00", "data": {"market": "0x736070f2e687e81dbd986845289dd180e2fbc70548bc2e8aff148ceadda15c44", "price_changes": [{"asset_id": "101382350625978987121519942323401996281801408020815403855006812185240433292418", "price": "0.51", "size": "200", "side": "BUY", "hash": "ca339c5980cb3251ef4c99f93635ccfb3afa6b73", "best_bid": "0.68", "best_ask": "0.77"}, {"asset_id": "30864383541303163087464296154482516853756858364156305055380352441630662769495", "price": "0.49", "size": "200", "side": "SELL", "hash": "2f002083d3296462665b14c63c27081030ba480c", "best_bid": "0.23", "best_ask": "0.32"}], "timestamp": "1769384468050", "event_type": "price_change"}}
{"_local_timestamp": "2026-01-25T23:41:08.356229+00:00", "data": {"market": "0x736070f2e687e81dbd986845289dd180e2fbc70548bc2e8aff148ceadda15c44", "price_changes": [{"asset_id": "101382350625978987121519942323401996281801408020815403855006812185240433292418", "price": "0.48", "size": "464.7", "side": "BUY", "hash": "22d9cd534ffc69a2af38e349ccf2df8c6f15f1cb", "best_bid": "0.68", "best_ask": "0.77"}, {"asset_id": "30864383541303163087464296154482516853756858364156305055380352441630662769495", "price": "0.52", "size": "464.7", "side": "SELL", "hash": "e8f8bf1b57a70713c5c4609f21b8d01c32fec799", "best_bid": "0.23", "best_ask": "0.32"}], "timestamp": "1769384468273", "event_type": "price_change"}}
{"_local_timestamp": "2026-01-25T23:41:08.356662+00:00", "data": {"market": "0x736070f2e687e81dbd986845289dd180e2fbc70548bc2e8aff148ceadda15c44", "price_changes": [{"asset_id": "101382350625978987121519942323401996281801408020815403855006812185240433292418", "price": "0.15", "size": "533.04", "side": "BUY", "hash": "8ac1e37c9250c560ca27dbc9fbcdd7315725dcc1", "best_bid": "0.68", "best_ask": "0.77"}, {"asset_id": "30864383541303163087464296154482516853756858364156305055380352441630662769495", "price": "0.85", "size": "533.04", "side": "SELL", "hash": "7ef125bc681d6e6cd32e7dad9bcbe0c9bb9bed48", "best_bid": "0.23", "best_ask": "0.32"}], "timestamp": "1769384468274", "event_type": "price_change"}}
{"_local_timestamp": "2026-01-25T23:41:08.356967+00:00", "data": {"market": "0x736070f2e687e81dbd986845289dd180e2fbc70548bc2e8aff148ceadda15c44", "price_changes": [{"asset_id": "101382350625978987121519942323401996281801408020815403855006812185240433292418", "price": "0.49", "size": "256.7", "side": "BUY", "hash": "e670b39480da845fea87be6716cd728d493de4b0", "best_bid": "0.68", "best_ask": "0.77"}, {"asset_id": "30864383541303163087464296154482516853756858364156305055380352441630662769495", "price": "0.51", "size": "256.7", "side": "SELL", "hash": "244b07c7abf7793d14eaa6c36ddf3e79ba23eb52", "best_bid": "0.23", "best_ask": "0.32"}], "timestamp": "1769384468275", "event_type": "price_change"}}
{"_local_timestamp": "2026-01-25T23:41:09.993071+00:00", "data": {"market": "0x736070f2e687e81dbd986845289dd180e2fbc70548bc2e8aff148ceadda15c44", "price_changes": [{"asset_id": "30864383541303163087464296154482516853756858364156305055380352441630662769495", "price": "0.02", "size": "500", "side": "BUY", "hash": "738f07c26118d60723ccecce96ebc037e8260c78", "best_bid": "0.23", "best_ask": "0.32"}, {"asset_id": "101382350625978987121519942323401996281801408020815403855006812185240433292418", "price": "0.98", "size": "500", "side": "SELL", "hash": "1e5e6897308d489b12ac66859ff11644bb219d53", "best_bid": "0.68", "best_ask": "0.77"}], "timestamp": "1769384469928", "event_type": "price_change"}}
{"_local_timestamp": "2026-01-25T23:41:10.031905+00:00", "data": {"market": "0x736070f2e687e81dbd986845289dd180e2fbc70548bc2e8aff148ceadda15c44", "price_changes": [{"asset_id": "101382350625978987121519942323401996281801408020815403855006812185240433292418", "price": "0.14", "size": "400", "side": "BUY", "hash": "99bb392916fb3e1b88444dd9a9598d682426001f", "best_bid": "0.68", "best_ask": "0.77"}, {"asset_id": "30864383541303163087464296154482516853756858364156305055380352441630662769495", "price": "0.86", "size": "400", "side": "SELL", "hash": "33f061b64366b03360cb1b9d0be8ed8af663a99f", "best_bid": "0.23", "best_ask": "0.32"}], "timestamp": "1769384469959", "event_type": "price_change"}}
{"_local_timestamp": "2026-01-25T23:41:10.171015+00:00", "data": {"market": "0x736070f2e687e81dbd986845289dd180e2fbc70548bc2e8aff148ceadda15c44", "price_changes": [{"asset_id": "30864383541303163087464296154482516853756858364156305055380352441630662769495", "price": "0.02", "size": "300", "side": "BUY", "hash": "e9022a9765409ad07119b131cb11dfe9c4bae4e8", "best_bid": "0.23", "best_ask": "0.32"}, {"asset_id": "101382350625978987121519942323401996281801408020815403855006812185240433292418", "price": "0.98", "size": "300", "side": "SELL", "hash": "5cdc26261cadac9373ca0f3f7f4cdc3612a420ee", "best_bid": "0.68", "best_ask": "0.77"}], "timestamp": "1769384470081", "event_type": "price_change"}}
{"_local_timestamp": "2026-01-25T23:41:10.173520+00:00", "data": {"market": "0x736070f2e687e81dbd986845289dd180e2fbc70548bc2e8aff148ceadda15c44", "price_changes": [{"asset_id": "101382350625978987121519942323401996281801408020815403855006812185240433292418", "price": "0.15", "size": "333.04", "side": "BUY", "hash": "528eba1a96c6a56379d86791625b63eb8b789057", "best_bid": "0.68", "best_ask": "0.77"}, {"asset_id": "30864383541303163087464296154482516853756858364156305055380352441630662769495", "price": "0.85", "size": "333.04", "side": "SELL", "hash": "d3bca01f8252ac3eefe652ab134e2f8b99613418", "best_bid": "0.23", "best_ask": "0.32"}], "timestamp": "1769384470082", "event_type": "price_change"}}
{"_local_timestamp": "2026-01-25T23:41:10.173822+00:00", "data": {"market": "0x736070f2e687e81dbd986845289dd180e2fbc70548bc2e8aff148ceadda15c44", "price_changes": [{"asset_id": "101382350625978987121519942323401996281801408020815403855006812185240433292418", "price": "0.48", "size": "264.7", "side": "BUY", "hash": "528eba1a96c6a56379d86791625b63eb8b789057", "best_bid": "0.68", "best_ask": "0.77"}, {"asset_id": "30864383541303163087464296154482516853756858364156305055380352441630662769495", "price": "0.52", "size": "264.7", "side": "SELL", "hash": "d3bca01f8252ac3eefe652ab134e2f8b99613418", "best_bid": "0.23", "best_ask": "0.32"}], "timestamp": "1769384470082", "event_type": "price_change"}}
{"_local_timestamp": "2026-01-25T23:41:10.174085+00:00", "data": {"market": "0x736070f2e687e81dbd986845289dd180e2fbc70548bc2e8aff148ceadda15c44", "price_changes": [{"asset_id": "101382350625978987121519942323401996281801408020815403855006812185240433292418", "price": "0.14", "size": "200", "side": "BUY", "hash": "528eba1a96c6a56379d86791625b63eb8b789057", "best_bid": "0.68", "best_ask": "0.77"}, {"asset_id": "30864383541303163087464296154482516853756858364156305055380352441630662769495", "price": "0.86", "size": "200", "side": "SELL", "hash": "d3bca01f8252ac3eefe652ab134e2f8b99613418", "best_bid": "0.23", "best_ask": "0.32"}], "timestamp": "1769384470082", "event_type": "price_change"}}
{"_local_timestamp": "2026-01-25T23:41:10.174381+00:00", "data": {"market": "0x736070f2e687e81dbd986845289dd180e2fbc70548bc2e8aff148ceadda15c44", "price_changes": [{"asset_id": "30864383541303163087464296154482516853756858364156305055380352441630662769495", "price": "0.03", "size": "200", "side": "BUY", "hash": "b02199dfeb1336ac428a73c6b44dfe09e47d7e95", "best_bid": "0.23", "best_ask": "0.32"}, {"asset_id": "101382350625978987121519942323401996281801408020815403855006812185240433292418", "price": "0.97", "size": "200", "side": "SELL", "hash": "c096bb367b58f2c09998465003d60875d5ea4158", "best_bid": "0.68", "best_ask": "0.77"}], "timestamp": "1769384470090", "event_type": "price_change"}}
{"_local_timestamp": "2026-01-25T23:41:10.175621+00:00", "data": {"market": "0x736070f2e687e81dbd986845289dd180e2fbc70548bc2e8aff148ceadda15c44", "price_changes": [{"asset_id": "101382350625978987121519942323401996281801408020815403855006812185240433292418", "price": "0.5", "size": "200", "side": "BUY", "hash": "4ae99c93e391f916b905846c898658254cc912c1", "best_bid": "0.68", "best_ask": "0.77"}, {"asset_id": "30864383541303163087464296154482516853756858364156305055380352441630662769495", "price": "0.5", "size": "200", "side": "SELL", "hash": "c13bf1481d4237313f08225ebd1afe7cac9926a1", "best_bid": "0.23", "best_ask": "0.32"}], "timestamp": "1769384470090", "event_type": "price_change"}}
{"_local_timestamp": "2026-01-25T23:41:10.176498+00:00", "data": {"market": "0x736070f2e687e81dbd986845289dd180e2fbc70548bc2e8aff148ceadda15c44", "price_changes": [{"asset_id": "101382350625978987121519942323401996281801408020815403855006812185240433292418", "price": "0.16", "size": "200", "side": "BUY", "hash": "fd37b9e25ee614f4a85ce1583d740c3faeba9406", "best_bid": "0.68", "best_ask": "0.77"}, {"asset_id": "30864383541303163087464296154482516853756858364156305055380352441630662769495", "price": "0.84", "size": "200", "side": "SELL", "hash": "14af96e01218c8aa41b8572ce4457a408f02e5af", "best_bid": "0.23", "best_ask": "0.32"}], "timestamp": "1769384470091", "event_type": "price_change"}}
{"_local_timestamp": "2026-01-25T23:41:10.177300+00:00", "data": {"market": "0x736070f2e687e81dbd986845289dd180e2fbc70548bc2e8aff148ceadda15c44", "price_changes": [{"asset_id": "101382350625978987121519942323401996281801408020815403855006812185240433292418", "price": "0.49", "size": "456.7", "side": "BUY", "hash": "b9b98e9949f4c896617140d984b7d23ee447a2c6", "best_bid": "0.68", "best_ask": "0.77"}, {"asset_id": "30864383541303163087464296154482516853756858364156305055380352441630662769495", "price": "0.51", "size": "456.7", "side": "SELL", "hash": "2b2b9dbf03c89ff019fb38248cbc09add882f1d4", "best_bid": "0.23", "best_ask": "0.32"}], "timestamp": "1769384470091", "event_type": "price_change"}}
{"_local_timestamp": "2026-01-25T23:41:12.216042+00:00", "data": {"market": "0x736070f2e687e81dbd986845289dd180e2fbc70548bc2e8aff148ceadda15c44", "price_changes": [{"asset_id": "30864383541303163087464296154482516853756858364156305055380352441630662769495", "price": "0.14", "size": "256.7", "side": "BUY", "hash": "ae9bafb7028afb07dba713b5a26b13fd8873a52d", "best_bid": "0.23", "best_ask": "0.32"}, {"asset_id": "101382350625978987121519942323401996281801408020815403855006812185240433292418", "price": "0.86", "size": "256.7", "side": "SELL", "hash": "0aca897283f9cf6bd54535d79d19df5fb2d8d76e", "best_bid": "0.68", "best_ask": "0.77"}], "timestamp": "1769384472088", "event_type": "price_change"}}
{"_local_timestamp": "2026-01-25T23:41:12.216551+00:00", "data": {"market": "0x736070f2e687e81dbd986845289dd180e2fbc70548bc2e8aff148ceadda15c44", "price_changes": [{"asset_id": "30864383541303163087464296154482516853756858364156305055380352441630662769495", "price": "0.03", "size": "0", "side": "BUY", "hash": "ae9bafb7028afb07dba713b5a26b13fd8873a52d", "best_bid": "0.23", "best_ask": "0.32"}, {"asset_id": "101382350625978987121519942323401996281801408020815403855006812185240433292418", "price": "0.97", "size": "0", "side": "SELL", "hash": "0aca897283f9cf6bd54535d79d19df5fb2d8d76e", "best_bid": "0.68", "best_ask": "0.77"}], "timestamp": "1769384472088", "event_type": "price_change"}}
{"_local_timestamp": "2026-01-25T23:41:12.217855+00:00", "data": {"market": "0x736070f2e687e81dbd986845289dd180e2fbc70548bc2e8aff148ceadda15c44", "price_changes": [{"asset_id": "101382350625978987121519942323401996281801408020815403855006812185240433292418", "price": "0.51", "size": "0", "side": "BUY", "hash": "dddf97a38b1a0d1b2c38329d62364c2b8e793889", "best_bid": "0.68", "best_ask": "0.77"}, {"asset_id": "30864383541303163087464296154482516853756858364156305055380352441630662769495", "price": "0.49", "size": "0", "side": "SELL", "hash": "924a7f9aa83ec384143727e61c213368a1094715", "best_bid": "0.23", "best_ask": "0.32"}], "timestamp": "1769384472088", "event_type": "price_change"}}
{"_local_timestamp": "2026-01-25T23:41:12.221166+00:00", "data": {"market": "0x736070f2e687e81dbd986845289dd180e2fbc70548bc2e8aff148ceadda15c44", "price_changes": [{"asset_id": "101382350625978987121519942323401996281801408020815403855006812185240433292418", "price": "0.49", "size": "256.7", "side": "BUY", "hash": "dddf97a38b1a0d1b2c38329d62364c2b8e793889", "best_bid": "0.68", "best_ask": "0.77"}, {"asset_id": "30864383541303163087464296154482516853756858364156305055380352441630662769495", "price": "0.51", "size": "256.7", "side": "SELL", "hash": "924a7f9aa83ec384143727e61c213368a1094715", "best_bid": "0.23", "best_ask": "0.32"}], "timestamp": "1769384472088", "event_type": "price_change"}}
{"_local_timestamp": "2026-01-25T23:41:12.292964+00:00", "data": {"market": "0x736070f2e687e81dbd986845289dd180e2fbc70548bc2e8aff148ceadda15c44", "price_changes": [{"asset_id": "101382350625978987121519942323401996281801408020815403855006812185240433292418", "price": "0.49", "size": "0", "side": "BUY", "hash": "7f957cca99fe9ead9396cc77c01250838f88beaf", "best_bid": "0.68", "best_ask": "0.77"}, {"asset_id": "30864383541303163087464296154482516853756858364156305055380352441630662769495", "price": "0.51", "size": "0", "side": "SELL", "hash": "2be21ee8264871e26be2a8662803bfeade73834e", "best_bid": "0.23", "best_ask": "0.32"}], "timestamp": "1769384472195", "event_type": "price_change"}}
{"_local_timestamp": "2026-01-25T23:41:12.300455+00:00", "data": {"market": "0x736070f2e687e81dbd986845289dd180e2fbc70548bc2e8aff148ceadda15c44", "price_changes": [{"asset_id": "101382350625978987121519942323401996281801408020815403855006812185240433292418", "price": "0.48", "size": "8", "side": "BUY", "hash": "7f957cca99fe9ead9396cc77c01250838f88beaf", "best_bid": "0.68", "best_ask": "0.77"}, {"asset_id": "30864383541303163087464296154482516853756858364156305055380352441630662769495", "price": "0.52", "size": "8", "side": "SELL", "hash": "2be21ee8264871e26be2a8662803bfeade73834e", "best_bid": "0.23", "best_ask": "0.32"}], "timestamp": "1769384472195", "event_type": "price_change"}}
{"_local_timestamp": "2026-01-25T23:41:12.434284+00:00", "data": {"market": "0x736070f2e687e81dbd986845289dd180e2fbc70548bc2e8aff148ceadda15c44", "price_changes": [{"asset_id": "30864383541303163087464296154482516853756858364156305055380352441630662769495", "price": "0.03", "size": "200", "side": "BUY", "hash": "9a5eea9f4354ea0ce81205d6164f78a0c89d22a7", "best_bid": "0.23", "best_ask": "0.32"}, {"asset_id": "101382350625978987121519942323401996281801408020815403855006812185240433292418", "price": "0.97", "size": "200", "side": "SELL", "hash": "73e607baada3726a066157bcc908cfe7027c8845", "best_bid": "0.68", "best_ask": "0.77"}], "timestamp": "1769384472284", "event_type": "price_change"}}
{"_local_timestamp": "2026-01-25T23:41:12.435273+00:00", "data": {"market": "0x736070f2e687e81dbd986845289dd180e2fbc70548bc2e8aff148ceadda15c44", "price_changes": [{"asset_id": "30864383541303163087464296154482516853756858364156305055380352441630662769495", "price": "0.14", "size": "456.7", "side": "BUY", "hash": "b60de6af0827be633d33cbceeec1cacdeebf5de8", "best_bid": "0.23", "best_ask": "0.32"}, {"asset_id": "101382350625978987121519942323401996281801408020815403855006812185240433292418", "price": "0.86", "size": "456.7", "side": "SELL", "hash": "289dea24158c086e25a9a1d575284011622d3ca4", "best_bid": "0.68", "best_ask": "0.77"}], "timestamp": "1769384472286", "event_type": "price_change"}}
{"_local_timestamp": "2026-01-25T23:41:12.437182+00:00", "data": {"market": "0x736070f2e687e81dbd986845289dd180e2fbc70548bc2e8aff148ceadda15c44", "price_changes": [{"asset_id": "101382350625978987121519942323401996281801408020815403855006812185240433292418", "price": "0.15", "size": "533.04", "side": "BUY", "hash": "103250bedc48dbabcf71d36463e3dc61e4920595", "best_bid": "0.68", "best_ask": "0.77"}, {"asset_id": "30864383541303163087464296154482516853756858364156305055380352441630662769495", "price": "0.85", "size": "533.04", "side": "SELL", "hash": "3fd80a7f40e706d889c4a559f9ba4f58e674eb65", "best_bid": "0.23", "best_ask": "0.32"}], "timestamp": "1769384472287", "event_type": "price_change"}}
{"_local_timestamp": "2026-01-25T23:41:12.438085+00:00", "data": {"market": "0x736070f2e687e81dbd986845289dd180e2fbc70548bc2e8aff148ceadda15c44", "price_changes": [{"asset_id": "101382350625978987121519942323401996281801408020815403855006812185240433292418", "price": "0.49", "size": "200", "side": "BUY", "hash": "8ec1f8d38338d257bfff9aa0b0c047c279a86038", "best_bid": "0.68", "best_ask": "0.77"}, {"asset_id": "30864383541303163087464296154482516853756858364156305055380352441630662769495", "price": "0.51", "size": "200", "side": "SELL", "hash": "29cdb6ac3d28902d010e78555f47c7396190c888", "best_bid": "0.23", "best_ask": "0.32"}], "timestamp": "1769384472288", "event_type": "price_change"}}
{"_local_timestamp": "2026-01-25T23:41:12.438627+00:00", "data": {"market": "0x736070f2e687e81dbd986845289dd180e2fbc70548bc2e8aff148ceadda15c44", "price_changes": [{"asset_id": "101382350625978987121519942323401996281801408020815403855006812185240433292418", "price": "0.5", "size": "456.7", "side": "BUY", "hash": "069512a99cb5d287013291c663699cf6d6be8748", "best_bid": "0.68", "best_ask": "0.77"}, {"asset_id": "30864383541303163087464296154482516853756858364156305055380352441630662769495", "price": "0.5", "size": "456.7", "side": "SELL", "hash": "5d1bbc88c7a8185e33c9f09c2725b86287d220cb", "best_bid": "0.23", "best_ask": "0.32"}], "timestamp": "1769384472324", "event_type": "price_change"}}
{"_local_timestamp": "2026-01-25T23:41:12.441257+00:00", "data": {"market": "0x736070f2e687e81dbd986845289dd180e2fbc70548bc2e8aff148ceadda15c44", "price_changes": [{"asset_id": "101382350625978987121519942323401996281801408020815403855006812185240433292418", "price": "0.51", "size": "256.7", "side": "BUY", "hash": "828d110d9627b5f6c353c876cc6006a1bbdd3e2d", "best_bid": "0.68", "best_ask": "0.77"}, {"asset_id": "30864383541303163087464296154482516853756858364156305055380352441630662769495", "price": "0.49", "size": "256.7", "side": "SELL", "hash": "963c45711f8a0e156db1ee55b3829a129bf27dc4", "best_bid": "0.23", "best_ask": "0.32"}], "timestamp": "1769384472326", "event_type": "price_change"}}
{"_local_timestamp": "2026-01-25T23:41:12.442678+00:00", "data": {"market": "0x736070f2e687e81dbd986845289dd180e2fbc70548bc2e8aff148ceadda15c44", "price_changes": [{"asset_id": "101382350625978987121519942323401996281801408020815403855006812185240433292418", "price": "0.14", "size": "533.04", "side": "BUY", "hash": "4afab19cc864c572741e1e390e538704fb64726d", "best_bid": "0.68", "best_ask": "0.77"}, {"asset_id": "30864383541303163087464296154482516853756858364156305055380352441630662769495", "price": "0.86", "size": "533.04", "side": "SELL", "hash": "aa7361756fcc0d4456d36ca67b201aa5d388c6b2", "best_bid": "0.23", "best_ask": "0.32"}], "timestamp": "1769384472329", "event_type": "price_change"}}
{"_local_timestamp": "2026-01-25T23:41:13.738119+00:00", "data": {"market": "0x736070f2e687e81dbd986845289dd180e2fbc70548bc2e8aff148ceadda15c44", "price_changes": [{"asset_id": "101382350625978987121519942323401996281801408020815403855006812185240433292418", "price": "0.51", "size": "0", "side": "BUY", "hash": "a794e204676e63846c6c1172541aa27b76f48eea", "best_bid": "0.68", "best_ask": "0.77"}, {"asset_id": "30864383541303163087464296154482516853756858364156305055380352441630662769495", "price": "0.49", "size": "0", "side": "SELL", "hash": "ffeafec726b7dc476b0c60e41b1f686d764e2d37", "best_bid": "0.23", "best_ask": "0.32"}], "timestamp": "1769384473666", "event_type": "price_change"}}
{"_local_timestamp": "2026-01-25T23:41:13.738616+00:00", "data": {"market": "0x736070f2e687e81dbd986845289dd180e2fbc70548bc2e8aff148ceadda15c44", "price_changes": [{"asset_id": "101382350625978987121519942323401996281801408020815403855006812185240433292418", "price": "0.15", "size": "200", "side": "BUY", "hash": "a794e204676e63846c6c1172541aa27b76f48eea", "best_bid": "0.68", "best_ask": "0.77"}, {"asset_id": "30864383541303163087464296154482516853756858364156305055380352441630662769495", "price": "0.85", "size": "200", "side": "SELL", "hash": "ffeafec726b7dc476b0c60e41b1f686d764e2d37", "best_bid": "0.23", "best_ask": "0.32"}], "timestamp": "1769384473666", "event_type": "price_change"}}
{"_local_timestamp": "2026-01-25T23:41:14.353538+00:00", "data": {"market": "0x736070f2e687e81dbd986845289dd180e2fbc70548bc2e8aff148ceadda15c44", "price_changes": [{"asset_id": "30864383541303163087464296154482516853756858364156305055380352441630662769495", "price": "0.03", "size": "0", "side": "BUY", "hash": "04f4d9fbee8e0859c2c1ab38765587d705e925b0", "best_bid": "0.23", "best_ask": "0.32"}, {"asset_id": "101382350625978987121519942323401996281801408020815403855006812185240433292418", "price": "0.97", "size": "0", "side": "SELL", "hash": "eef77d4071f67e5e184e2e1f68d2656eaf398478", "best_bid": "0.68", "best_ask": "0.77"}], "timestamp": "1769384474268", "event_type": "price_change"}}
{"_local_timestamp": "2026-01-25T23:41:14.353853+00:00", "data": {"market": "0x736070f2e687e81dbd986845289dd180e2fbc70548bc2e8aff148ceadda15c44", "price_changes": [{"asset_id": "30864383541303163087464296154482516853756858364156305055380352441630662769495", "price": "0.14", "size": "256.7", "side": "BUY", "hash": "04f4d9fbee8e0859c2c1ab38765587d705e925b0", "best_bid": "0.23", "best_ask": "0.32"}, {"asset_id": "101382350625978987121519942323401996281801408020815403855006812185240433292418", "price": "0.86", "size": "256.7", "side": "SELL", "hash": "eef77d4071f67e5e184e2e1f68d2656eaf398478", "best_bid": "0.68", "best_ask": "0.77"}], "timestamp": "1769384474268", "event_type": "price_change"}}
{"_local_timestamp": "2026-01-25T23:41:14.354163+00:00", "data": {"market": "0x736070f2e687e81dbd986845289dd180e2fbc70548bc2e8aff148ceadda15c44", "price_changes": [{"asset_id": "101382350625978987121519942323401996281801408020815403855006812185240433292418", "price": "0.5", "size": "256.7", "side": "BUY", "hash": "ad13f5c8349f59b18a3ed41fa41b0f51ff3b1acf", "best_bid": "0.68", "best_ask": "0.77"}, {"asset_id": "30864383541303163087464296154482516853756858364156305055380352441630662769495", "price": "0.5", "size": "256.7", "side": "SELL", "hash": "e6e951b1401d3997ee410d586147e30e0a6c6c2f", "best_bid": "0.23", "best_ask": "0.32"}], "timestamp": "1769384474268", "event_type": "price_change"}}
{"_local_timestamp": "2026-01-25T23:41:14.354404+00:00", "data": {"market": "0x736070f2e687e81dbd986845289dd180e2fbc70548bc2e8aff148ceadda15c44", "price_changes": [{"asset_id": "101382350625978987121519942323401996281801408020815403855006812185240433292418", "price": "0.16", "size": "0", "side": "BUY", "hash": "ad13f5c8349f59b18a3ed41fa41b0f51ff3b1acf", "best_bid": "0.68", "best_ask": "0.77"}, {"asset_id": "30864383541303163087464296154482516853756858364156305055380352441630662769495", "price": "0.84", "size": "0", "side": "SELL", "hash": "e6e951b1401d3997ee410d586147e30e0a6c6c2f", "best_bid": "0.23", "best_ask": "0.32"}], "timestamp": "1769384474268", "event_type": "price_change"}}
{"_local_timestamp": "2026-01-25T23:41:14.354685+00:00", "data": {"market": "0x736070f2e687e81dbd986845289dd180e2fbc70548bc2e8aff148ceadda15c44", "price_changes": [{"asset_id": "101382350625978987121519942323401996281801408020815403855006812185240433292418", "price": "0.49", "size": "0", "side": "BUY", "hash": "ad13f5c8349f59b18a3ed41fa41b0f51ff3b1acf", "best_bid": "0.68", "best_ask": "0.77"}, {"asset_id": "30864383541303163087464296154482516853756858364156305055380352441630662769495", "price": "0.51", "size": "0", "side": "SELL", "hash": "e6e951b1401d3997ee410d586147e30e0a6c6c2f", "best_bid": "0.23", "best_ask": "0.32"}], "timestamp": "1769384474268", "event_type": "price_change"}}
{"_local_timestamp": "2026-01-25T23:41:14.355174+00:00", "data": {"market": "0x736070f2e687e81dbd986845289dd180e2fbc70548bc2e8aff148ceadda15c44", "price_changes": [{"asset_id": "101382350625978987121519942323401996281801408020815403855006812185240433292418", "price": "0.51", "size": "200", "side": "BUY", "hash": "45331a07fd4c3e127a31315ee9fc279e9fa1bfc5", "best_bid": "0.68", "best_ask": "0.77"}, {"asset_id": "30864383541303163087464296154482516853756858364156305055380352441630662769495", "price": "0.49", "size": "200", "side": "SELL", "hash": "3b52c42414e069dd730ed7aa9cf3cb8dbf4b2fcd", "best_bid": "0.23", "best_ask": "0.32"}], "timestamp": "1769384474273", "event_type": "price_change"}}
{"_local_timestamp": "2026-01-25T23:41:15.636926+00:00", "data": {"market": "0x736070f2e687e81dbd986845289dd180e2fbc70548bc2e8aff148ceadda15c44", "price_changes": [{"asset_id": "101382350625978987121519942323401996281801408020815403855006812185240433292418", "price": "0.5", "size": "0", "side": "BUY", "hash": "1b93495b2c6b5d7fa7ee05f1ae9c12e7653a88c8", "best_bid": "0.68", "best_ask": "0.77"}, {"asset_id": "30864383541303163087464296154482516853756858364156305055380352441630662769495", "price": "0.5", "size": "0", "side": "SELL", "hash": "29d49ecc68d4f624055e6ab71c74711c64b66e33", "best_bid": "0.23", "best_ask": "0.32"}], "timestamp": "1769384475565", "event_type": "price_change"}}
{"_local_timestamp": "2026-01-25T23:41:15.637362+00:00", "data": {"market": "0x736070f2e687e81dbd986845289dd180e2fbc70548bc2e8aff148ceadda15c44", "price_changes": [{"asset_id": "101382350625978987121519942323401996281801408020815403855006812185240433292418", "price": "0.51", "size": "456.7", "side": "BUY", "hash": "220d2934266ec0e434bc14f79c6f88e239ca8f17", "best_bid": "0.68", "best_ask": "0.77"}, {"asset_id": "30864383541303163087464296154482516853756858364156305055380352441630662769495", "price": "0.49", "size": "456.7", "side": "SELL", "hash": "4573550987a58c8fa98a77b4062a1eebc633f07b", "best_bid": "0.23", "best_ask": "0.32"}], "timestamp": "1769384475566", "event_type": "price_change"}}
{"_local_timestamp": "2026-01-25T23:41:15.637625+00:00", "data": {"market": "0x736070f2e687e81dbd986845289dd180e2fbc70548bc2e8aff148ceadda15c44", "price_changes": [{"asset_id": "101382350625978987121519942323401996281801408020815403855006812185240433292418", "price": "0.52", "size": "256.7", "side": "BUY", "hash": "fddc9082b6478d335c6177e79875f2859c17c817", "best_bid": "0.68", "best_ask": "0.77"}, {"asset_id": "30864383541303163087464296154482516853756858364156305055380352441630662769495", "price": "0.48", "size": "256.7", "side": "SELL", "hash": "6c79486d0cb79aa6d0479315be85999335afde13", "best_bid": "0.23", "best_ask": "0.32"}], "timestamp": "1769384475566", "event_type": "price_change"}}
{"_local_timestamp": "2026-01-25T23:41:15.707039+00:00", "data": {"market": "0x736070f2e687e81dbd986845289dd180e2fbc70548bc2e8aff148ceadda15c44", "price_changes": [{"asset_id": "101382350625978987121519942323401996281801408020815403855006812185240433292418", "price": "0.52", "size": "0", "side": "BUY", "hash": "cf8688fa7d20e5b10c9276da225aa643e1b38683", "best_bid": "0.68", "best_ask": "0.77"}, {"asset_id": "30864383541303163087464296154482516853756858364156305055380352441630662769495", "price": "0.48", "size": "0", "side": "SELL", "hash": "4114482c57cae9123a645507ecaa758c18150a94", "best_bid": "0.23", "best_ask": "0.32"}], "timestamp": "1769384475641", "event_type": "price_change"}}
{"_local_timestamp": "2026-01-25T23:41:15.707885+00:00", "data": {"market": "0x736070f2e687e81dbd986845289dd180e2fbc70548bc2e8aff148ceadda15c44", "price_changes": [{"asset_id": "101382350625978987121519942323401996281801408020815403855006812185240433292418", "price": "0.51", "size": "200", "side": "BUY", "hash": "cf8688fa7d20e5b10c9276da225aa643e1b38683", "best_bid": "0.68", "best_ask": "0.77"}, {"asset_id": "30864383541303163087464296154482516853756858364156305055380352441630662769495", "price": "0.49", "size": "200", "side": "SELL", "hash": "4114482c57cae9123a645507ecaa758c18150a94", "best_bid": "0.23", "best_ask": "0.32"}], "timestamp": "1769384475641", "event_type": "price_change"}}
{"_local_timestamp": "2026-01-25T23:41:16.365939+00:00", "data": {"market": "0x736070f2e687e81dbd986845289dd180e2fbc70548bc2e8aff148ceadda15c44", "price_changes": [{"asset_id": "101382350625978987121519942323401996281801408020815403855006812185240433292418", "price": "0.51", "size": "0", "side": "BUY", "hash": "25ea7689b4e02043c50927dc16a4aa5d69664b07", "best_bid": "0.68", "best_ask": "0.77"}, {"asset_id": "30864383541303163087464296154482516853756858364156305055380352441630662769495", "price": "0.49", "size": "0", "side": "SELL", "hash": "40d96123828f7f31a034f70e95ebdf078befcd04", "best_bid": "0.23", "best_ask": "0.32"}], "timestamp": "1769384476300", "event_type": "price_change"}}
{"_local_timestamp": "2026-01-25T23:41:16.383170+00:00", "data": {"market": "0x736070f2e687e81dbd986845289dd180e2fbc70548bc2e8aff148ceadda15c44", "price_changes": [{"asset_id": "101382350625978987121519942323401996281801408020815403855006812185240433292418", "price": "0.48", "size": "208", "side": "BUY", "hash": "26ebc04b0a020bc54e232d2fe4ca0f157a19cd8c", "best_bid": "0.68", "best_ask": "0.77"}, {"asset_id": "30864383541303163087464296154482516853756858364156305055380352441630662769495", "price": "0.52", "size": "208", "side": "SELL", "hash": "42aa1d1514497c14f0fefee870236f8ca4023c11", "best_bid": "0.23", "best_ask": "0.32"}], "timestamp": "1769384476314", "event_type": "price_change"}}
{"_local_timestamp": "2026-01-25T23:41:16.385253+00:00", "data": {"market": "0x736070f2e687e81dbd986845289dd180e2fbc70548bc2e8aff148ceadda15c44", "price_changes": [{"asset_id": "30864383541303163087464296154482516853756858364156305055380352441630662769495", "price": "0.14", "size": "456.7", "side": "BUY", "hash": "0e45e0fd3f2201b237008bde1046104f94c778cb", "best_bid": "0.23", "best_ask": "0.32"}, {"asset_id": "101382350625978987121519942323401996281801408020815403855006812185240433292418", "price": "0.86", "size": "456.7", "side": "SELL", "hash": "6153a6e255251f1eb2019bcc6b312d36936118cf", "best_bid": "0.68", "best_ask": "0.77"}], "timestamp": "1769384476315", "event_type": "price_change"}}
{"_local_timestamp": "2026-01-25T23:41:16.386350+00:00", "data": {"market": "0x736070f2e687e81dbd986845289dd180e2fbc70548bc2e8aff148ceadda15c44", "price_changes": [{"asset_id": "101382350625978987121519942323401996281801408020815403855006812185240433292418", "price": "0.56", "size": "200", "side": "BUY", "hash": "7efdbf9d80fe5afddcc68309cfa771c632d6f7c1", "best_bid": "0.68", "best_ask": "0.77"}, {"asset_id": "30864383541303163087464296154482516853756858364156305055380352441630662769495", "price": "0.44", "size": "200", "side": "SELL", "hash": "f5fbf39b122131dc321a4cb2f89d52f74d321227", "best_bid": "0.23", "best_ask": "0.32"}], "timestamp": "1769384476315", "event_type": "price_change"}}
{"_local_timestamp": "2026-01-25T23:41:16.386718+00:00", "data": {"market": "0x736070f2e687e81dbd986845289dd180e2fbc70548bc2e8aff148ceadda15c44", "price_changes": [{"asset_id": "101382350625978987121519942323401996281801408020815403855006812185240433292418", "price": "0.55", "size": "207", "side": "BUY", "hash": "e3ea2d0a376c4d9fb1c91216a99cbe6fdac5beb4", "best_bid": "0.68", "best_ask": "0.77"}, {"asset_id": "30864383541303163087464296154482516853756858364156305055380352441630662769495", "price": "0.45", "size": "207", "side": "SELL", "hash": "5380d8c67eda57df292757e2327f7a0cca0f93d1", "best_bid": "0.23", "best_ask": "0.32"}], "timestamp": "1769384476316", "event_type": "price_change"}}
{"_local_timestamp": "2026-01-25T23:41:16.390168+00:00", "data": {"market": "0x736070f2e687e81dbd986845289dd180e2fbc70548bc2e8aff148ceadda15c44", "price_changes": [{"asset_id": "30864383541303163087464296154482516853756858364156305055380352441630662769495", "price": "0.03", "size": "200", "side": "BUY", "hash": "7c938c802ed1f8da3dbd7dc8e28dad90fcb5c9f1", "best_bid": "0.23", "best_ask": "0.32"}, {"asset_id": "101382350625978987121519942323401996281801408020815403855006812185240433292418", "price": "0.97", "size": "200", "side": "SELL", "hash": "e2565e6b672d2dfb98ff2c12e7a78824980be2ee", "best_bid": "0.68", "best_ask": "0.77"}], "timestamp": "1769384476316", "event_type": "price_change"}}
{"_local_timestamp": "2026-01-25T23:41:18.739980+00:00", "data": {"market": "0x736070f2e687e81dbd986845289dd180e2fbc70548bc2e8aff148ceadda15c44", "price_changes": [{"asset_id": "101382350625978987121519942323401996281801408020815403855006812185240433292418", "price": "0.57", "size": "256.7", "side": "BUY", "hash": "d2ad89e22435c4ade26770df162bb9d33f97937e", "best_bid": "0.68", "best_ask": "0.77"}, {"asset_id": "30864383541303163087464296154482516853756858364156305055380352441630662769495", "price": "0.43", "size": "256.7", "side": "SELL", "hash": "c603402cc599eb16c6b78e07ea35da7e0af8e337", "best_bid": "0.23", "best_ask": "0.32"}], "timestamp": "1769384478673", "event_type": "price_change"}}
{"_local_timestamp": "2026-01-25T23:41:18.741115+00:00", "data": {"market": "0x736070f2e687e81dbd986845289dd180e2fbc70548bc2e8aff148ceadda15c44", "price_changes": [{"asset_id": "101382350625978987121519942323401996281801408020815403855006812185240433292418", "price": "0.56", "size": "456.7", "side": "BUY", "hash": "4927ddfa0846cb6be9af4c07dd2bf71ca5a44369", "best_bid": "0.68", "best_ask": "0.77"}, {"asset_id": "30864383541303163087464296154482516853756858364156305055380352441630662769495", "price": "0.44", "size": "456.7", "side": "SELL", "hash": "6f945ca309ad27d76c6d79425a7bdb3692fa0217", "best_bid": "0.23", "best_ask": "0.32"}], "timestamp": "1769384478675", "event_type": "price_change"}}
{"_local_timestamp": "2026-01-25T23:41:18.792232+00:00", "data": {"market": "0x736070f2e687e81dbd986845289dd180e2fbc70548bc2e8aff148ceadda15c44", "price_changes": [{"asset_id": "101382350625978987121519942323401996281801408020815403855006812185240433292418", "price": "0.57", "size": "0", "side": "BUY", "hash": "0279ac7710474aab8f81f8c4a5b7df02f7d6e6d8", "best_bid": "0.68", "best_ask": "0.77"}, {"asset_id": "30864383541303163087464296154482516853756858364156305055380352441630662769495", "price": "0.43", "size": "0", "side": "SELL", "hash": "c065ead4468d4b49267a93173cac493f21698d7f", "best_bid": "0.23", "best_ask": "0.32"}], "timestamp": "1769384478719", "event_type": "price_change"}}
{"_local_timestamp": "2026-01-25T23:41:19.201961+00:00", "data": {"market": "0x736070f2e687e81dbd986845289dd180e2fbc70548bc2e8aff148ceadda15c44", "price_changes": [{"asset_id": "101382350625978987121519942323401996281801408020815403855006812185240433292418", "price": "0.56", "size": "256.7", "side": "BUY", "hash": "4c12baa67f08c70462011f5d68a54848b5e5e41e", "best_bid": "0.68", "best_ask": "0.77"}, {"asset_id": "30864383541303163087464296154482516853756858364156305055380352441630662769495", "price": "0.44", "size": "256.7", "side": "SELL", "hash": "d9d0cbe32616edd21d0345925891cd7bf1dd93ca", "best_bid": "0.23", "best_ask": "0.32"}], "timestamp": "1769384479125", "event_type": "price_change"}}
{"_local_timestamp": "2026-01-25T23:41:19.203966+00:00", "data": {"market": "0x736070f2e687e81dbd986845289dd180e2fbc70548bc2e8aff148ceadda15c44", "price_changes": [{"asset_id": "101382350625978987121519942323401996281801408020815403855006812185240433292418", "price": "0.55", "size": "7", "side": "BUY", "hash": "4c12baa67f08c70462011f5d68a54848b5e5e41e", "best_bid": "0.68", "best_ask": "0.77"}, {"asset_id": "30864383541303163087464296154482516853756858364156305055380352441630662769495", "price": "0.45", "size": "7", "side": "SELL", "hash": "d9d0cbe32616edd21d0345925891cd7bf1dd93ca", "best_bid": "0.23", "best_ask": "0.32"}], "timestamp": "1769384479125", "event_type": "price_change"}}
{"_local_timestamp": "2026-01-25T23:41:19.206699+00:00", "data": {"market": "0x736070f2e687e81dbd986845289dd180e2fbc70548bc2e8aff148ceadda15c44", "price_changes": [{"asset_id": "101382350625978987121519942323401996281801408020815403855006812185240433292418", "price": "0.14", "size": "733.04", "side": "BUY", "hash": "7a171cc424ff1b55d2f121c672534bfa22e7bc05", "best_bid": "0.68", "best_ask": "0.77"}, {"asset_id": "30864383541303163087464296154482516853756858364156305055380352441630662769495", "price": "0.86", "size": "733.04", "side": "SELL", "hash": "110a8808178acb6a20f1dce0368e09a8e4628023", "best_bid": "0.23", "best_ask": "0.32"}], "timestamp": "1769384479135", "event_type": "price_change"}}
{"_local_timestamp": "2026-01-25T23:41:19.207106+00:00", "data": {"market": "0x736070f2e687e81dbd986845289dd180e2fbc70548bc2e8aff148ceadda15c44", "price_changes": [{"asset_id": "101382350625978987121519942323401996281801408020815403855006812185240433292418", "price": "0.5", "size": "200", "side": "BUY", "hash": "9ace12be76b5c6eb98f863e9f05ae4b233dedebc", "best_bid": "0.68", "best_ask": "0.77"}, {"asset_id": "30864383541303163087464296154482516853756858364156305055380352441630662769495", "price": "0.5", "size": "200", "side": "SELL", "hash": "d75bf21eed78ed47e259760a2eb59b9db01824d9", "best_bid": "0.23", "best_ask": "0.32"}], "timestamp": "1769384479136", "event_type": "price_change"}}
{"_local_timestamp": "2026-01-25T23:41:19.271202+00:00", "data": {"market": "0x736070f2e687e81dbd986845289dd180e2fbc70548bc2e8aff148ceadda15c44", "price_changes": [{"asset_id": "101382350625978987121519942323401996281801408020815403855006812185240433292418", "price": "0.56", "size": "0", "side": "BUY", "hash": "3b17b7979f5aaf522c7d1996c8675c64138a43ee", "best_bid": "0.68", "best_ask": "0.77"}, {"asset_id": "30864383541303163087464296154482516853756858364156305055380352441630662769495", "price": "0.44", "size": "0", "side": "SELL", "hash": "06541238ad5324937426b51b445224e31377fb7e", "best_bid": "0.23", "best_ask": "0.32"}], "timestamp": "1769384479209", "event_type": "price_change"}}
{"_local_timestamp": "2026-01-25T23:41:19.452186+00:00", "data": {"market": "0x736070f2e687e81dbd986845289dd180e2fbc70548bc2e8aff148ceadda15c44", "price_changes": [{"asset_id": "101382350625978987121519942323401996281801408020815403855006812185240433292418", "price": "0.15", "size": "533.04", "side": "BUY", "hash": "27428049287b869b35e4231e183edd0984ca8353", "best_bid": "0.68", "best_ask": "0.77"}, {"asset_id": "30864383541303163087464296154482516853756858364156305055380352441630662769495", "price": "0.85", "size": "533.04", "side": "SELL", "hash": "a709fd2768d2c002b12b88493c14a4e2987220a4", "best_bid": "0.23", "best_ask": "0.32"}], "timestamp": "1769384479384", "event_type": "price_change"}}
{"_local_timestamp": "2026-01-25T23:41:20.052418+00:00", "data": {"market": "0xf4a3416a536ec8588bae9a47cdd8655d0108696cc31de7b970d8992b11873355", "price_changes": [{"asset_id": "75587382274015873454619185837358927030925548924467090853085795283003256242214", "price": "0.97", "size": "0", "side": "SELL", "hash": "95a8dcdb2d419898a541052444b575dbe6aba5cc", "best_bid": "0.01", "best_ask": "1"}, {"asset_id": "50935218739792247778318199298052574723196071823490804712067538458741634484323", "price": "0.03", "size": "0", "side": "BUY", "hash": "d0e3a11796b801b191a351664cbc184cacaa7000", "best_bid": "0", "best_ask": "0.99"}], "timestamp": "1769384479977", "event_type": "price_change"}}
{"_local_timestamp": "2026-01-25T23:41:20.118558+00:00", "data": {"market": "0xf4a3416a536ec8588bae9a47cdd8655d0108696cc31de7b970d8992b11873355", "price_changes": [{"asset_id": "75587382274015873454619185837358927030925548924467090853085795283003256242214", "price": "0.97", "size": "19.21", "side": "SELL", "hash": "1ce25d229e96d0eab225e6f77fcfef58ea8681c7", "best_bid": "0.01", "best_ask": "0.97"}, {"asset_id": "50935218739792247778318199298052574723196071823490804712067538458741634484323", "price": "0.03", "size": "19.21", "side": "BUY", "hash": "1db7a91f03fc32b1fff96236c0530e47dffecb4a", "best_bid": "0.03", "best_ask": "0.99"}], "timestamp": "1769384480005", "event_type": "price_change"}}
{"_local_timestamp": "2026-01-25T23:41:21.213894+00:00", "data": {"market": "0x736070f2e687e81dbd986845289dd180e2fbc70548bc2e8aff148ceadda15c44", "price_changes": [{"asset_id": "101382350625978987121519942323401996281801408020815403855006812185240433292418", "price": "0.54", "size": "200", "side": "BUY", "hash": "f51ceb14d68eb1f439cca5d4f76165c7a6448b1e", "best_bid": "0.68", "best_ask": "0.77"}, {"asset_id": "30864383541303163087464296154482516853756858364156305055380352441630662769495", "price": "0.46", "size": "200", "side": "SELL", "hash": "99d5314eb0e89a25466254777bb14cb88cf2fd07", "best_bid": "0.23", "best_ask": "0.32"}], "timestamp": "1769384481129", "event_type": "price_change"}}
{"_local_timestamp": "2026-01-25T23:41:21.217174+00:00", "data": {"market": "0x736070f2e687e81dbd986845289dd180e2fbc70548bc2e8aff148ceadda15c44", "price_changes": [{"asset_id": "101382350625978987121519942323401996281801408020815403855006812185240433292418", "price": "0.16", "size": "200", "side": "BUY", "hash": "7d444309c9f09e241eb8562653ce5d4dd7b81409", "best_bid": "0.68", "best_ask": "0.77"}, {"asset_id": "30864383541303163087464296154482516853756858364156305055380352441630662769495", "price": "0.84", "size": "200", "side": "SELL", "hash": "b6bdb61d21980052cd9213d3e4e00cae3b6afe97", "best_bid": "0.23", "best_ask": "0.32"}], "timestamp": "1769384481130", "event_type": "price_change"}}
{"_local_timestamp": "2026-01-25T23:41:21.219904+00:00", "data": {"market": "0x736070f2e687e81dbd986845289dd180e2fbc70548bc2e8aff148ceadda15c44", "price_changes": [{"asset_id": "30864383541303163087464296154482516853756858364156305055380352441630662769495", "price": "0.02", "size": "0", "side": "BUY", "hash": "91e2eafd5cae7e6cf28f81d75409cb2c075e8c9e", "best_bid": "0.23", "best_ask": "0.32"}, {"asset_id": "101382350625978987121519942323401996281801408020815403855006812185240433292418", "price": "0.98", "size": "0", "side": "SELL", "hash": "e278fea6dfc42cad8706cd35c9004379227a295c", "best_bid": "0.68", "best_ask": "0.77"}], "timestamp": "1769384481136", "event_type": "price_change"}}
{"_local_timestamp": "2026-01-25T23:41:21.234516+00:00", "data": {"market": "0x736070f2e687e81dbd986845289dd180e2fbc70548bc2e8aff148ceadda15c44", "price_changes": [{"asset_id": "101382350625978987121519942323401996281801408020815403855006812185240433292418", "price": "0.14", "size": "533.04", "side": "BUY", "hash": "64ca27fbca1772d587b50957abf7a58a94863e3f", "best_bid": "0.68", "best_ask": "0.77"}, {"asset_id": "30864383541303163087464296154482516853756858364156305055380352441630662769495", "price": "0.86", "size": "533.04", "side": "SELL", "hash": "8735224860e558c4acb9bb11392df654f3ba2744", "best_bid": "0.23", "best_ask": "0.32"}], "timestamp": "1769384481145", "event_type": "price_change"}}
{"_local_timestamp": "2026-01-25T23:41:21.235206+00:00", "data": {"market": "0x736070f2e687e81dbd986845289dd180e2fbc70548bc2e8aff148ceadda15c44", "price_changes": [{"asset_id": "101382350625978987121519942323401996281801408020815403855006812185240433292418", "price": "0.5", "size": "0", "side": "BUY", "hash": "64ca27fbca1772d587b50957abf7a58a94863e3f", "best_bid": "0.68", "best_ask": "0.77"}, {"asset_id": "30864383541303163087464296154482516853756858364156305055380352441630662769495", "price": "0.5", "size": "0", "side": "SELL", "hash": "8735224860e558c4acb9bb11392df654f3ba2744", "best_bid": "0.23", "best_ask": "0.32"}], "timestamp": "1769384481145", "event_type": "price_change"}}
{"_local_timestamp": "2026-01-25T23:41:21.453837+00:00", "data": {"market": "0x736070f2e687e81dbd986845289dd180e2fbc70548bc2e8aff148ceadda15c44", "price_changes": [{"asset_id": "101382350625978987121519942323401996281801408020815403855006812185240433292418", "price": "0.15", "size": "633.04", "side": "BUY", "hash": "1aeb58507392ff49f6419873f52726fcb48cf2d3", "best_bid": "0.68", "best_ask": "0.77"}, {"asset_id": "30864383541303163087464296154482516853756858364156305055380352441630662769495", "price": "0.85", "size": "633.04", "side": "SELL", "hash": "b21570487edb4f80b562506e57256ac174c12cb4", "best_bid": "0.23", "best_ask": "0.32"}], "timestamp": "1769384481356", "event_type": "price_change"}}
{"_local_timestamp": "2026-01-25T23:41:21.455067+00:00", "data": {"market": "0x736070f2e687e81dbd986845289dd180e2fbc70548bc2e8aff148ceadda15c44", "price_changes": [{"asset_id": "30864383541303163087464296154482516853756858364156305055380352441630662769495", "price": "0.01", "size": "10099.48", "side": "BUY", "hash": "ccdc3aa6416557ad22c45fa0edde8c32f04eb15a", "best_bid": "0.23", "best_ask": "0.32"}, {"asset_id": "101382350625978987121519942323401996281801408020815403855006812185240433292418", "price": "0.99", "size": "10099.48", "side": "SELL", "hash": "d0d86e5c2d6a35470407f7d956da89c0967c7900", "best_bid": "0.68", "best_ask": "0.77"}], "timestamp": "1769384481357", "event_type": "price_change"}}
{"_local_timestamp": "2026-01-25T23:41:21.877188+00:00", "data": {"market": "0x736070f2e687e81dbd986845289dd180e2fbc70548bc2e8aff148ceadda15c44", "price_changes": [{"asset_id": "101382350625978987121519942323401996281801408020815403855006812185240433292418", "price": "0.55", "size": "263.7", "side": "BUY", "hash": "608ad036695aae3cfd57d19acac0c045f07045be", "best_bid": "0.68", "best_ask": "0.77"}, {"asset_id": "30864383541303163087464296154482516853756858364156305055380352441630662769495", "price": "0.45", "size": "263.7", "side": "SELL", "hash": "36731a5b285ea866f761e55bca13386dcf57cbf7", "best_bid": "0.23", "best_ask": "0.32"}], "timestamp": "1769384481799", "event_type": "price_change"}}
{"_local_timestamp": "2026-01-25T23:41:21.878444+00:00", "data": {"market": "0x736070f2e687e81dbd986845289dd180e2fbc70548bc2e8aff148ceadda15c44", "price_changes": [{"asset_id": "101382350625978987121519942323401996281801408020815403855006812185240433292418", "price": "0.54", "size": "456.7", "side": "BUY", "hash": "bd8cf617514f77f635424e2522294ce9fdb0762f", "best_bid": "0.68", "best_ask": "0.77"}, {"asset_id": "30864383541303163087464296154482516853756858364156305055380352441630662769495", "price": "0.46", "size": "456.7", "side": "SELL", "hash": "7e220cb60c4db7181bc02edecdae6e2f65908699", "best_bid": "0.23", "best_ask": "0.32"}], "timestamp": "1769384481800", "event_type": "price_change"}}
{"_local_timestamp": "2026-01-25T23:41:22.139636+00:00", "data": {"market": "0x736070f2e687e81dbd986845289dd180e2fbc70548bc2e8aff148ceadda15c44", "price_changes": [{"asset_id": "101382350625978987121519942323401996281801408020815403855006812185240433292418", "price": "0.55", "size": "7", "side": "BUY", "hash": "8b9e7c16e52d73c0f319d8e33fe4fd8ac2039037", "best_bid": "0.68", "best_ask": "0.77"}, {"asset_id": "30864383541303163087464296154482516853756858364156305055380352441630662769495", "price": "0.45", "size": "7", "side": "SELL", "hash": "efb9b556886ae9b84407eb2c507753f2d2cd30c4", "best_bid": "0.23", "best_ask": "0.32"}], "timestamp": "1769384482045", "event_type": "price_change"}}
{"_local_timestamp": "2026-01-25T23:41:22.140562+00:00", "data": {"market": "0x736070f2e687e81dbd986845289dd180e2fbc70548bc2e8aff148ceadda15c44", "price_changes": [{"asset_id": "101382350625978987121519942323401996281801408020815403855006812185240433292418", "price": "0.54", "size": "200", "side": "BUY", "hash": "8b9e7c16e52d73c0f319d8e33fe4fd8ac2039037", "best_bid": "0.68", "best_ask": "0.77"}, {"asset_id": "30864383541303163087464296154482516853756858364156305055380352441630662769495", "price": "0.46", "size": "200", "side": "SELL", "hash": "efb9b556886ae9b84407eb2c507753f2d2cd30c4", "best_bid": "0.23", "best_ask": "0.32"}], "timestamp": "1769384482045", "event_type": "price_change"}}
{"_local_timestamp": "2026-01-25T23:41:22.329324+00:00", "data": {"market": "0x736070f2e687e81dbd986845289dd180e2fbc70548bc2e8aff148ceadda15c44", "price_changes": [{"asset_id": "30864383541303163087464296154482516853756858364156305055380352441630662769495", "price": "0.02", "size": "333.04", "side": "BUY", "hash": "1322d5f8eaee2c761d9824bf52957bcde75405f0", "best_bid": "0.23", "best_ask": "0.32"}, {"asset_id": "101382350625978987121519942323401996281801408020815403855006812185240433292418", "price": "0.98", "size": "333.04", "side": "SELL", "hash": "4b39ef1adaae631f14d4e3217213cfd9987e0fb6", "best_bid": "0.68", "best_ask": "0.77"}], "timestamp": "1769384482263", "event_type": "price_change"}}
{"_local_timestamp": "2026-01-25T23:41:22.392803+00:00", "data": {"market": "0x736070f2e687e81dbd986845289dd180e2fbc70548bc2e8aff148ceadda15c44", "price_changes": [{"asset_id": "101382350625978987121519942323401996281801408020815403855006812185240433292418", "price": "0.13", "size": "700", "side": "BUY", "hash": "b528293cd21e5f690aaa5507f75c91396226f29c", "best_bid": "0.68", "best_ask": "0.77"}, {"asset_id": "30864383541303163087464296154482516853756858364156305055380352441630662769495", "price": "0.87", "size": "700", "side": "SELL", "hash": "76ccf9fabd16a08e0ecc3af6583ae3ac1187dfa7", "best_bid": "0.23", "best_ask": "0.32"}], "timestamp": "1769384482319", "event_type": "price_change"}}
{"_local_timestamp": "2026-01-25T23:41:22.680494+00:00", "data": {"market": "0x736070f2e687e81dbd986845289dd180e2fbc70548bc2e8aff148ceadda15c44", "price_changes": [{"asset_id": "101382350625978987121519942323401996281801408020815403855006812185240433292418", "price": "0.15", "size": "833.04", "side": "BUY", "hash": "1ad635885b946fca7b2e377e008b011f1c97493f", "best_bid": "0.68", "best_ask": "0.77"}, {"asset_id": "30864383541303163087464296154482516853756858364156305055380352441630662769495", "price": "0.85", "size": "833.04", "side": "SELL", "hash": "6a98cd56a5b8209ff1558064a6032bfe0adb4e60", "best_bid": "0.23", "best_ask": "0.32"}], "timestamp": "1769384482596", "event_type": "price_change"}}
{"_local_timestamp": "2026-01-25T23:41:23.886765+00:00", "data": {"market": "0x736070f2e687e81dbd986845289dd180e2fbc70548bc2e8aff148ceadda15c44", "price_changes": [{"asset_id": "101382350625978987121519942323401996281801408020815403855006812185240433292418", "price": "0.15", "size": "500", "side": "BUY", "hash": "3bc42efe9aeae8ebfec1726805e42cd9960778b4", "best_bid": "0.68", "best_ask": "0.77"}, {"asset_id": "30864383541303163087464296154482516853756858364156305055380352441630662769495", "price": "0.85", "size": "500", "side": "SELL", "hash": "f0fdd71dec8dbda3e80fcd84e03f721c6f07f35e", "best_bid": "0.23", "best_ask": "0.32"}], "timestamp": "1769384483817", "event_type": "price_change"}}
{"_local_timestamp": "2026-01-25T23:41:24.037253+00:00", "data": {"market": "0x736070f2e687e81dbd986845289dd180e2fbc70548bc2e8aff148ceadda15c44", "price_changes": [{"asset_id": "30864383541303163087464296154482516853756858364156305055380352441630662769495", "price": "0.01", "size": "9766.44", "side": "BUY", "hash": "5300e49d98828d8940641012d0635ba6e93abca3", "best_bid": "0.23", "best_ask": "0.32"}, {"asset_id": "101382350625978987121519942323401996281801408020815403855006812185240433292418", "price": "0.99", "size": "9766.44", "side": "SELL", "hash": "fff1f42a0074906ceae3decb1c57871a5cb6dbf5", "best_bid": "0.68", "best_ask": "0.77"}], "timestamp": "1769384483974", "event_type": "price_change"}}
{"_local_timestamp": "2026-01-25T23:41:24.736741+00:00", "data": {"market": "0x736070f2e687e81dbd986845289dd180e2fbc70548bc2e8aff148ceadda15c44", "price_changes": [{"asset_id": "101382350625978987121519942323401996281801408020815403855006812185240433292418", "price": "0.54", "size": "456.7", "side": "BUY", "hash": "a22bd50ebdd57b5f11457ee0d23910649cfd9d3a", "best_bid": "0.68", "best_ask": "0.77"}, {"asset_id": "30864383541303163087464296154482516853756858364156305055380352441630662769495", "price": "0.46", "size": "456.7", "side": "SELL", "hash": "93069e123f5c85e165c090add7475887b959bef6", "best_bid": "0.23", "best_ask": "0.32"}], "timestamp": "1769384484668", "event_type": "price_change"}}
{"_local_timestamp": "2026-01-25T23:41:24.737091+00:00", "data": {"market": "0x736070f2e687e81dbd986845289dd180e2fbc70548bc2e8aff148ceadda15c44", "price_changes": [{"asset_id": "101382350625978987121519942323401996281801408020815403855006812185240433292418", "price": "0.55", "size": "263.7", "side": "BUY", "hash": "9a8f71046750d24f6aab2dcacdca650df5cb9720", "best_bid": "0.68", "best_ask": "0.77"}, {"asset_id": "30864383541303163087464296154482516853756858364156305055380352441630662769495", "price": "0.45", "size": "263.7", "side": "SELL", "hash": "44f7c12d46cdbea2ad10bde259417c3262f87187", "best_bid": "0.23", "best_ask": "0.32"}], "timestamp": "1769384484669", "event_type": "price_change"}}
{"_local_timestamp": "2026-01-25T23:41:24.874534+00:00", "data": {"market": "0x736070f2e687e81dbd986845289dd180e2fbc70548bc2e8aff148ceadda15c44", "price_changes": [{"asset_id": "101382350625978987121519942323401996281801408020815403855006812185240433292418", "price": "0.55", "size": "7", "side": "BUY", "hash": "c562257c84afb4d43a19ab53eae20cfd82edf8ef", "best_bid": "0.68", "best_ask": "0.77"}, {"asset_id": "30864383541303163087464296154482516853756858364156305055380352441630662769495", "price": "0.45", "size": "7", "side": "SELL", "hash": "320b449f602f3303b12954408231919fbf3fbad7", "best_bid": "0.23", "best_ask": "0.32"}], "timestamp": "1769384484805", "event_type": "price_change"}}
{"_local_timestamp": "2026-01-25T23:41:25.177522+00:00", "data": {"market": "0x736070f2e687e81dbd986845289dd180e2fbc70548bc2e8aff148ceadda15c44", "price_changes": [{"asset_id": "101382350625978987121519942323401996281801408020815403855006812185240433292418", "price": "0.5", "size": "200", "side": "BUY", "hash": "f6b0ee131daa35ae4879e492562b6234fde313fa", "best_bid": "0.68", "best_ask": "0.77"}, {"asset_id": "30864383541303163087464296154482516853756858364156305055380352441630662769495", "price": "0.5", "size": "200", "side": "SELL", "hash": "30b35fc2e6d977b0619d5db361c9a0cf8ce8e2d8", "best_bid": "0.23", "best_ask": "0.32"}], "timestamp": "1769384485100", "event_type": "price_change"}}
{"_local_timestamp": "2026-01-25T23:41:25.186566+00:00", "data": {"market": "0x736070f2e687e81dbd986845289dd180e2fbc70548bc2e8aff148ceadda15c44", "price_changes": [{"asset_id": "101382350625978987121519942323401996281801408020815403855006812185240433292418", "price": "0.54", "size": "256.7", "side": "BUY", "hash": "eda636f7ab37a0e9393eff5d9a0eb875ac6e1273", "best_bid": "0.68", "best_ask": "0.77"}, {"asset_id": "30864383541303163087464296154482516853756858364156305055380352441630662769495", "price": "0.46", "size": "256.7", "side": "SELL", "hash": "aedaa9cc996a33a1c4ed85ee23f2bcfe3f9a8e27", "best_bid": "0.23", "best_ask": "0.32"}], "timestamp": "1769384485110", "event_type": "price_change"}}
{"_local_timestamp": "2026-01-25T23:41:25.187015+00:00", "data": {"market": "0x736070f2e687e81dbd986845289dd180e2fbc70548bc2e8aff148ceadda15c44", "price_changes": [{"asset_id": "101382350625978987121519942323401996281801408020815403855006812185240433292418", "price": "0.54", "size": "0", "side": "BUY", "hash": "c336e74bc8309210ee9def25bac6662c960562c3", "best_bid": "0.68", "best_ask": "0.77"}, {"asset_id": "30864383541303163087464296154482516853756858364156305055380352441630662769495", "price": "0.46", "size": "0", "side": "SELL", "hash": "4c54a95272946def7e311b1e82745d74dbe748c7", "best_bid": "0.23", "best_ask": "0.32"}], "timestamp": "1769384485114", "event_type": "price_change"}}
{"_local_timestamp": "2026-01-25T23:41:25.270448+00:00", "data": {"market": "0x736070f2e687e81dbd986845289dd180e2fbc70548bc2e8aff148ceadda15c44", "price_changes": [{"asset_id": "101382350625978987121519942323401996281801408020815403855006812185240433292418", "price": "0.14", "size": "200", "side": "BUY", "hash": "4436dce332b22c677837219e1a06802c86a6701f", "best_bid": "0.68", "best_ask": "0.77"}, {"asset_id": "30864383541303163087464296154482516853756858364156305055380352441630662769495", "price": "0.86", "size": "200", "side": "SELL", "hash": "5666c6ac1c1e24c70fb57cf46e2fa92554f8e19d", "best_bid": "0.23", "best_ask": "0.32"}], "timestamp": "1769384485190", "event_type": "price_change"}}
{"_local_timestamp": "2026-01-25T23:41:25.395194+00:00", "data": {"market": "0x736070f2e687e81dbd986845289dd180e2fbc70548bc2e8aff148ceadda15c44", "price_changes": [{"asset_id": "101382350625978987121519942323401996281801408020815403855006812185240433292418", "price": "0.16", "size": "533.04", "side": "BUY", "hash": "636a7ee638d50d6d3e208c2a92698c7f8d50a9c5", "best_bid": "0.68", "best_ask": "0.77"}, {"asset_id": "30864383541303163087464296154482516853756858364156305055380352441630662769495", "price": "0.84", "size": "533.04", "side": "SELL", "hash": "89304a7419ac5d07486c238e47f16d26a37655c5", "best_bid": "0.23", "best_ask": "0.32"}], "timestamp": "1769384485327", "event_type": "price_change"}}
