{"_local_timestamp": "2026-01-25T23:33:56.728874+00:00", "data": [{"market": "0x7f30cf3ce31deb36d9c87b7ce3ad493ecba7e2c04f54d9064c3668fec489e5a2", "asset_id": "98454865528785835890045788599167077000239351581671639397727717396046966577161", "timestamp": "1769384036533", "hash": "a0dc806c70e0c29077db5cfc209f109df4a8619f", "bids": [{"price": "0.01", "size": "11966.44"}, {"price": "0.02", "size": "1000"}, {"price": "0.04", "size": "1300"}, {"price": "0.07", "size": "1900"}, {"price": "0.13", "size": "1100"}, {"price": "0.14", "size": "533.04"}, {"price": "0.15", "size": "200"}, {"price": "0.56", "size": "356.7"}, {"price": "0.57", "size": "256.7"}, {"price": "0.58", "size": "275"}], "asks": [{"price": "0.99", "size": "11966.44"}, {"price": "0.98", "size": "2700"}, {"price": "0.97", "size": "333.04"}, {"price": "0.92", "size": "300"}, {"price": "0.71", "size": "356.7"}, {"price": "0.7", "size": "256.7"}, {"price": "0.68", "size": "500"}], "event_type": "book", "last_trade_price": "0.700"}, {"market": "0x7f30cf3ce31deb36d9c87b7ce3ad493ecba7e2c04f54d9064c3668fec489e5a2", "asset_id": "41880403302959455557701594420687693279759982292853098277780027130808267649257", "timestamp": "1769384036533", "hash": "61849184b29c5ed6b5ce57a0fdd22a4d354fcb57", "bids": [{"price": "0.01", "size": "11966.44"}, {"price": "0.02", "size": "2700"}, {"price": "0.03", "size": "333.04"}, {"price": "0.08", "size": "300"}, {"price": "0.29", "size": "356.7"}, {"price": "0.3", "size": "256.7"}, {"price": "0.32", "size": "500"}], "asks": [{"price": "0.99", "size": "11966.44"}, {"price": "0.98", "size": "1000"}, {"price": "0.96", "size": "1300"}, {"price": "0.93", "size": "1900"}, {"price": "0.87", "size": "1100"}, {"price": "0.86", "size": "533.04"}, {"price": "0.85", "size": "200"}, {"price": "0.44", "size": "356.7"}, {"price": "0.43", "size": "256.7"}, {"price": "0.42", "size": "275"}], "event_type": "book", "last_trade_price": "0.700"}]}
{"_local_timestamp": "2026-01-25T23:34:06.835330+00:00", "data": {"market": "0x7f30cf3ce31deb36d9c87b7ce3ad493ecba7e2c04f54d9064c3668fec489e5a2", "price_changes": [{"asset_id": "98454865528785835890045788599167077000239351581671639397727717396046966577161", "price": "0.14", "size": "333.04", "side": "BUY", "hash": "ed2fd5a277b64dc216144c776ba811df5266a11f", "best_bid": "0.58", "best_ask": "0.68"}, {"asset_id": "41880403302959455557701594420687693279759982292853098277780027130808267649257", "price": "0.86", "size": "333.04", "side": "SELL", "hash": "0d27f4b248322b1a77cf2c9fd6b7e62bb61afcb3", "best_bid": "0.32", "best_ask": "0.42"}], "timestamp": "1769384046762", "event_type": "price_change"}}
{"_local_timestamp": "2026-01-25T23:34:07.128205+00:00", "data": {"market": "0x7f30cf3ce31deb36d9c87b7ce3ad493ecba7e2c04f54d9064c3668fec489e5a2", "price_changes": [{"asset_id": "98454865528785835890045788599167077000239351581671639397727717396046966577161", "price": "0.15", "size": "400", "side": "BUY", "hash": "272ba627d16fdf30f92591f86cbeba0216692cf3", "best_bid": "0.58", "best_ask": "0.68"}, {"asset_id": "41880403302959455557701594420687693279759982292853098277780027130808267649257", "price": "0.85", "size": "400", "side": "SELL", "hash": "b880d4522d7034b3eddb4d902d31ebcf0833afee", "best_bid": "0.32", "best_ask": "0.42"}], "timestamp": "1769384047053", "event_type": "price_change"}}
{"_local_timestamp": "2026-01-25T23:34:07.128849+00:00", "data": {"market": "0x7f30cf3ce31deb36d9c87b7ce3ad493ecba7e2c04f54d9064c3668fec489e5a2", "price_changes": [{"asset_id": "98454865528785835890045788599167077000239351581671639397727717396046966577161", "price": "0.15", "size": "500", "side": "BUY", "hash": "8b2ed8f0604f61356ea966e73a0f569b173e65ea", "best_bid": "0.58", "best_ask": "0.68"}, {"asset_id": "41880403302959455557701594420687693279759982292853098277780027130808267649257", "price": "0.85", "size": "500", "side": "SELL", "hash": "328ddcdcdddab59d178a62cc1f2f59d58586415a", "best_bid": "0.32", "best_ask": "0.42"}], "timestamp": "1769384047055", "event_type": "price_change"}}
{"_local_timestamp": "2026-01-25T23:34:07.196487+00:00", "data": {"market": "0x7f30cf3ce31deb36d9c87b7ce3ad493ecba7e2c04f54d9064c3668fec489e5a2", "price_changes": [{"asset_id": "98454865528785835890045788599167077000239351581671639397727717396046966577161", "price": "0.16", "size": "200", "side": "BUY", "hash": "50dfbf9245210c542d89995e71c93fa247f87dce", "best_bid": "0.58", "best_ask": "0.68"}, {"asset_id": "41880403302959455557701594420687693279759982292853098277780027130808267649257", "price": "0.84", "size": "200", "side": "SELL", "hash": "2589607adcc8093d7da05bb29a5890a9d02e7dac", "best_bid": "0.32", "best_ask": "0.42"}], "timestamp": "1769384047120", "event_type": "price_change"}}
{"_local_timestamp": "2026-01-25T23:34:07.197187+00:00", "data": {"market": "0x7f30cf3ce31deb36d9c87b7ce3ad493ecba7e2c04f54d9064c3668fec489e5a2", "price_changes": [{"asset_id": "98454865528785835890045788599167077000239351581671639397727717396046966577161", "price": "0.15", "size": "300", "side": "BUY", "hash": "b283bc7c20d70f6c12524dca260171b756a5a4dd", "best_bid": "0.58", "best_ask": "0.68"}, {"asset_id": "41880403302959455557701594420687693279759982292853098277780027130808267649257", "price": "0.85", "size": "300", "side": "SELL", "hash": "c84f8d4fe41b79dd331547670c17a0ff62c4f769", "best_bid": "0.32", "best_ask": "0.42"}], "timestamp": "1769384047127", "event_type": "price_change"}}
{"_local_timestamp": "2026-01-25T23:34:07.261508+00:00", "data": {"market": "0x7f30cf3ce31deb36d9c87b7ce3ad493ecba7e2c04f54d9064c3668fec489e5a2", "price_changes": [{"asset_id": "98454865528785835890045788599167077000239351581671639397727717396046966577161", "price": "0.16", "size": "533.04", "side": "BUY", "hash": "6fc70894e2e3ecb5c4c561645900ea217731bf10", "best_bid": "0.58", "best_ask": "0.68"}, {"asset_id": "41880403302959455557701594420687693279759982292853098277780027130808267649257", "price": "0.84", "size": "533.04", "side": "SELL", "hash": "8a3002de00a35d571fd9bae53d44f8837f3d2846", "best_bid": "0.32", "best_ask": "0.42"}], "timestamp": "1769384047194", "event_type": "price_change"}}
{"_local_timestamp": "2026-01-25T23:34:07.828316+00:00", "data": {"market": "0x7f30cf3ce31deb36d9c87b7ce3ad493ecba7e2c04f54d9064c3668fec489e5a2", "price_changes": [{"asset_id": "98454865528785835890045788599167077000239351581671639397727717396046966577161", "price": "0.13", "size": "900", "side": "BUY", "hash": "3c1eb4c40335b5138523d026838bad9d60c5ae7a", "best_bid": "0.58", "best_ask": "0.68"}, {"asset_id": "41880403302959455557701594420687693279759982292853098277780027130808267649257", "price": "0.87", "size": "900", "side": "SELL", "hash": "ec6c4cd0036f3f87c1ee733de03543d79e52529b", "best_bid": "0.32", "best_ask": "0.42"}], "timestamp": "1769384047757", "event_type": "price_change"}}
{"_local_timestamp": "2026-01-25T23:34:08.148868+00:00", "data": {"market": "0x7f30cf3ce31deb36d9c87b7ce3ad493ecba7e2c04f54d9064c3668fec489e5a2", "price_changes": [{"asset_id": "98454865528785835890045788599167077000239351581671639397727717396046966577161", "price": "0.15", "size": "500", "side": "BUY", "hash": "0a749797dfe4692134400eb95c511f42e3042dbc", "best_bid": "0.58", "best_ask": "0.68"}, {"asset_id": "41880403302959455557701594420687693279759982292853098277780027130808267649257", "price": "0.85", "size": "500", "side": "SELL", "hash": "033c6843eaa1f92de64ab0591a20f4044f7e5821", "best_bid": "0.32", "best_ask": "0.42"}], "timestamp": "1769384048022", "event_type": "price_change"}}
{"_local_timestamp": "2026-01-25T23:34:09.191383+00:00", "data": {"market": "0x7f30cf3ce31deb36d9c87b7ce3ad493ecba7e2c04f54d9064c3668fec489e5a2", "price_changes": [{"asset_id": "98454865528785835890045788599167077000239351581671639397727717396046966577161", "price": "0.16", "size": "333.04", "side": "BUY", "hash": "e7e79ef9420472d4cc8dc1e3bb1b9ad4134723ca", "best_bid": "0.58", "best_ask": "0.68"}, {"asset_id": "41880403302959455557701594420687693279759982292853098277780027130808267649257", "price": "0.84", "size": "333.04", "side": "SELL", "hash": "ea81130bbac058dedd3dd57500452cb16045a0ba", "best_bid": "0.32", "best_ask": "0.42"}], "timestamp": "1769384049108", "event_type": "price_change"}}
{"_local_timestamp": "2026-01-25T23:34:09.191859+00:00", "data": {"market": "0x7f30cf3ce31deb36d9c87b7ce3ad493ecba7e2c04f54d9064c3668fec489e5a2", "price_changes": [{"asset_id": "98454865528785835890045788599167077000239351581671639397727717396046966577161", "price": "0.17", "size": "200", "side": "BUY", "hash": "b79131b397f902fe96e3ab43b453dfae35750be3", "best_bid": "0.58", "best_ask": "0.68"}, {"asset_id": "41880403302959455557701594420687693279759982292853098277780027130808267649257", "price": "0.83", "size": "200", "side": "SELL", "hash": "a3426ae55be1f37ca45d626f6688607cf6580c3d", "best_bid": "0.32", "best_ask": "0.42"}], "timestamp": "1769384049109", "event_type": "price_change"}}
{"_local_timestamp": "2026-01-25T23:34:17.912411+00:00", "data": {"market": "0x7f30cf3ce31deb36d9c87b7ce3ad493ecba7e2c04f54d9064c3668fec489e5a2", "price_changes": [{"asset_id": "98454865528785835890045788599167077000239351581671639397727717396046966577161", "price": "0.15", "size": "300", "side": "BUY", "hash": "2ddbde3af9dc0813bd9a8013990cc32b95dc2680", "best_bid": "0.58", "best_ask": "0.68"}, {"asset_id": "41880403302959455557701594420687693279759982292853098277780027130808267649257", "price": "0.85", "size": "300", "side": "SELL", "hash": "550da733a5ba5610c75709f85d5dda76fd776d33", "best_bid": "0.32", "best_ask": "0.42"}], "timestamp": "1769384057839", "event_type": "price_change"}}
{"_local_timestamp": "2026-01-25T23:34:18.160640+00:00", "data": {"market": "0x7f30cf3ce31deb36d9c87b7ce3ad493ecba7e2c04f54d9064c3668fec489e5a2", "price_changes": [{"asset_id": "98454865528785835890045788599167077000239351581671639397727717396046966577161", "price": "0.13", "size": "1100", "side": "BUY", "hash": "15b51dd93856459ba2766d334361a059f8521dab", "best_bid": "0.58", "best_ask": "0.68"}, {"asset_id": "41880403302959455557701594420687693279759982292853098277780027130808267649257", "price": "0.87", "size": "1100", "side": "SELL", "hash": "b502e04d3148a3ab4e99f7041619a8fe017f010e", "best_bid": "0.32", "best_ask": "0.42"}], "timestamp": "1769384058088", "event_type": "price_change"}}
{"_local_timestamp": "2026-01-25T23:34:19.212241+00:00", "data": {"market": "0x7f30cf3ce31deb36d9c87b7ce3ad493ecba7e2c04f54d9064c3668fec489e5a2", "price_changes": [{"asset_id": "98454865528785835890045788599167077000239351581671639397727717396046966577161", "price": "0.15", "size": "200", "side": "BUY", "hash": "ce1fa14ed615ffc0fe1150d231f8463faf696dff", "best_bid": "0.58", "best_ask": "0.68"}, {"asset_id": "41880403302959455557701594420687693279759982292853098277780027130808267649257", "price": "0.85", "size": "200", "side": "SELL", "hash": "7163f7e2951eafa286e5b45f974dad2cd4616fdb", "best_bid": "0.32", "best_ask": "0.42"}], "timestamp": "1769384059135", "event_type": "price_change"}}
{"_local_timestamp": "2026-01-25T23:34:28.115368+00:00", "data": {"market": "0x7f30cf3ce31deb36d9c87b7ce3ad493ecba7e2c04f54d9064c3668fec489e5a2", "price_changes": [{"asset_id": "41880403302959455557701594420687693279759982292853098277780027130808267649257", "price": "0.32", "size": "200", "side": "BUY", "hash": "cc61445f6a071b78189000819569129cf10347ea", "best_bid": "0.32", "best_ask": "0.42"}, {"asset_id": "98454865528785835890045788599167077000239351581671639397727717396046966577161", "price": "0.68", "size": "200", "side": "SELL", "hash": "d871cf6e66114da59afd11377f4300860fe240f7", "best_bid": "0.58", "best_ask": "0.68"}], "timestamp": "1769384068037", "event_type": "price_change"}}
{"_local_timestamp": "2026-01-25T23:34:28.147693+00:00", "data": {"market": "0x7f30cf3ce31deb36d9c87b7ce3ad493ecba7e2c04f54d9064c3668fec489e5a2", "price_changes": [{"asset_id": "98454865528785835890045788599167077000239351581671639397727717396046966577161", "price": "0.16", "size": "0", "side": "BUY", "hash": "3c2af46770086aa43a0043ec74feaad514ad922c", "best_bid": "0.58", "best_ask": "0.68"}, {"asset_id": "41880403302959455557701594420687693279759982292853098277780027130808267649257", "price": "0.84", "size": "0", "side": "SELL", "hash": "db456a9b5fe2d893100e1c32a96f85fe334b1293", "best_bid": "0.32", "best_ask": "0.42"}], "timestamp": "1769384068076", "event_type": "price_change"}}
{"_local_timestamp": "2026-01-25T23:34:28.196475+00:00", "data": {"market": "0x7f30cf3ce31deb36d9c87b7ce3ad493ecba7e2c04f54d9064c3668fec489e5a2", "price_changes": [{"asset_id": "41880403302959455557701594420687693279759982292853098277780027130808267649257", "price": "0.32", "size": "0", "side": "BUY", "hash": "764bf7dcc93e4c937979d13ff5160c2a5713f256", "best_bid": "0.3", "best_ask": "0.42"}, {"asset_id": "98454865528785835890045788599167077000239351581671639397727717396046966577161", "price": "0.68", "size": "0", "side": "SELL", "hash": "897d88007365ce4bff97b3726a2b1f45b91382a2", "best_bid": "0.58", "best_ask": "0.7"}], "timestamp": "1769384068099", "event_type": "price_change"}}
{"_local_timestamp": "2026-01-25T23:34:28.203274+00:00", "data": {"market": "0x7f30cf3ce31deb36d9c87b7ce3ad493ecba7e2c04f54d9064c3668fec489e5a2", "price_changes": [{"asset_id": "98454865528785835890045788599167077000239351581671639397727717396046966577161", "price": "0.13", "size": "900", "side": "BUY", "hash": "1053b706b05d7ee754c769e2938596e47d108931", "best_bid": "0.58", "best_ask": "0.7"}, {"asset_id": "41880403302959455557701594420687693279759982292853098277780027130808267649257", "price": "0.87", "size": "900", "side": "SELL", "hash": "97c4f63f8ff02c8e129b6b3bd1a3712e5d422176", "best_bid": "0.3", "best_ask": "0.42"}], "timestamp": "1769384068106", "event_type": "price_change"}}
{"_local_timestamp": "2026-01-25T23:34:28.218435+00:00", "data": {"market": "0x7f30cf3ce31deb36d9c87b7ce3ad493ecba7e2c04f54d9064c3668fec489e5a2", "price_changes": [{"asset_id": "41880403302959455557701594420687693279759982292853098277780027130808267649257", "price": "0.31", "size": "200", "side": "BUY", "hash": "66138aa24e0d3dcff2a9a85099554ec6c900523d", "best_bid": "0.31", "best_ask": "0.42"}, {"asset_id": "98454865528785835890045788599167077000239351581671639397727717396046966577161", "price": "0.69", "size": "200", "side": "SELL", "hash": "2d9413be60bc497d51160ea432b1a2f94cf10727", "best_bid": "0.58", "best_ask": "0.69"}], "timestamp": "1769384068133", "event_type": "price_change"}}
{"_local_timestamp": "2026-01-25T23:34:28.219467+00:00", "data": {"market": "0x7f30cf3ce31deb36d9c87b7ce3ad493ecba7e2c04f54d9064c3668fec489e5a2", "price_changes": [{"asset_id": "98454865528785835890045788599167077000239351581671639397727717396046966577161", "price": "0.14", "size": "533.04", "side": "BUY", "hash": "94a1b2266cc34e06cc1160152c396c7d03b356ce", "best_bid": "0.58", "best_ask": "0.69"}, {"asset_id": "41880403302959455557701594420687693279759982292853098277780027130808267649257", "price": "0.86", "size": "533.04", "side": "SELL", "hash": "f8f94c0ef2828c2f4c5657fdd8a954428a30b40b", "best_bid": "0.31", "best_ask": "0.42"}], "timestamp": "1769384068139", "event_type": "price_change"}}
{"_local_timestamp": "2026-01-25T23:34:30.022724+00:00", "data": {"market": "0x7f30cf3ce31deb36d9c87b7ce3ad493ecba7e2c04f54d9064c3668fec489e5a2", "price_changes": [{"asset_id": "98454865528785835890045788599167077000239351581671639397727717396046966577161", "price": "0.15", "size": "0", "side": "BUY", "hash": "cb3231b9d33ddc4dde9482e4885858e4eeaee663", "best_bid": "0.58", "best_ask": "0.69"}, {"asset_id": "41880403302959455557701594420687693279759982292853098277780027130808267649257", "price": "0.85", "size": "0", "side": "SELL", "hash": "d50a729ab86e3eb6d38c24a72e0f8ac10e0bc0bc", "best_bid": "0.31", "best_ask": "0.42"}], "timestamp": "1769384069837", "event_type": "price_change"}}
{"_local_timestamp": "2026-01-25T23:34:30.233692+00:00", "data": {"market": "0x7f30cf3ce31deb36d9c87b7ce3ad493ecba7e2c04f54d9064c3668fec489e5a2", "price_changes": [{"asset_id": "98454865528785835890045788599167077000239351581671639397727717396046966577161", "price": "0.15", "size": "200", "side": "BUY", "hash": "ab91db5bdd5278504acc3f29f3c36e81a95dabcf", "best_bid": "0.58", "best_ask": "0.69"}, {"asset_id": "41880403302959455557701594420687693279759982292853098277780027130808267649257", "price": "0.85", "size": "200", "side": "SELL", "hash": "671174875ff06cf82b2bda5de7604b79a1bf0885", "best_bid": "0.31", "best_ask": "0.42"}], "timestamp": "1769384070076", "event_type": "price_change"}}
{"_local_timestamp": "2026-01-25T23:34:30.250512+00:00", "data": {"market": "0x7f30cf3ce31deb36d9c87b7ce3ad493ecba7e2c04f54d9064c3668fec489e5a2", "price_changes": [{"asset_id": "98454865528785835890045788599167077000239351581671639397727717396046966577161", "price": "0.17", "size": "0", "side": "BUY", "hash": "f9b8975f3420a78c4b9e3030175977b4c0aa4efc", "best_bid": "0.58", "best_ask": "0.69"}, {"asset_id": "41880403302959455557701594420687693279759982292853098277780027130808267649257", "price": "0.83", "size": "0", "side": "SELL", "hash": "c0df0aac3ae1837dca10ebe6c08add47fa1dbc53", "best_bid": "0.31", "best_ask": "0.42"}], "timestamp": "1769384070090", "event_type": "price_change"}}
{"_local_timestamp": "2026-01-25T23:34:30.290174+00:00", "data": {"market": "0x7f30cf3ce31deb36d9c87b7ce3ad493ecba7e2c04f54d9064c3668fec489e5a2", "price_changes": [{"asset_id": "98454865528785835890045788599167077000239351581671639397727717396046966577161", "price": "0.16", "size": "200", "side": "BUY", "hash": "e4405ee202467add1b032ce99ff4a384024a8a0e", "best_bid": "0.58", "best_ask": "0.69"}, {"asset_id": "41880403302959455557701594420687693279759982292853098277780027130808267649257", "price": "0.84", "size": "200", "side": "SELL", "hash": "ed23a2b95420cfdd860891662b0073c05e0a89fe", "best_bid": "0.31", "best_ask": "0.42"}], "timestamp": "1769384070115", "event_type": "price_change"}}
{"_local_timestamp": "2026-01-25T23:34:32.185292+00:00", "data": {"market": "0x7f30cf3ce31deb36d9c87b7ce3ad493ecba7e2c04f54d9064c3668fec489e5a2", "price_changes": [{"asset_id": "98454865528785835890045788599167077000239351581671639397727717396046966577161", "price": "0.17", "size": "200", "side": "BUY", "hash": "f35db4af078d873e839e5b635b83d40980fe5ad0", "best_bid": "0.58", "best_ask": "0.69"}, {"asset_id": "41880403302959455557701594420687693279759982292853098277780027130808267649257", "price": "0.83", "size": "200", "side": "SELL", "hash": "edc1bad9d88e9c71223edaf6297050e4a87b1972", "best_bid": "0.31", "best_ask": "0.42"}], "timestamp": "1769384072082", "event_type": "price_change"}}
{"_local_timestamp": "2026-01-25T23:34:32.198698+00:00", "data": {"market": "0x7f30cf3ce31deb36d9c87b7ce3ad493ecba7e2c04f54d9064c3668fec489e5a2", "price_changes": [{"asset_id": "98454865528785835890045788599167077000239351581671639397727717396046966577161", "price": "0.15", "size": "0", "side": "BUY", "hash": "9b2a195a9f8330e364c8d375257b2b7ddb8a3a1e", "best_bid": "0.58", "best_ask": "0.69"}, {"asset_id": "41880403302959455557701594420687693279759982292853098277780027130808267649257", "price": "0.85", "size": "0", "side": "SELL", "hash": "066a189c31663a62678e9398b293b0e091c238b1", "best_bid": "0.31", "best_ask": "0.42"}], "timestamp": "1769384072082", "event_type": "price_change"}}
{"_local_timestamp": "2026-01-25T23:34:39.060323+00:00", "data": {"market": "0x7f30cf3ce31deb36d9c87b7ce3ad493ecba7e2c04f54d9064c3668fec489e5a2", "price_changes": [{"asset_id": "41880403302959455557701594420687693279759982292853098277780027130808267649257", "price": "0.02", "size": "2500", "side": "BUY", "hash": "8989afc12b4ddccf8aae1db3121870601f4e0311", "best_bid": "0.31", "best_ask": "0.42"}, {"asset_id": "98454865528785835890045788599167077000239351581671639397727717396046966577161", "price": "0.98", "size": "2500", "side": "SELL", "hash": "18483ab49d90246bb709fcbb36c45b3704bcbdc4", "best_bid": "0.58", "best_ask": "0.69"}], "timestamp": "1769384078974", "event_type": "price_change"}}
{"_local_timestamp": "2026-01-25T23:34:40.573778+00:00", "data": {"market": "0x7f30cf3ce31deb36d9c87b7ce3ad493ecba7e2c04f54d9064c3668fec489e5a2", "price_changes": [{"asset_id": "41880403302959455557701594420687693279759982292853098277780027130808267649257", "price": "0.32", "size": "300", "side": "BUY", "hash": "7d09ec7b947025fb67e08b00a8b05b801d950be0", "best_bid": "0.32", "best_ask": "0.42"}, {"asset_id": "98454865528785835890045788599167077000239351581671639397727717396046966577161", "price": "0.68", "size": "300", "side": "SELL", "hash": "ae612b942e0aaef68b6ad655cc73b8aed0ab6b71", "best_bid": "0.58", "best_ask": "0.68"}], "timestamp": "1769384080368", "event_type": "price_change"}}
{"_local_timestamp": "2026-01-25T23:34:40.706695+00:00", "data": {"market": "0x7f30cf3ce31deb36d9c87b7ce3ad493ecba7e2c04f54d9064c3668fec489e5a2", "price_changes": [{"asset_id": "41880403302959455557701594420687693279759982292853098277780027130808267649257", "price": "0.32", "size": "500", "side": "BUY", "hash": "850dcbfed01a63ec2720511e27aaacd1a5910314", "best_bid": "0.32", "best_ask": "0.42"}, {"asset_id": "98454865528785835890045788599167077000239351581671639397727717396046966577161", "price": "0.68", "size": "500", "side": "SELL", "hash": "571eaf064607ea13f79f88d4b11675116d777dc6", "best_bid": "0.58", "best_ask": "0.68"}], "timestamp": "1769384080576", "event_type": "price_change"}}
{"_local_timestamp": "2026-01-25T23:34:40.707183+00:00", "data": {"market": "0x7f30cf3ce31deb36d9c87b7ce3ad493ecba7e2c04f54d9064c3668fec489e5a2", "price_changes": [{"asset_id": "98454865528785835890045788599167077000239351581671639397727717396046966577161", "price": "0.13", "size": "1100", "side": "BUY", "hash": "a3c2dc53d30f25ac5c60e318763b98ec345a0002", "best_bid": "0.58", "best_ask": "0.68"}, {"asset_id": "41880403302959455557701594420687693279759982292853098277780027130808267649257", "price": "0.87", "size": "1100", "side": "SELL", "hash": "0a6ce344c8177dd7a8c8c3dfe5e23b0a8c22ac6d", "best_bid": "0.32", "best_ask": "0.42"}], "timestamp": "1769384080577", "event_type": "price_change"}}
{"_local_timestamp": "2026-01-25T23:34:40.711194+00:00", "data": {"market": "0x7f30cf3ce31deb36d9c87b7ce3ad493ecba7e2c04f54d9064c3668fec489e5a2", "price_changes": [{"asset_id": "41880403302959455557701594420687693279759982292853098277780027130808267649257", "price": "0.31", "size": "0", "side": "BUY", "hash": "7933da25c7fb2892b0b530fdd6d4ef28f76e701b", "best_bid": "0.32", "best_ask": "0.42"}, {"asset_id": "98454865528785835890045788599167077000239351581671639397727717396046966577161", "price": "0.69", "size": "0", "side": "SELL", "hash": "0e0c6e37d9de435eb260413461159052bbfdc09a", "best_bid": "0.58", "best_ask": "0.68"}], "timestamp": "1769384080581", "event_type": "price_change"}}
{"_local_timestamp": "2026-01-25T23:34:40.711631+00:00", "data": {"market": "0x7f30cf3ce31deb36d9c87b7ce3ad493ecba7e2c04f54d9064c3668fec489e5a2", "price_changes": [{"asset_id": "98454865528785835890045788599167077000239351581671639397727717396046966577161", "price": "0.14", "size": "333.04", "side": "BUY", "hash": "11b14b3a2386fa72f8adfd2dc99405f774d6c092", "best_bid": "0.58", "best_ask": "0.68"}, {"asset_id": "41880403302959455557701594420687693279759982292853098277780027130808267649257", "price": "0.86", "size": "333.04", "side": "SELL", "hash": "47d355b41ed9c0d314018526b17610700993edad", "best_bid": "0.32", "best_ask": "0.42"}], "timestamp": "1769384080581", "event_type": "price_change"}}
{"_local_timestamp": "2026-01-25T23:34:42.912601+00:00", "data": {"market": "0x7f30cf3ce31deb36d9c87b7ce3ad493ecba7e2c04f54d9064c3668fec489e5a2", "price_changes": [{"asset_id": "41880403302959455557701594420687693279759982292853098277780027130808267649257", "price": "0.02", "size": "2200", "side": "BUY", "hash": "5ac85fff923e812df9195b5cf4dc0b13c6bf91b5", "best_bid": "0.32", "best_ask": "0.42"}, {"asset_id": "98454865528785835890045788599167077000239351581671639397727717396046966577161", "price": "0.98", "size": "2200", "side": "SELL", "hash": "dd5ff397dee816b3b10e0b2de60d8fffb52d3e0b", "best_bid": "0.58", "best_ask": "0.68"}], "timestamp": "1769384082842", "event_type": "price_change"}}
{"_local_timestamp": "2026-01-25T23:34:50.080914+00:00", "data": {"market": "0x7f30cf3ce31deb36d9c87b7ce3ad493ecba7e2c04f54d9064c3668fec489e5a2", "price_changes": [{"asset_id": "41880403302959455557701594420687693279759982292853098277780027130808267649257", "price": "0.02", "size": "2400", "side": "BUY", "hash": "fb6b268a69a92e97155a0c59293e7187f3bf8c03", "best_bid": "0.32", "best_ask": "0.42"}, {"asset_id": "98454865528785835890045788599167077000239351581671639397727717396046966577161", "price": "0.98", "size": "2400", "side": "SELL", "hash": "e6495985313c9bc96ef4be9fb4b6dc74e5ceb5c5", "best_bid": "0.58", "best_ask": "0.68"}], "timestamp": "1769384090011", "event_type": "price_change"}}
{"_local_timestamp": "2026-01-25T23:34:50.266253+00:00", "data": {"market": "0x7f30cf3ce31deb36d9c87b7ce3ad493ecba7e2c04f54d9064c3668fec489e5a2", "price_changes": [{"asset_id": "41880403302959455557701594420687693279759982292853098277780027130808267649257", "price": "0.02", "size": "2000", "side": "BUY", "hash": "8c0bd94c9a42f0610dabff4073dd0b6c4b70c0a7", "best_bid": "0.32", "best_ask": "0.42"}, {"asset_id": "98454865528785835890045788599167077000239351581671639397727717396046966577161", "price": "0.98", "size": "2000", "side": "SELL", "hash": "b8c7fb95cbba491cd0aed01a828ea6d82a225a30", "best_bid": "0.58", "best_ask": "0.68"}], "timestamp": "1769384090195", "event_type": "price_change"}}
{"_local_timestamp": "2026-01-25T23:34:50.731473+00:00", "data": {"market": "0x7f30cf3ce31deb36d9c87b7ce3ad493ecba7e2c04f54d9064c3668fec489e5a2", "price_changes": [{"asset_id": "98454865528785835890045788599167077000239351581671639397727717396046966577161", "price": "0.16", "size": "0", "side": "BUY", "hash": "b3bb68e207236cb94be95d26ab4332d80368e070", "best_bid": "0.58", "best_ask": "0.68"}, {"asset_id": "41880403302959455557701594420687693279759982292853098277780027130808267649257", "price": "0.84", "size": "0", "side": "SELL", "hash": "13c6a104619445e5eacb6298541b15c0c1e5ab8d", "best_bid": "0.32", "best_ask": "0.42"}], "timestamp": "1769384090657", "event_type": "price_change"}}
{"_local_timestamp": "2026-01-25T23:34:50.798317+00:00", "data": {"market": "0x7f30cf3ce31deb36d9c87b7ce3ad493ecba7e2c04f54d9064c3668fec489e5a2", "price_changes": [{"asset_id": "98454865528785835890045788599167077000239351581671639397727717396046966577161", "price": "0.17", "size": "0", "side": "BUY", "hash": "1fe57597c8805e16df249cedf78b9ec8801e813f", "best_bid": "0.58", "best_ask": "0.68"}, {"asset_id": "41880403302959455557701594420687693279759982292853098277780027130808267649257", "price": "0.83", "size": "0", "side": "SELL", "hash": "193cbffffaa4b11d03fcc044ef1e3f8de80882ef", "best_bid": "0.32", "best_ask": "0.42"}], "timestamp": "1769384090698", "event_type": "price_change"}}
{"_local_timestamp": "2026-01-25T23:34:50.799005+00:00", "data": {"market": "0x7f30cf3ce31deb36d9c87b7ce3ad493ecba7e2c04f54d9064c3668fec489e5a2", "price_changes": [{"asset_id": "98454865528785835890045788599167077000239351581671639397727717396046966577161", "price": "0.15", "size": "200", "side": "BUY", "hash": "49c64b8ba3b0ad312caade58287099b6a70bcc8c", "best_bid": "0.58", "best_ask": "0.68"}, {"asset_id": "41880403302959455557701594420687693279759982292853098277780027130808267649257", "price": "0.85", "size": "200", "side": "SELL", "hash": "a6fa70323671c29262d4d081ead3945424927676", "best_bid": "0.32", "best_ask": "0.42"}], "timestamp": "1769384090700", "event_type": "price_change"}}
{"_local_timestamp": "2026-01-25T23:34:51.368941+00:00", "data": {"market": "0x7f30cf3ce31deb36d9c87b7ce3ad493ecba7e2c04f54d9064c3668fec489e5a2", "price_changes": [{"asset_id": "98454865528785835890045788599167077000239351581671639397727717396046966577161", "price": "0.14", "size": "533.04", "side": "BUY", "hash": "4337705def8cbd269aba815974610dc4f5f17650", "best_bid": "0.58", "best_ask": "0.68"}, {"asset_id": "41880403302959455557701594420687693279759982292853098277780027130808267649257", "price": "0.86", "size": "533.04", "side": "SELL", "hash": "f4a6d31144f3ca7b0913fe30ebbbfa6721bd72e4", "best_bid": "0.32", "best_ask": "0.42"}], "timestamp": "1769384090940", "event_type": "price_change"}}
{"_local_timestamp": "2026-01-25T23:34:54.916797+00:00", "data": {"market": "0x7f30cf3ce31deb36d9c87b7ce3ad493ecba7e2c04f54d9064c3668fec489e5a2", "price_changes": [{"asset_id": "41880403302959455557701594420687693279759982292853098277780027130808267649257", "price": "0.02", "size": "2300", "side": "BUY", "hash": "41c6c259c11c648cbfabd9d8206b7465698f75e9", "best_bid": "0.32", "best_ask": "0.42"}, {"asset_id": "98454865528785835890045788599167077000239351581671639397727717396046966577161", "price": "0.98", "size": "2300", "side": "SELL", "hash": "8e07396ed57f5ecbe53eed60f396c6318b017139", "best_bid": "0.58", "best_ask": "0.68"}], "timestamp": "1769384094849", "event_type": "price_change"}}
{"_local_timestamp": "2026-01-25T23:34:54.950564+00:00", "data": {"market": "0x7f30cf3ce31deb36d9c87b7ce3ad493ecba7e2c04f54d9064c3668fec489e5a2", "price_changes": [{"asset_id": "98454865528785835890045788599167077000239351581671639397727717396046966577161", "price": "0.01", "size": "11766.44", "side": "BUY", "hash": "937bd144831c66634f7883dacddaf624e6ffabb9", "best_bid": "0.58", "best_ask": "0.68"}, {"asset_id": "41880403302959455557701594420687693279759982292853098277780027130808267649257", "price": "0.99", "size": "11766.44", "side": "SELL", "hash": "f861423ad7043c1ab34810fb899e567eb8368df6", "best_bid": "0.32", "best_ask": "0.42"}], "timestamp": "1769384094883", "event_type": "price_change"}}
{"_local_timestamp": "2026-01-25T23:34:54.954285+00:00", "data": {"market": "0x7f30cf3ce31deb36d9c87b7ce3ad493ecba7e2c04f54d9064c3668fec489e5a2", "price_changes": [{"asset_id": "98454865528785835890045788599167077000239351581671639397727717396046966577161", "price": "0.58", "size": "75", "side": "BUY", "hash": "937bd144831c66634f7883dacddaf624e6ffabb9", "best_bid": "0.58", "best_ask": "0.68"}, {"asset_id": "41880403302959455557701594420687693279759982292853098277780027130808267649257", "price": "0.42", "size": "75", "side": "SELL", "hash": "f861423ad7043c1ab34810fb899e567eb8368df6", "best_bid": "0.32", "best_ask": "0.42"}], "timestamp": "1769384094883", "event_type": "price_change"}}
{"_local_timestamp": "2026-01-25T23:34:54.955074+00:00", "data": {"market": "0x7f30cf3ce31deb36d9c87b7ce3ad493ecba7e2c04f54d9064c3668fec489e5a2", "price_changes": [{"asset_id": "98454865528785835890045788599167077000239351581671639397727717396046966577161", "price": "0.13", "size": "900", "side": "BUY", "hash": "937bd144831c66634f7883dacddaf624e6ffabb9", "best_bid": "0.58", "best_ask": "0.68"}, {"asset_id": "41880403302959455557701594420687693279759982292853098277780027130808267649257", "price": "0.87", "size": "900", "side": "SELL", "hash": "f861423ad7043c1ab34810fb899e567eb8368df6", "best_bid": "0.32", "best_ask": "0.42"}], "timestamp": "1769384094883", "event_type": "price_change"}}
{"_local_timestamp": "2026-01-25T23:34:54.955508+00:00", "data": {"market": "0x7f30cf3ce31deb36d9c87b7ce3ad493ecba7e2c04f54d9064c3668fec489e5a2", "price_changes": [{"asset_id": "98454865528785835890045788599167077000239351581671639397727717396046966577161", "price": "0.15", "size": "0", "side": "BUY", "hash": "937bd144831c66634f7883dacddaf624e6ffabb9", "best_bid": "0.58", "best_ask": "0.68"}, {"asset_id": "41880403302959455557701594420687693279759982292853098277780027130808267649257", "price": "0.85", "size": "0", "side": "SELL", "hash": "f861423ad7043c1ab34810fb899e567eb8368df6", "best_bid": "0.32", "best_ask": "0.42"}], "timestamp": "1769384094883", "event_type": "price_change"}}
{"_local_timestamp": "2026-01-25T23:34:54.955918+00:00", "data": {"market": "0x7f30cf3ce31deb36d9c87b7ce3ad493ecba7e2c04f54d9064c3668fec489e5a2", "price_changes": [{"asset_id": "41880403302959455557701594420687693279759982292853098277780027130808267649257", "price": "0.01", "size": "11766.44", "side": "BUY", "hash": "67553239b8103baa51f6614dfc137ca7a91b7ab5", "best_bid": "0.32", "best_ask": "0.42"}, {"asset_id": "98454865528785835890045788599167077000239351581671639397727717396046966577161", "price": "0.99", "size": "11766.44", "side": "SELL", "hash": "156d5f3897b32e21bbba32b1690536f2edf4dfb0", "best_bid": "0.58", "best_ask": "0.68"}], "timestamp": "1769384094883", "event_type": "price_change"}}
{"_local_timestamp": "2026-01-25T23:34:54.956289+00:00", "data": {"market": "0x7f30cf3ce31deb36d9c87b7ce3ad493ecba7e2c04f54d9064c3668fec489e5a2", "price_changes": [{"asset_id": "41880403302959455557701594420687693279759982292853098277780027130808267649257", "price": "0.08", "size": "100", "side": "BUY", "hash": "67553239b8103baa51f6614dfc137ca7a91b7ab5", "best_bid": "0.32", "best_ask": "0.42"}, {"asset_id": "98454865528785835890045788599167077000239351581671639397727717396046966577161", "price": "0.92", "size": "100", "side": "SELL", "hash": "156d5f3897b32e21bbba32b1690536f2edf4dfb0", "best_bid": "0.58", "best_ask": "0.68"}], "timestamp": "1769384094883", "event_type": "price_change"}}
{"_local_timestamp": "2026-01-25T23:34:54.956942+00:00", "data": {"market": "0x7f30cf3ce31deb36d9c87b7ce3ad493ecba7e2c04f54d9064c3668fec489e5a2", "price_changes": [{"asset_id": "41880403302959455557701594420687693279759982292853098277780027130808267649257", "price": "0.32", "size": "300", "side": "BUY", "hash": "67553239b8103baa51f6614dfc137ca7a91b7ab5", "best_bid": "0.32", "best_ask": "0.42"}, {"asset_id": "98454865528785835890045788599167077000239351581671639397727717396046966577161", "price": "0.68", "size": "300", "side": "SELL", "hash": "156d5f3897b32e21bbba32b1690536f2edf4dfb0", "best_bid": "0.58", "best_ask": "0.68"}], "timestamp": "1769384094883", "event_type": "price_change"}}
{"_local_timestamp": "2026-01-25T23:34:56.558266+00:00", "data": {"market": "0x7f30cf3ce31deb36d9c87b7ce3ad493ecba7e2c04f54d9064c3668fec489e5a2", "price_changes": [{"asset_id": "41880403302959455557701594420687693279759982292853098277780027130808267649257", "price": "0.02", "size": "1900", "side": "BUY", "hash": "e674037573d18fbf8102d957a09ec311a64e8ca7", "best_bid": "0.32", "best_ask": "0.42"}, {"asset_id": "98454865528785835890045788599167077000239351581671639397727717396046966577161", "price": "0.98", "size": "1900", "side": "SELL", "hash": "c83df8f0ae0a0da4dca49298415338bbd8e57cc0", "best_bid": "0.58", "best_ask": "0.68"}], "timestamp": "1769384096483", "event_type": "price_change"}}
{"_local_timestamp": "2026-01-25T23:35:01.326382+00:00", "data": {"market": "0x7f30cf3ce31deb36d9c87b7ce3ad493ecba7e2c04f54d9064c3668fec489e5a2", "price_changes": [{"asset_id": "98454865528785835890045788599167077000239351581671639397727717396046966577161", "price": "0.13", "size": "700", "side": "BUY", "hash": "74082a663df06554f24155ff3b8be3082cf5e6e8", "best_bid": "0.58", "best_ask": "0.68"}, {"asset_id": "41880403302959455557701594420687693279759982292853098277780027130808267649257", "price": "0.87", "size": "700", "side": "SELL", "hash": "a54330e418acfed23e0c1419b88c62d59a0ffe61", "best_bid": "0.32", "best_ask": "0.42"}], "timestamp": "1769384101250", "event_type": "price_change"}}
{"_local_timestamp": "2026-01-25T23:35:01.590920+00:00", "data": {"market": "0x7f30cf3ce31deb36d9c87b7ce3ad493ecba7e2c04f54d9064c3668fec489e5a2", "price_changes": [{"asset_id": "98454865528785835890045788599167077000239351581671639397727717396046966577161", "price": "0.14", "size": "733.04", "side": "BUY", "hash": "fddf0cf5011c7f0c5cda5dd2cc6c5868170023f0", "best_bid": "0.58", "best_ask": "0.68"}, {"asset_id": "41880403302959455557701594420687693279759982292853098277780027130808267649257", "price": "0.86", "size": "733.04", "side": "SELL", "hash": "86db74213139a2951cb668b9f88f4df1664a2fcc", "best_bid": "0.32", "best_ask": "0.42"}], "timestamp": "1769384101512", "event_type": "price_change"}}
{"_local_timestamp": "2026-01-25T23:35:01.709096+00:00", "data": {"market": "0x7f30cf3ce31deb36d9c87b7ce3ad493ecba7e2c04f54d9064c3668fec489e5a2", "price_changes": [{"asset_id": "98454865528785835890045788599167077000239351581671639397727717396046966577161", "price": "0.15", "size": "333.04", "side": "BUY", "hash": "ad25e13cc6b2577dd218e3b1625a206e4820b514", "best_bid": "0.58", "best_ask": "0.68"}, {"asset_id": "41880403302959455557701594420687693279759982292853098277780027130808267649257", "price": "0.85", "size": "333.04", "side": "SELL", "hash": "9206001331286ede2cf4544965be6d330f6caf56", "best_bid": "0.32", "best_ask": "0.42"}], "timestamp": "1769384101642", "event_type": "price_change"}}
{"_local_timestamp": "2026-01-25T23:35:01.800928+00:00", "data": {"market": "0x7f30cf3ce31deb36d9c87b7ce3ad493ecba7e2c04f54d9064c3668fec489e5a2", "price_changes": [{"asset_id": "41880403302959455557701594420687693279759982292853098277780027130808267649257", "price": "0.02", "size": "1500", "side": "BUY", "hash": "a5fed2df79e5653c0e7a0b69e614c9cdd7d57520", "best_bid": "0.32", "best_ask": "0.42"}, {"asset_id": "98454865528785835890045788599167077000239351581671639397727717396046966577161", "price": "0.98", "size": "1500", "side": "SELL", "hash": "8c5608f4c8754d9da3ffddf4c0b4153b319e83a8", "best_bid": "0.58", "best_ask": "0.68"}], "timestamp": "1769384101732", "event_type": "price_change"}}
{"_local_timestamp": "2026-01-25T23:35:06.834173+00:00", "data": {"market": "0x7f30cf3ce31deb36d9c87b7ce3ad493ecba7e2c04f54d9064c3668fec489e5a2", "price_changes": [{"asset_id": "41880403302959455557701594420687693279759982292853098277780027130808267649257", "price": "0.08", "size": "0", "side": "BUY", "hash": "856f7b390b123211539bb8ba584751f5c51732b5", "best_bid": "0.32", "best_ask": "0.42"}, {"asset_id": "98454865528785835890045788599167077000239351581671639397727717396046966577161", "price": "0.92", "size": "0", "side": "SELL", "hash": "2f73761a1c5cd4ac4f2579eebd78b98d202aa8f6", "best_bid": "0.58", "best_ask": "0.68"}], "timestamp": "1769384106760", "event_type": "price_change"}}
{"_local_timestamp": "2026-01-25T23:35:06.834801+00:00", "data": {"market": "0x7f30cf3ce31deb36d9c87b7ce3ad493ecba7e2c04f54d9064c3668fec489e5a2", "price_changes": [{"asset_id": "41880403302959455557701594420687693279759982292853098277780027130808267649257", "price": "0.02", "size": "1200", "side": "BUY", "hash": "856f7b390b123211539bb8ba584751f5c51732b5", "best_bid": "0.32", "best_ask": "0.42"}, {"asset_id": "98454865528785835890045788599167077000239351581671639397727717396046966577161", "price": "0.98", "size": "1200", "side": "SELL", "hash": "2f73761a1c5cd4ac4f2579eebd78b98d202aa8f6", "best_bid": "0.58", "best_ask": "0.68"}], "timestamp": "1769384106760", "event_type": "price_change"}}
{"_local_timestamp": "2026-01-25T23:35:06.888794+00:00", "data": {"market": "0x7f30cf3ce31deb36d9c87b7ce3ad493ecba7e2c04f54d9064c3668fec489e5a2", "price_changes": [{"asset_id": "98454865528785835890045788599167077000239351581671639397727717396046966577161", "price": "0.14", "size": "400", "side": "BUY", "hash": "80b40e55c1e7c75e8d63231ba37f3b00e5959766", "best_bid": "0.58", "best_ask": "0.68"}, {"asset_id": "41880403302959455557701594420687693279759982292853098277780027130808267649257", "price": "0.86", "size": "400", "side": "SELL", "hash": "23ddc472a9e86028974e5948cfafea6e1f3f4222", "best_bid": "0.32", "best_ask": "0.42"}], "timestamp": "1769384106818", "event_type": "price_change"}}
{"_local_timestamp": "2026-01-25T23:35:07.061871+00:00", "data": {"market": "0x7f30cf3ce31deb36d9c87b7ce3ad493ecba7e2c04f54d9064c3668fec489e5a2", "price_changes": [{"asset_id": "98454865528785835890045788599167077000239351581671639397727717396046966577161", "price": "0.14", "size": "500", "side": "BUY", "hash": "d6a29d88efa8dde7ab7ebb9c02ed4cd32aaf79c1", "best_bid": "0.58", "best_ask": "0.68"}, {"asset_id": "41880403302959455557701594420687693279759982292853098277780027130808267649257", "price": "0.86", "size": "500", "side": "SELL", "hash": "d8f4fe8d77d0d9db0854dbe262072f4e41bbda3c", "best_bid": "0.32", "best_ask": "0.42"}], "timestamp": "1769384106993", "event_type": "price_change"}}
{"_local_timestamp": "2026-01-25T23:35:07.069280+00:00", "data": {"market": "0x7f30cf3ce31deb36d9c87b7ce3ad493ecba7e2c04f54d9064c3668fec489e5a2", "price_changes": [{"asset_id": "41880403302959455557701594420687693279759982292853098277780027130808267649257", "price": "0.03", "size": "633.04", "side": "BUY", "hash": "f06acd8e78a79940b0d01ae70e8c2a70bf35cd2d", "best_bid": "0.32", "best_ask": "0.42"}, {"asset_id": "98454865528785835890045788599167077000239351581671639397727717396046966577161", "price": "0.97", "size": "633.04", "side": "SELL", "hash": "41d07dda8900585be989d064df1d47a222878c25", "best_bid": "0.58", "best_ask": "0.68"}], "timestamp": "1769384106994", "event_type": "price_change"}}
{"_local_timestamp": "2026-01-25T23:35:07.650434+00:00", "data": {"market": "0x7f30cf3ce31deb36d9c87b7ce3ad493ecba7e2c04f54d9064c3668fec489e5a2", "price_changes": [{"asset_id": "41880403302959455557701594420687693279759982292853098277780027130808267649257", "price": "0.32", "size": "500", "side": "BUY", "hash": "78592ab0de8485cbc9a8895f4faff49c11f6b374", "best_bid": "0.32", "best_ask": "0.42"}, {"asset_id": "98454865528785835890045788599167077000239351581671639397727717396046966577161", "price": "0.68", "size": "500", "side": "SELL", "hash": "c345fc8e338ce5a197072d32049a782f3db68e0f", "best_bid": "0.58", "best_ask": "0.68"}], "timestamp": "1769384107581", "event_type": "price_change"}}
{"_local_timestamp": "2026-01-25T23:35:07.651046+00:00", "data": {"market": "0x7f30cf3ce31deb36d9c87b7ce3ad493ecba7e2c04f54d9064c3668fec489e5a2", "price_changes": [{"asset_id": "98454865528785835890045788599167077000239351581671639397727717396046966577161", "price": "0.01", "size": "11966.44", "side": "BUY", "hash": "0964eb1e7af046954ffb5bf3b66247be493d0b55", "best_bid": "0.58", "best_ask": "0.68"}, {"asset_id": "41880403302959455557701594420687693279759982292853098277780027130808267649257", "price": "0.99", "size": "11966.44", "side": "SELL", "hash": "bac4148cb8dcecac158d1d9b138c62a477290d39", "best_bid": "0.32", "best_ask": "0.42"}], "timestamp": "1769384107582", "event_type": "price_change"}}
{"_local_timestamp": "2026-01-25T23:35:07.651451+00:00", "data": {"market": "0x7f30cf3ce31deb36d9c87b7ce3ad493ecba7e2c04f54d9064c3668fec489e5a2", "price_changes": [{"asset_id": "98454865528785835890045788599167077000239351581671639397727717396046966577161", "price": "0.58", "size": "275", "side": "BUY", "hash": "496241a16fa22f61f7d8417c3468bbe6a34d8798", "best_bid": "0.58", "best_ask": "0.68"}, {"asset_id": "41880403302959455557701594420687693279759982292853098277780027130808267649257", "price": "0.42", "size": "275", "side": "SELL", "hash": "b99e09dd7a2b3e05fb845e3a5ec22899ed2505da", "best_bid": "0.32", "best_ask": "0.42"}], "timestamp": "1769384107582", "event_type": "price_change"}}
{"_local_timestamp": "2026-01-25T23:35:07.651902+00:00", "data": {"market": "0x7f30cf3ce31deb36d9c87b7ce3ad493ecba7e2c04f54d9064c3668fec489e5a2", "price_changes": [{"asset_id": "98454865528785835890045788599167077000239351581671639397727717396046966577161", "price": "0.13", "size": "900", "side": "BUY", "hash": "f4aacac105ccb95e8f3ea22174ac7d3b15d334d3", "best_bid": "0.58", "best_ask": "0.68"}, {"asset_id": "41880403302959455557701594420687693279759982292853098277780027130808267649257", "price": "0.87", "size": "900", "side": "SELL", "hash": "2ea4d1c7fde2832a563af8d74398d7bf82cf91eb", "best_bid": "0.32", "best_ask": "0.42"}], "timestamp": "1769384107583", "event_type": "price_change"}}
{"_local_timestamp": "2026-01-25T23:35:07.652423+00:00", "data": {"market": "0x7f30cf3ce31deb36d9c87b7ce3ad493ecba7e2c04f54d9064c3668fec489e5a2", "price_changes": [{"asset_id": "98454865528785835890045788599167077000239351581671639397727717396046966577161", "price": "0.16", "size": "200", "side": "BUY", "hash": "e15fece2ad4d75c62ce82c6c69a74bd0c33bc8de", "best_bid": "0.58", "best_ask": "0.68"}, {"asset_id": "41880403302959455557701594420687693279759982292853098277780027130808267649257", "price": "0.84", "size": "200", "side": "SELL", "hash": "b5b65fa26e07898e610362952d21490d0081539c", "best_bid": "0.32", "best_ask": "0.42"}], "timestamp": "1769384107584", "event_type": "price_change"}}
{"_local_timestamp": "2026-01-25T23:35:07.716381+00:00", "data": {"market": "0x7f30cf3ce31deb36d9c87b7ce3ad493ecba7e2c04f54d9064c3668fec489e5a2", "price_changes": [{"asset_id": "41880403302959455557701594420687693279759982292853098277780027130808267649257", "price": "0.01", "size": "11966.44", "side": "BUY", "hash": "c40b29fe577093730f1389ad8e025726eed9496a", "best_bid": "0.32", "best_ask": "0.42"}, {"asset_id": "98454865528785835890045788599167077000239351581671639397727717396046966577161", "price": "0.99", "size": "11966.44", "side": "SELL", "hash": "f43c8d471e87df5006f59a61c16e935adfdc2b7a", "best_bid": "0.58", "best_ask": "0.68"}], "timestamp": "1769384107615", "event_type": "price_change"}}
{"_local_timestamp": "2026-01-25T23:35:07.716942+00:00", "data": {"market": "0x7f30cf3ce31deb36d9c87b7ce3ad493ecba7e2c04f54d9064c3668fec489e5a2", "price_changes": [{"asset_id": "41880403302959455557701594420687693279759982292853098277780027130808267649257", "price": "0.04", "size": "200", "side": "BUY", "hash": "b12a1fdf8198998ef939499b9b20862c6d37923c", "best_bid": "0.32", "best_ask": "0.42"}, {"asset_id": "98454865528785835890045788599167077000239351581671639397727717396046966577161", "price": "0.96", "size": "200", "side": "SELL", "hash": "26acef5d5c074225a0cf45febcb330efc10a4d23", "best_bid": "0.58", "best_ask": "0.68"}], "timestamp": "1769384107616", "event_type": "price_change"}}
{"_local_timestamp": "2026-01-25T23:35:13.124708+00:00", "data": {"market": "0x7f30cf3ce31deb36d9c87b7ce3ad493ecba7e2c04f54d9064c3668fec489e5a2", "price_changes": [{"asset_id": "98454865528785835890045788599167077000239351581671639397727717396046966577161", "price": "0.14", "size": "300", "side": "BUY", "hash": "87aa7a6eec7a2bff9b39e8f1e244d4a78ecfa6ad", "best_bid": "0.58", "best_ask": "0.68"}, {"asset_id": "41880403302959455557701594420687693279759982292853098277780027130808267649257", "price": "0.86", "size": "300", "side": "SELL", "hash": "3150fd1fd9e904c6e862a73f84f58392ce559ab1", "best_bid": "0.32", "best_ask": "0.42"}], "timestamp": "1769384113020", "event_type": "price_change"}}
{"_local_timestamp": "2026-01-25T23:35:13.432364+00:00", "data": {"market": "0x7f30cf3ce31deb36d9c87b7ce3ad493ecba7e2c04f54d9064c3668fec489e5a2", "price_changes": [{"asset_id": "98454865528785835890045788599167077000239351581671639397727717396046966577161", "price": "0.14", "size": "633.04", "side": "BUY", "hash": "cfb270abd1c70a4379733aeaf32c2f1894ca2ade", "best_bid": "0.58", "best_ask": "0.68"}, {"asset_id": "41880403302959455557701594420687693279759982292853098277780027130808267649257", "price": "0.86", "size": "633.04", "side": "SELL", "hash": "6cc52b09126804a29ee3c837e4f9bbadf667d571", "best_bid": "0.32", "best_ask": "0.42"}], "timestamp": "1769384113255", "event_type": "price_change"}}
{"_local_timestamp": "2026-01-25T23:35:13.459473+00:00", "data": {"market": "0x7f30cf3ce31deb36d9c87b7ce3ad493ecba7e2c04f54d9064c3668fec489e5a2", "price_changes": [{"asset_id": "98454865528785835890045788599167077000239351581671639397727717396046966577161", "price": "0.15", "size": "533.04", "side": "BUY", "hash": "872d03911c2d2968a50da622e6fd676976d25670", "best_bid": "0.58", "best_ask": "0.68"}, {"asset_id": "41880403302959455557701594420687693279759982292853098277780027130808267649257", "price": "0.85", "size": "533.04", "side": "SELL", "hash": "1865b40cd2a0c98ad5fd238bc57e0e41879bee3d", "best_bid": "0.32", "best_ask": "0.42"}], "timestamp": "1769384113293", "event_type": "price_change"}}
{"_local_timestamp": "2026-01-25T23:35:18.089626+00:00", "data": {"market": "0x7f30cf3ce31deb36d9c87b7ce3ad493ecba7e2c04f54d9064c3668fec489e5a2", "price_changes": [{"asset_id": "98454865528785835890045788599167077000239351581671639397727717396046966577161", "price": "0.14", "size": "533.04", "side": "BUY", "hash": "19b9e400120eba7ebb38c9df822cf1bee47ae1e7", "best_bid": "0.58", "best_ask": "0.68"}, {"asset_id": "41880403302959455557701594420687693279759982292853098277780027130808267649257", "price": "0.86", "size": "533.04", "side": "SELL", "hash": "267ae7051be22ed1b5d2d7933a244f669a68a3c1", "best_bid": "0.32", "best_ask": "0.42"}], "timestamp": "1769384118011", "event_type": "price_change"}}
{"_local_timestamp": "2026-01-25T23:35:18.091274+00:00", "data": {"market": "0x7f30cf3ce31deb36d9c87b7ce3ad493ecba7e2c04f54d9064c3668fec489e5a2", "price_changes": [{"asset_id": "41880403302959455557701594420687693279759982292853098277780027130808267649257", "price": "0.03", "size": "333.04", "side": "BUY", "hash": "66b563b655552f88c0097b7b5ba61aea384ebcfd", "best_bid": "0.32", "best_ask": "0.42"}, {"asset_id": "98454865528785835890045788599167077000239351581671639397727717396046966577161", "price": "0.97", "size": "333.04", "side": "SELL", "hash": "1653b3dca5a87274570295e0c558b9c8b4cd0f0e", "best_bid": "0.58", "best_ask": "0.68"}], "timestamp": "1769384118011", "event_type": "price_change"}}
{"_local_timestamp": "2026-01-25T23:35:18.207809+00:00", "data": {"market": "0x7f30cf3ce31deb36d9c87b7ce3ad493ecba7e2c04f54d9064c3668fec489e5a2", "price_changes": [{"asset_id": "98454865528785835890045788599167077000239351581671639397727717396046966577161", "price": "0.15", "size": "200", "side": "BUY", "hash": "aba140c91b66e6045d4a28b66bbdc4b369a80bf9", "best_bid": "0.58", "best_ask": "0.68"}, {"asset_id": "41880403302959455557701594420687693279759982292853098277780027130808267649257", "price": "0.85", "size": "200", "side": "SELL", "hash": "13d9727f80a7433f32cfa5820a45f9d0bfee2c14", "best_bid": "0.32", "best_ask": "0.42"}], "timestamp": "1769384118139", "event_type": "price_change"}}
{"_local_timestamp": "2026-01-25T23:35:18.324138+00:00", "data": {"market": "0x7f30cf3ce31deb36d9c87b7ce3ad493ecba7e2c04f54d9064c3668fec489e5a2", "price_changes": [{"asset_id": "41880403302959455557701594420687693279759982292853098277780027130808267649257", "price": "0.04", "size": "500", "side": "BUY", "hash": "774da440367e38b2bd5a975701bc7be88fe21d59", "best_bid": "0.32", "best_ask": "0.42"}, {"asset_id": "98454865528785835890045788599167077000239351581671639397727717396046966577161", "price": "0.96", "size": "500", "side": "SELL", "hash": "a3bc86e9ae56b10f19f46d85f533ca22c0787009", "best_bid": "0.58", "best_ask": "0.68"}], "timestamp": "1769384118251", "event_type": "price_change"}}
{"_local_timestamp": "2026-01-25T23:35:18.397360+00:00", "data": {"market": "0x7f30cf3ce31deb36d9c87b7ce3ad493ecba7e2c04f54d9064c3668fec489e5a2", "price_changes": [{"asset_id": "41880403302959455557701594420687693279759982292853098277780027130808267649257", "price": "0.05", "size": "200", "side": "BUY", "hash": "92425f97e6d964cc31f38f1e7105fa9d5886c922", "best_bid": "0.32", "best_ask": "0.42"}, {"asset_id": "98454865528785835890045788599167077000239351581671639397727717396046966577161", "price": "0.95", "size": "200", "side": "SELL", "hash": "e871bcfa874345039cab83c4c0295162d64fc28d", "best_bid": "0.58", "best_ask": "0.68"}], "timestamp": "1769384118286", "event_type": "price_change"}}
{"_local_timestamp": "2026-01-25T23:35:18.397874+00:00", "data": {"market": "0x7f30cf3ce31deb36d9c87b7ce3ad493ecba7e2c04f54d9064c3668fec489e5a2", "price_changes": [{"asset_id": "41880403302959455557701594420687693279759982292853098277780027130808267649257", "price": "0.04", "size": "300", "side": "BUY", "hash": "50d2670857794d361627c45b73ddad609661b67f", "best_bid": "0.32", "best_ask": "0.42"}, {"asset_id": "98454865528785835890045788599167077000239351581671639397727717396046966577161", "price": "0.96", "size": "300", "side": "SELL", "hash": "7d4e799d8c0cd080221c844166886d84b2d31b9d", "best_bid": "0.58", "best_ask": "0.68"}], "timestamp": "1769384118291", "event_type": "price_change"}}
{"_local_timestamp": "2026-01-25T23:35:18.398313+00:00", "data": {"market": "0x7f30cf3ce31deb36d9c87b7ce3ad493ecba7e2c04f54d9064c3668fec489e5a2", "price_changes": [{"asset_id": "41880403302959455557701594420687693279759982292853098277780027130808267649257", "price": "0.05", "size": "533.04", "side": "BUY", "hash": "77f50969bc8098f5edbd5a6148ab8d7425da202c", "best_bid": "0.32", "best_ask": "0.42"}, {"asset_id": "98454865528785835890045788599167077000239351581671639397727717396046966577161", "price": "0.95", "size": "533.04", "side": "SELL", "hash": "3f7c8c1e40a397a12d26f5a80ec4610e5716bde1", "best_bid": "0.58", "best_ask": "0.68"}], "timestamp": "1769384118296", "event_type": "price_change"}}
{"_local_timestamp": "2026-01-25T23:35:20.353359+00:00", "data": {"market": "0x7f30cf3ce31deb36d9c87b7ce3ad493ecba7e2c04f54d9064c3668fec489e5a2", "price_changes": [{"asset_id": "41880403302959455557701594420687693279759982292853098277780027130808267649257", "price": "0.05", "size": "333.04", "side": "BUY", "hash": "942a5a9d6bca05abf55cf0edff849616422b295b", "best_bid": "0.32", "best_ask": "0.42"}, {"asset_id": "98454865528785835890045788599167077000239351581671639397727717396046966577161", "price": "0.95", "size": "333.04", "side": "SELL", "hash": "8e849250ba76ae536521edc8f8ef441cb8329866", "best_bid": "0.58", "best_ask": "0.68"}], "timestamp": "1769384120286", "event_type": "price_change"}}
{"_local_timestamp": "2026-01-25T23:35:20.361882+00:00", "data": {"market": "0x7f30cf3ce31deb36d9c87b7ce3ad493ecba7e2c04f54d9064c3668fec489e5a2", "price_changes": [{"asset_id": "41880403302959455557701594420687693279759982292853098277780027130808267649257", "price": "0.06", "size": "200", "side": "BUY", "hash": "2dc0681926f62bcd677afdc72b7a080570ca4c91", "best_bid": "0.32", "best_ask": "0.42"}, {"asset_id": "98454865528785835890045788599167077000239351581671639397727717396046966577161", "price": "0.94", "size": "200", "side": "SELL", "hash": "c222ef9c322844e97d4bd38a2e8910136bcc6ac1", "best_bid": "0.58", "best_ask": "0.68"}], "timestamp": "1769384120296", "event_type": "price_change"}}
{"_local_timestamp": "2026-01-25T23:35:22.353605+00:00", "data": {"market": "0x7f30cf3ce31deb36d9c87b7ce3ad493ecba7e2c04f54d9064c3668fec489e5a2", "price_changes": [{"asset_id": "41880403302959455557701594420687693279759982292853098277780027130808267649257", "price": "0.07", "size": "200", "side": "BUY", "hash": "843e6c6d30e7cf9b3235a3ba41c1d162ebf8bc34", "best_bid": "0.32", "best_ask": "0.42"}, {"asset_id": "98454865528785835890045788599167077000239351581671639397727717396046966577161", "price": "0.93", "size": "200", "side": "SELL", "hash": "c2231cfb2b64d02cb9e754b3ce3f823824cc515b", "best_bid": "0.58", "best_ask": "0.68"}], "timestamp": "1769384122287", "event_type": "price_change"}}
{"_local_timestamp": "2026-01-25T23:35:22.445577+00:00", "data": {"market": "0x7f30cf3ce31deb36d9c87b7ce3ad493ecba7e2c04f54d9064c3668fec489e5a2", "price_changes": [{"asset_id": "41880403302959455557701594420687693279759982292853098277780027130808267649257", "price": "0.05", "size": "0", "side": "BUY", "hash": "025be8eb3d348edeffc71563484489fc2cdf9dae", "best_bid": "0.32", "best_ask": "0.42"}, {"asset_id": "98454865528785835890045788599167077000239351581671639397727717396046966577161", "price": "0.95", "size": "0", "side": "SELL", "hash": "9ce3214b39c2172820cb1f6aa64bccb7791c26e1", "best_bid": "0.58", "best_ask": "0.68"}], "timestamp": "1769384122376", "event_type": "price_change"}}
{"_local_timestamp": "2026-01-25T23:35:23.975010+00:00", "data": {"market": "0x7f30cf3ce31deb36d9c87b7ce3ad493ecba7e2c04f54d9064c3668fec489e5a2", "price_changes": [{"asset_id": "98454865528785835890045788599167077000239351581671639397727717396046966577161", "price": "0.15", "size": "0", "side": "BUY", "hash": "402e66f6878a0a89f1fee79acb7dd015396fa03b", "best_bid": "0.58", "best_ask": "0.68"}, {"asset_id": "41880403302959455557701594420687693279759982292853098277780027130808267649257", "price": "0.85", "size": "0", "side": "SELL", "hash": "047bfae09b64908cc6e4a53f9f104363d6194b16", "best_bid": "0.32", "best_ask": "0.42"}], "timestamp": "1769384123898", "event_type": "price_change"}}
{"_local_timestamp": "2026-01-25T23:35:23.975673+00:00", "data": {"market": "0x7f30cf3ce31deb36d9c87b7ce3ad493ecba7e2c04f54d9064c3668fec489e5a2", "price_changes": [{"asset_id": "41880403302959455557701594420687693279759982292853098277780027130808267649257", "price": "0.02", "size": "1000", "side": "BUY", "hash": "0ca10239332edf74a3d431b4bac901f188b54b18", "best_bid": "0.32", "best_ask": "0.42"}, {"asset_id": "98454865528785835890045788599167077000239351581671639397727717396046966577161", "price": "0.98", "size": "1000", "side": "SELL", "hash": "521186de4040131cce9ac67ec47f1b048e615642", "best_bid": "0.58", "best_ask": "0.68"}], "timestamp": "1769384123899", "event_type": "price_change"}}
{"_local_timestamp": "2026-01-25T23:35:24.404506+00:00", "data": {"market": "0x7f30cf3ce31deb36d9c87b7ce3ad493ecba7e2c04f54d9064c3668fec489e5a2", "price_changes": [{"asset_id": "98454865528785835890045788599167077000239351581671639397727717396046966577161", "price": "0.13", "size": "1100", "side": "BUY", "hash": "9c5e40bf6405e51d174c77aa9f74731ffa675701", "best_bid": "0.58", "best_ask": "0.68"}, {"asset_id": "41880403302959455557701594420687693279759982292853098277780027130808267649257", "price": "0.87", "size": "1100", "side": "SELL", "hash": "5e50714816ec78270312566aed5b9f9bc5a99bfb", "best_bid": "0.32", "best_ask": "0.42"}], "timestamp": "1769384124188", "event_type": "price_change"}}
{"_local_timestamp": "2026-01-25T23:35:24.526352+00:00", "data": {"market": "0x7f30cf3ce31deb36d9c87b7ce3ad493ecba7e2c04f54d9064c3668fec489e5a2", "price_changes": [{"asset_id": "41880403302959455557701594420687693279759982292853098277780027130808267649257", "price": "0.05", "size": "200", "side": "BUY", "hash": "0fc50fa8dde18d67b28bb9bf062df7311352ba86", "best_bid": "0.32", "best_ask": "0.42"}, {"asset_id": "98454865528785835890045788599167077000239351581671639397727717396046966577161", "price": "0.95", "size": "200", "side": "SELL", "hash": "0e883c9b2312ba84f62fd3f5e20eb60bcf9a4d48", "best_bid": "0.58", "best_ask": "0.68"}], "timestamp": "1769384124300", "event_type": "price_change"}}
{"_local_timestamp": "2026-01-25T23:35:24.526936+00:00", "data": {"market": "0x7f30cf3ce31deb36d9c87b7ce3ad493ecba7e2c04f54d9064c3668fec489e5a2", "price_changes": [{"asset_id": "98454865528785835890045788599167077000239351581671639397727717396046966577161", "price": "0.15", "size": "200", "side": "BUY", "hash": "434acba58ef50ce41c245bd6237d98212d3f0139", "best_bid": "0.58", "best_ask": "0.68"}, {"asset_id": "41880403302959455557701594420687693279759982292853098277780027130808267649257", "price": "0.85", "size": "200", "side": "SELL", "hash": "183721d1949b6206c7cf851bf1fca81b9c370645", "best_bid": "0.32", "best_ask": "0.42"}], "timestamp": "1769384124301", "event_type": "price_change"}}
{"_local_timestamp": "2026-01-25T23:35:24.527409+00:00", "data": {"market": "0x7f30cf3ce31deb36d9c87b7ce3ad493ecba7e2c04f54d9064c3668fec489e5a2", "price_changes": [{"asset_id": "98454865528785835890045788599167077000239351581671639397727717396046966577161", "price": "0.16", "size": "0", "side": "BUY", "hash": "0aa01923500ad52cffdf268aa2925222c1d197fc", "best_bid": "0.58", "best_ask": "0.68"}, {"asset_id": "41880403302959455557701594420687693279759982292853098277780027130808267649257", "price": "0.84", "size": "0", "side": "SELL", "hash": "c10468e221cbcc99f04416a2ce6da67259574156", "best_bid": "0.32", "best_ask": "0.42"}], "timestamp": "1769384124302", "event_type": "price_change"}}
{"_local_timestamp": "2026-01-25T23:35:24.527862+00:00", "data": {"market": "0x7f30cf3ce31deb36d9c87b7ce3ad493ecba7e2c04f54d9064c3668fec489e5a2", "price_changes": [{"asset_id": "41880403302959455557701594420687693279759982292853098277780027130808267649257", "price": "0.06", "size": "0", "side": "BUY", "hash": "072dcce59424799af6a1f118a6ca18125296eb90", "best_bid": "0.32", "best_ask": "0.42"}, {"asset_id": "98454865528785835890045788599167077000239351581671639397727717396046966577161", "price": "0.94", "size": "0", "side": "SELL", "hash": "6a58a4e2027ead421af1f0c498adb8baed6efa36", "best_bid": "0.58", "best_ask": "0.68"}], "timestamp": "1769384124302", "event_type": "price_change"}}
{"_local_timestamp": "2026-01-25T23:35:24.528380+00:00", "data": {"market": "0x7f30cf3ce31deb36d9c87b7ce3ad493ecba7e2c04f54d9064c3668fec489e5a2", "price_changes": [{"asset_id": "41880403302959455557701594420687693279759982292853098277780027130808267649257", "price": "0.07", "size": "0", "side": "BUY", "hash": "072dcce59424799af6a1f118a6ca18125296eb90", "best_bid": "0.32", "best_ask": "0.42"}, {"asset_id": "98454865528785835890045788599167077000239351581671639397727717396046966577161", "price": "0.93", "size": "0", "side": "SELL", "hash": "6a58a4e2027ead421af1f0c498adb8baed6efa36", "best_bid": "0.58", "best_ask": "0.68"}], "timestamp": "1769384124302", "event_type": "price_change"}}
{"_local_timestamp": "2026-01-25T23:35:26.868992+00:00", "data": {"market": "0x7f30cf3ce31deb36d9c87b7ce3ad493ecba7e2c04f54d9064c3668fec489e5a2", "price_changes": [{"asset_id": "98454865528785835890045788599167077000239351581671639397727717396046966577161", "price": "0.13", "size": "1000", "side": "BUY", "hash": "f95e2c5d92595af1f026aff4be64d2fa0db752e5", "best_bid": "0.58", "best_ask": "0.68"}, {"asset_id": "41880403302959455557701594420687693279759982292853098277780027130808267649257", "price": "0.87", "size": "1000", "side": "SELL", "hash": "444ec541cc12f48cfc863a1d3823ec62d45d0051", "best_bid": "0.32", "best_ask": "0.42"}], "timestamp": "1769384126688", "event_type": "price_change"}}
{"_local_timestamp": "2026-01-25T23:35:27.224106+00:00", "data": {"market": "0x7f30cf3ce31deb36d9c87b7ce3ad493ecba7e2c04f54d9064c3668fec489e5a2", "price_changes": [{"asset_id": "98454865528785835890045788599167077000239351581671639397727717396046966577161", "price": "0.14", "size": "633.04", "side": "BUY", "hash": "3d18b2564191bed1e0cd4606f3a627c385192a88", "best_bid": "0.58", "best_ask": "0.68"}, {"asset_id": "41880403302959455557701594420687693279759982292853098277780027130808267649257", "price": "0.86", "size": "633.04", "side": "SELL", "hash": "fdff50f14c521a42752c3a1a5604ecf4fabbb46f", "best_bid": "0.32", "best_ask": "0.42"}], "timestamp": "1769384126959", "event_type": "price_change"}}
{"_local_timestamp": "2026-01-25T23:35:27.224745+00:00", "data": {"market": "0x7f30cf3ce31deb36d9c87b7ce3ad493ecba7e2c04f54d9064c3668fec489e5a2", "price_changes": [{"asset_id": "41880403302959455557701594420687693279759982292853098277780027130808267649257", "price": "0.02", "size": "1400", "side": "BUY", "hash": "8fcc6ea994653b341f28e2f5c9bd9dbaaf5b71a4", "best_bid": "0.32", "best_ask": "0.42"}, {"asset_id": "98454865528785835890045788599167077000239351581671639397727717396046966577161", "price": "0.98", "size": "1400", "side": "SELL", "hash": "151192071ce22cb02b67dbabb060d9a0b27d6de3", "best_bid": "0.58", "best_ask": "0.68"}], "timestamp": "1769384126959", "event_type": "price_change"}}
{"_local_timestamp": "2026-01-25T23:35:28.340505+00:00", "data": {"market": "0x7f30cf3ce31deb36d9c87b7ce3ad493ecba7e2c04f54d9064c3668fec489e5a2", "price_changes": [{"asset_id": "98454865528785835890045788599167077000239351581671639397727717396046966577161", "price": "0.13", "size": "900", "side": "BUY", "hash": "207221fbe95eed25e029fbd3cd5143a80607cf73", "best_bid": "0.58", "best_ask": "0.68"}, {"asset_id": "41880403302959455557701594420687693279759982292853098277780027130808267649257", "price": "0.87", "size": "900", "side": "SELL", "hash": "693fab2e931ac8ca5e191e9331a6131318f79d4c", "best_bid": "0.32", "best_ask": "0.42"}], "timestamp": "1769384128273", "event_type": "price_change"}}
{"_local_timestamp": "2026-01-25T23:35:28.649321+00:00", "data": {"market": "0x7f30cf3ce31deb36d9c87b7ce3ad493ecba7e2c04f54d9064c3668fec489e5a2", "price_changes": [{"asset_id": "41880403302959455557701594420687693279759982292853098277780027130808267649257", "price": "0.02", "size": "1800", "side": "BUY", "hash": "fa49865405fe9720f4f1e9d2f80bcb5ff2466a64", "best_bid": "0.32", "best_ask": "0.42"}, {"asset_id": "98454865528785835890045788599167077000239351581671639397727717396046966577161", "price": "0.98", "size": "1800", "side": "SELL", "hash": "13712dac501d1593c0f64e7374d3d66f352ca6f3", "best_bid": "0.58", "best_ask": "0.68"}], "timestamp": "1769384128571", "event_type": "price_change"}}
{"_local_timestamp": "2026-01-25T23:35:28.649978+00:00", "data": {"market": "0x7f30cf3ce31deb36d9c87b7ce3ad493ecba7e2c04f54d9064c3668fec489e5a2", "price_changes": [{"asset_id": "98454865528785835890045788599167077000239351581671639397727717396046966577161", "price": "0.14", "size": "733.04", "side": "BUY", "hash": "ea44c0ec1acf3d5b891a1ae547bea2776dc9f038", "best_bid": "0.58", "best_ask": "0.68"}, {"asset_id": "41880403302959455557701594420687693279759982292853098277780027130808267649257", "price": "0.86", "size": "733.04", "side": "SELL", "hash": "6e096d378aa9f13556df1c10e1c765cb25772ac7", "best_bid": "0.32", "best_ask": "0.42"}], "timestamp": "1769384128572", "event_type": "price_change"}}
{"_local_timestamp": "2026-01-25T23:35:28.964744+00:00", "data": {"market": "0x7f30cf3ce31deb36d9c87b7ce3ad493ecba7e2c04f54d9064c3668fec489e5a2", "price_changes": [{"asset_id": "98454865528785835890045788599167077000239351581671639397727717396046966577161", "price": "0.15", "size": "533.04", "side": "BUY", "hash": "8d707c3b97b32148e9c93919e850db9566c46ddd", "best_bid": "0.58", "best_ask": "0.68"}, {"asset_id": "41880403302959455557701594420687693279759982292853098277780027130808267649257", "price": "0.85", "size": "533.04", "side": "SELL", "hash": "1e4a52a634037ff9d2b4c66fbccc78baa5b96621", "best_bid": "0.32", "best_ask": "0.42"}], "timestamp": "1769384128889", "event_type": "price_change"}}
{"_local_timestamp": "2026-01-25T23:35:29.000737+00:00", "data": {"market": "0x7f30cf3ce31deb36d9c87b7ce3ad493ecba7e2c04f54d9064c3668fec489e5a2", "price_changes": [{"asset_id": "98454865528785835890045788599167077000239351581671639397727717396046966577161", "price": "0.16", "size": "200", "side": "BUY", "hash": "199322adb6f2106fc9d5a833adefaf623cf8b69f", "best_bid": "0.58", "best_ask": "0.68"}, {"asset_id": "41880403302959455557701594420687693279759982292853098277780027130808267649257", "price": "0.84", "size": "200", "side": "SELL", "hash": "d0d9f002c77aca86d59aa7faa75e071aa4c0a5c8", "best_bid": "0.32", "best_ask": "0.42"}], "timestamp": "1769384128934", "event_type": "price_change"}}
{"_local_timestamp": "2026-01-25T23:35:29.002365+00:00", "data": {"market": "0x7f30cf3ce31deb36d9c87b7ce3ad493ecba7e2c04f54d9064c3668fec489e5a2", "price_changes": [{"asset_id": "98454865528785835890045788599167077000239351581671639397727717396046966577161", "price": "0.15", "size": "333.04", "side": "BUY", "hash": "d10761a2a51cce2435cb12f6b9e5dbe3d3241dfe", "best_bid": "0.58", "best_ask": "0.68"}, {"asset_id": "41880403302959455557701594420687693279759982292853098277780027130808267649257", "price": "0.85", "size": "333.04", "side": "SELL", "hash": "dd9a44453db0b061818f98a24eab223182a9a429", "best_bid": "0.32", "best_ask": "0.42"}], "timestamp": "1769384128936", "event_type": "price_change"}}
{"_local_timestamp": "2026-01-25T23:35:29.842392+00:00", "data": {"market": "0x7f30cf3ce31deb36d9c87b7ce3ad493ecba7e2c04f54d9064c3668fec489e5a2", "price_changes": [{"asset_id": "41880403302959455557701594420687693279759982292853098277780027130808267649257", "price": "0.04", "size": "0", "side": "BUY", "hash": "3215dc2a41c4cf12356a45e2ebbcfbfd8fe087ea", "best_bid": "0.32", "best_ask": "0.42"}, {"asset_id": "98454865528785835890045788599167077000239351581671639397727717396046966577161", "price": "0.96", "size": "0", "side": "SELL", "hash": "c5cd2b0b7ef4baee35440a05c08cbe8c1299fec5", "best_bid": "0.58", "best_ask": "0.68"}], "timestamp": "1769384129761", "event_type": "price_change"}}
{"_local_timestamp": "2026-01-25T23:35:30.063071+00:00", "data": {"market": "0x7f30cf3ce31deb36d9c87b7ce3ad493ecba7e2c04f54d9064c3668fec489e5a2", "price_changes": [{"asset_id": "41880403302959455557701594420687693279759982292853098277780027130808267649257", "price": "0.07", "size": "200", "side": "BUY", "hash": "ba2c9ed1f82e2b4d96fde28ab3af11156825c2a4", "best_bid": "0.32", "best_ask": "0.42"}, {"asset_id": "98454865528785835890045788599167077000239351581671639397727717396046966577161", "price": "0.93", "size": "200", "side": "SELL", "hash": "f5a9a4e77f7458754377426f8258a56f26551716", "best_bid": "0.58", "best_ask": "0.68"}], "timestamp": "1769384129997", "event_type": "price_change"}}
{"_local_timestamp": "2026-01-25T23:35:30.070681+00:00", "data": {"market": "0x7f30cf3ce31deb36d9c87b7ce3ad493ecba7e2c04f54d9064c3668fec489e5a2", "price_changes": [{"asset_id": "41880403302959455557701594420687693279759982292853098277780027130808267649257", "price": "0.02", "size": "2100", "side": "BUY", "hash": "edcfc208c7211e692f868ff8e50a0a693d74fc16", "best_bid": "0.32", "best_ask": "0.42"}, {"asset_id": "98454865528785835890045788599167077000239351581671639397727717396046966577161", "price": "0.98", "size": "2100", "side": "SELL", "hash": "d7296537c0065fa22cd9624580ce9d895652ecb9", "best_bid": "0.58", "best_ask": "0.68"}], "timestamp": "1769384129997", "event_type": "price_change"}}
{"_local_timestamp": "2026-01-25T23:35:30.995676+00:00", "data": {"market": "0x7f30cf3ce31deb36d9c87b7ce3ad493ecba7e2c04f54d9064c3668fec489e5a2", "price_changes": [{"asset_id": "41880403302959455557701594420687693279759982292853098277780027130808267649257", "price": "0.08", "size": "200", "side": "BUY", "hash": "508a000a0bf11b8ab6579d20003f43c9335de8ff", "best_bid": "0.32", "best_ask": "0.42"}, {"asset_id": "98454865528785835890045788599167077000239351581671639397727717396046966577161", "price": "0.92", "size": "200", "side": "SELL", "hash": "78145154849c125970c331af05fafc401fcccee8", "best_bid": "0.58", "best_ask": "0.68"}], "timestamp": "1769384130927", "event_type": "price_change"}}
{"_local_timestamp": "2026-01-25T23:35:31.003681+00:00", "data": {"market": "0x7f30cf3ce31deb36d9c87b7ce3ad493ecba7e2c04f54d9064c3668fec489e5a2", "price_changes": [{"asset_id": "41880403302959455557701594420687693279759982292853098277780027130808267649257", "price": "0.05", "size": "0", "side": "BUY", "hash": "6445bf0ebe4dd33567556b2b3eb9366e1b347801", "best_bid": "0.32", "best_ask": "0.42"}, {"asset_id": "98454865528785835890045788599167077000239351581671639397727717396046966577161", "price": "0.95", "size": "0", "side": "SELL", "hash": "61e5ce740673ce24ef6be2beed840d14b108a376", "best_bid": "0.58", "best_ask": "0.68"}], "timestamp": "1769384130931", "event_type": "price_change"}}
{"_local_timestamp": "2026-01-25T23:35:33.190785+00:00", "data": {"market": "0x7f30cf3ce31deb36d9c87b7ce3ad493ecba7e2c04f54d9064c3668fec489e5a2", "price_changes": [{"asset_id": "41880403302959455557701594420687693279759982292853098277780027130808267649257", "price": "0.02", "size": "2500", "side": "BUY", "hash": "d30c56ec55f13a491bae8202841cd8f19fe5dc2a", "best_bid": "0.32", "best_ask": "0.42"}, {"asset_id": "98454865528785835890045788599167077000239351581671639397727717396046966577161", "price": "0.98", "size": "2500", "side": "SELL", "hash": "d1b2d6ebab5b56426bf902095ba31a58d71d5cd9", "best_bid": "0.58", "best_ask": "0.68"}], "timestamp": "1769384133099", "event_type": "price_change"}}
{"_local_timestamp": "2026-01-25T23:35:33.228154+00:00", "data": {"market": "0x7f30cf3ce31deb36d9c87b7ce3ad493ecba7e2c04f54d9064c3668fec489e5a2", "price_changes": [{"asset_id": "98454865528785835890045788599167077000239351581671639397727717396046966577161", "price": "0.14", "size": "400", "side": "BUY", "hash": "8da7e77506207bcd44ae9ea66a929bcf3a581e56", "best_bid": "0.58", "best_ask": "0.68"}, {"asset_id": "41880403302959455557701594420687693279759982292853098277780027130808267649257", "price": "0.86", "size": "400", "side": "SELL", "hash": "b031a80fab375c3e2883c0127e3510a38e717412", "best_bid": "0.32", "best_ask": "0.42"}], "timestamp": "1769384133146", "event_type": "price_change"}}
{"_local_timestamp": "2026-01-25T23:35:35.939091+00:00", "data": {"market": "0x7f30cf3ce31deb36d9c87b7ce3ad493ecba7e2c04f54d9064c3668fec489e5a2", "price_changes": [{"asset_id": "98454865528785835890045788599167077000239351581671639397727717396046966577161", "price": "0.13", "size": "700", "side": "BUY", "hash": "af068125ccd483cd69e0a97257b07943202e9e54", "best_bid": "0.58", "best_ask": "0.68"}, {"asset_id": "41880403302959455557701594420687693279759982292853098277780027130808267649257", "price": "0.87", "size": "700", "side": "SELL", "hash": "25bc1971fef4b45571b3c9aedbfde8f2b767c3bd", "best_bid": "0.32", "best_ask": "0.42"}], "timestamp": "1769384135847", "event_type": "price_change"}}
{"_local_timestamp": "2026-01-25T23:35:36.186968+00:00", "data": {"market": "0x7f30cf3ce31deb36d9c87b7ce3ad493ecba7e2c04f54d9064c3668fec489e5a2", "price_changes": [{"asset_id": "41880403302959455557701594420687693279759982292853098277780027130808267649257", "price": "0.02", "size": "2700", "side": "BUY", "hash": "8166cf9b70a1620f9ef12bc633e29f9df18612bc", "best_bid": "0.32", "best_ask": "0.42"}, {"asset_id": "98454865528785835890045788599167077000239351581671639397727717396046966577161", "price": "0.98", "size": "2700", "side": "SELL", "hash": "3ed08ffdba9f1beaf18fb075df7fd228984b3ae3", "best_bid": "0.58", "best_ask": "0.68"}], "timestamp": "1769384136120", "event_type": "price_change"}}
{"_local_timestamp": "2026-01-25T23:35:36.191990+00:00", "data": {"market": "0x7f30cf3ce31deb36d9c87b7ce3ad493ecba7e2c04f54d9064c3668fec489e5a2", "price_changes": [{"asset_id": "98454865528785835890045788599167077000239351581671639397727717396046966577161", "price": "0.14", "size": "600", "side": "BUY", "hash": "48c3bf4d88e59cea10b7f8ca4188b68907a06485", "best_bid": "0.58", "best_ask": "0.68"}, {"asset_id": "41880403302959455557701594420687693279759982292853098277780027130808267649257", "price": "0.86", "size": "600", "side": "SELL", "hash": "88f0afcef7b6c110d317dc208f7a9c7a5be2a186", "best_bid": "0.32", "best_ask": "0.42"}], "timestamp": "1769384136121", "event_type": "price_change"}}
{"_local_timestamp": "2026-01-25T23:35:41.044843+00:00", "data": {"market": "0x7f30cf3ce31deb36d9c87b7ce3ad493ecba7e2c04f54d9064c3668fec489e5a2", "price_changes": [{"asset_id": "41880403302959455557701594420687693279759982292853098277780027130808267649257", "price": "0.07", "size": "0", "side": "BUY", "hash": "5b372ff58bfdbb5376b637090ec4753f8b745e64", "best_bid": "0.32", "best_ask": "0.42"}, {"asset_id": "98454865528785835890045788599167077000239351581671639397727717396046966577161", "price": "0.93", "size": "0", "side": "SELL", "hash": "15b28193dd4e745c5b538d31399c0d5efb88af20", "best_bid": "0.58", "best_ask": "0.68"}], "timestamp": "1769384140974", "event_type": "price_change"}}
{"_local_timestamp": "2026-01-25T23:35:41.100235+00:00", "data": {"market": "0x7f30cf3ce31deb36d9c87b7ce3ad493ecba7e2c04f54d9064c3668fec489e5a2", "price_changes": [{"asset_id": "41880403302959455557701594420687693279759982292853098277780027130808267649257", "price": "0.08", "size": "0", "side": "BUY", "hash": "35ce207d23676fe3ff1eccac5baaf6ee35514c90", "best_bid": "0.32", "best_ask": "0.42"}, {"asset_id": "98454865528785835890045788599167077000239351581671639397727717396046966577161", "price": "0.92", "size": "0", "side": "SELL", "hash": "51773b6c0af49580a2ca33c74899e1d4958ae97d", "best_bid": "0.58", "best_ask": "0.68"}], "timestamp": "1769384141025", "event_type": "price_change"}}
{"_local_timestamp": "2026-01-25T23:35:41.112223+00:00", "data": {"market": "0x7f30cf3ce31deb36d9c87b7ce3ad493ecba7e2c04f54d9064c3668fec489e5a2", "price_changes": [{"asset_id": "41880403302959455557701594420687693279759982292853098277780027130808267649257", "price": "0.04", "size": "200", "side": "BUY", "hash": "6c8165e41612aa4b1981d217ff39450bfd668e23", "best_bid": "0.32", "best_ask": "0.42"}, {"asset_id": "98454865528785835890045788599167077000239351581671639397727717396046966577161", "price": "0.96", "size": "200", "side": "SELL", "hash": "ccf15a3f7fe5bbeb205d43532dacc11e2d32b63a", "best_bid": "0.58", "best_ask": "0.68"}], "timestamp": "1769384141037", "event_type": "price_change"}}
{"_local_timestamp": "2026-01-25T23:35:41.281076+00:00", "data": {"market": "0x7f30cf3ce31deb36d9c87b7ce3ad493ecba7e2c04f54d9064c3668fec489e5a2", "price_changes": [{"asset_id": "41880403302959455557701594420687693279759982292853098277780027130808267649257", "price": "0.08", "size": "100", "side": "BUY", "hash": "36d8cab44334921e3ed865c7f270ed8649689fed", "best_bid": "0.32", "best_ask": "0.42"}, {"asset_id": "98454865528785835890045788599167077000239351581671639397727717396046966577161", "price": "0.92", "size": "100", "side": "SELL", "hash": "c65fcc6d31a3ee614fef0f8e43eab38391052b7e", "best_bid": "0.58", "best_ask": "0.68"}], "timestamp": "1769384141207", "event_type": "price_change"}}
{"_local_timestamp": "2026-01-25T23:35:43.093250+00:00", "data": {"market": "0x7f30cf3ce31deb36d9c87b7ce3ad493ecba7e2c04f54d9064c3668fec489e5a2", "price_changes": [{"asset_id": "41880403302959455557701594420687693279759982292853098277780027130808267649257", "price": "0.08", "size": "300", "side": "BUY", "hash": "fe7ff52253e6cc4770ae667fd1fd9d38bc6e4828", "best_bid": "0.32", "best_ask": "0.42"}, {"asset_id": "98454865528785835890045788599167077000239351581671639397727717396046966577161", "price": "0.92", "size": "300", "side": "SELL", "hash": "352bad2e24f07adaaefa20854739e4d101b23fec", "best_bid": "0.58", "best_ask": "0.68"}], "timestamp": "1769384143012", "event_type": "price_change"}}
{"_local_timestamp": "2026-01-25T23:35:43.093904+00:00", "data": {"market": "0x7f30cf3ce31deb36d9c87b7ce3ad493ecba7e2c04f54d9064c3668fec489e5a2", "price_changes": [{"asset_id": "41880403302959455557701594420687693279759982292853098277780027130808267649257", "price": "0.04", "size": "0", "side": "BUY", "hash": "bee3b69155548f6e090c5aff0f2353fec7f98644", "best_bid": "0.32", "best_ask": "0.42"}, {"asset_id": "98454865528785835890045788599167077000239351581671639397727717396046966577161", "price": "0.96", "size": "0", "side": "SELL", "hash": "86b16335997bcbb167a100df33ce8c0b8aa2a7ce", "best_bid": "0.58", "best_ask": "0.68"}], "timestamp": "1769384143022", "event_type": "price_change"}}
{"_local_timestamp": "2026-01-25T23:35:46.320688+00:00", "data": {"market": "0x7f30cf3ce31deb36d9c87b7ce3ad493ecba7e2c04f54d9064c3668fec489e5a2", "price_changes": [{"asset_id": "98454865528785835890045788599167077000239351581671639397727717396046966577161", "price": "0.14", "size": "400", "side": "BUY", "hash": "7e1af5c286592e46d35dc29493f4127a648b9015", "best_bid": "0.58", "best_ask": "0.68"}, {"asset_id": "41880403302959455557701594420687693279759982292853098277780027130808267649257", "price": "0.86", "size": "400", "side": "SELL", "hash": "1c57ebb06e13dd62a8c5c5a35f1313e2c6e9b0ca", "best_bid": "0.32", "best_ask": "0.42"}], "timestamp": "1769384146249", "event_type": "price_change"}}
{"_local_timestamp": "2026-01-25T23:35:46.586766+00:00", "data": {"market": "0x7f30cf3ce31deb36d9c87b7ce3ad493ecba7e2c04f54d9064c3668fec489e5a2", "price_changes": [{"asset_id": "98454865528785835890045788599167077000239351581671639397727717396046966577161", "price": "0.13", "size": "900", "side": "BUY", "hash": "5ab75d40b81da57dff50a92f1ca56f10780dcbeb", "best_bid": "0.58", "best_ask": "0.68"}, {"asset_id": "41880403302959455557701594420687693279759982292853098277780027130808267649257", "price": "0.87", "size": "900", "side": "SELL", "hash": "f2a27c17cf62a2c504a554e90898d8e189626310", "best_bid": "0.32", "best_ask": "0.42"}], "timestamp": "1769384146516", "event_type": "price_change"}}
{"_local_timestamp": "2026-01-25T23:35:58.398707+00:00", "data": {"market": "0x7f30cf3ce31deb36d9c87b7ce3ad493ecba7e2c04f54d9064c3668fec489e5a2", "price_changes": [{"asset_id": "98454865528785835890045788599167077000239351581671639397727717396046966577161", "price": "0.14", "size": "300", "side": "BUY", "hash": "069ae62dbfadbe1b1a148e596ab5eb519035ed16", "best_bid": "0.58", "best_ask": "0.68"}, {"asset_id": "41880403302959455557701594420687693279759982292853098277780027130808267649257", "price": "0.86", "size": "300", "side": "SELL", "hash": "08d9529aa42bf61258ea1e63b17b5b1e7ac3f128", "best_bid": "0.32", "best_ask": "0.42"}], "timestamp": "1769384158332", "event_type": "price_change"}}
{"_local_timestamp": "2026-01-25T23:35:58.549646+00:00", "data": {"market": "0x7f30cf3ce31deb36d9c87b7ce3ad493ecba7e2c04f54d9064c3668fec489e5a2", "price_changes": [{"asset_id": "98454865528785835890045788599167077000239351581671639397727717396046966577161", "price": "0.14", "size": "633.04", "side": "BUY", "hash": "397c43bb874d0f4410f369cf844ded6dc6964e1c", "best_bid": "0.58", "best_ask": "0.68"}, {"asset_id": "41880403302959455557701594420687693279759982292853098277780027130808267649257", "price": "0.86", "size": "633.04", "side": "SELL", "hash": "ae74ec4366fe8e4b257a96e51c3cd89a686b78b5", "best_bid": "0.32", "best_ask": "0.42"}], "timestamp": "1769384158483", "event_type": "price_change"}}
{"_local_timestamp": "2026-01-25T23:35:58.679108+00:00", "data": {"market": "0x7f30cf3ce31deb36d9c87b7ce3ad493ecba7e2c04f54d9064c3668fec489e5a2", "price_changes": [{"asset_id": "98454865528785835890045788599167077000239351581671639397727717396046966577161", "price": "0.13", "size": "1000", "side": "BUY", "hash": "e6c04c0cf5304fd564185062b5aedb2cd828fecd", "best_bid": "0.58", "best_ask": "0.68"}, {"asset_id": "41880403302959455557701594420687693279759982292853098277780027130808267649257", "price": "0.87", "size": "1000", "side": "SELL", "hash": "e131620e481a81ea0ba10f1aa4935f95c5328f36", "best_bid": "0.32", "best_ask": "0.42"}], "timestamp": "1769384158611", "event_type": "price_change"}}
{"_local_timestamp": "2026-01-25T23:35:59.547558+00:00", "data": {"market": "0x7f30cf3ce31deb36d9c87b7ce3ad493ecba7e2c04f54d9064c3668fec489e5a2", "price_changes": [{"asset_id": "98454865528785835890045788599167077000239351581671639397727717396046966577161", "price": "0.14", "size": "533.04", "side": "BUY", "hash": "67644cac5416e80ef6b53ebcb5233748a4c90aa8", "best_bid": "0.58", "best_ask": "0.68"}, {"asset_id": "41880403302959455557701594420687693279759982292853098277780027130808267649257", "price": "0.86", "size": "533.04", "side": "SELL", "hash": "6cce8b209dee775e36572aaf81bc8fba3ba91794", "best_bid": "0.32", "best_ask": "0.42"}], "timestamp": "1769384159466", "event_type": "price_change"}}
{"_local_timestamp": "2026-01-25T23:35:59.807175+00:00", "data": {"market": "0x7f30cf3ce31deb36d9c87b7ce3ad493ecba7e2c04f54d9064c3668fec489e5a2", "price_changes": [{"asset_id": "98454865528785835890045788599167077000239351581671639397727717396046966577161", "price": "0.13", "size": "1100", "side": "BUY", "hash": "f1aa1bf41f32b49ede019146da56a011874fea6b", "best_bid": "0.58", "best_ask": "0.68"}, {"asset_id": "41880403302959455557701594420687693279759982292853098277780027130808267649257", "price": "0.87", "size": "1100", "side": "SELL", "hash": "308939b5e80f54fb29d86bde55f60a859de375fd", "best_bid": "0.32", "best_ask": "0.42"}], "timestamp": "1769384159736", "event_type": "price_change"}}
{"_local_timestamp": "2026-01-25T23:36:01.903454+00:00", "data": {"market": "0x7f30cf3ce31deb36d9c87b7ce3ad493ecba7e2c04f54d9064c3668fec489e5a2", "price_changes": [{"asset_id": "98454865528785835890045788599167077000239351581671639397727717396046966577161", "price": "0.13", "size": "1000", "side": "BUY", "hash": "dcf9c7fadd6ab5f6be24fe7b07b7c190354a929f", "best_bid": "0.58", "best_ask": "0.68"}, {"asset_id": "41880403302959455557701594420687693279759982292853098277780027130808267649257", "price": "0.87", "size": "1000", "side": "SELL", "hash": "2f91de1e5ed34823c042c61b103db3f29ecd2c10", "best_bid": "0.32", "best_ask": "0.42"}], "timestamp": "1769384161826", "event_type": "price_change"}}
{"_local_timestamp": "2026-01-25T23:36:01.986945+00:00", "data": {"market": "0x7f30cf3ce31deb36d9c87b7ce3ad493ecba7e2c04f54d9064c3668fec489e5a2", "price_changes": [{"asset_id": "98454865528785835890045788599167077000239351581671639397727717396046966577161", "price": "0.15", "size": "0", "side": "BUY", "hash": "54de658a3f005bc45a1bc2141389651acafe0f41", "best_bid": "0.58", "best_ask": "0.68"}, {"asset_id": "41880403302959455557701594420687693279759982292853098277780027130808267649257", "price": "0.85", "size": "0", "side": "SELL", "hash": "eb20f5ad00a80c43b031bd26fa1f1e91cca5d9ae", "best_bid": "0.32", "best_ask": "0.42"}], "timestamp": "1769384161917", "event_type": "price_change"}}
{"_local_timestamp": "2026-01-25T23:36:02.021822+00:00", "data": {"market": "0x7f30cf3ce31deb36d9c87b7ce3ad493ecba7e2c04f54d9064c3668fec489e5a2", "price_changes": [{"asset_id": "98454865528785835890045788599167077000239351581671639397727717396046966577161", "price": "0.16", "size": "0", "side": "BUY", "hash": "2211d9b2b95abf4803bb2068598e39c72e28f27f", "best_bid": "0.58", "best_ask": "0.68"}, {"asset_id": "41880403302959455557701594420687693279759982292853098277780027130808267649257", "price": "0.84", "size": "0", "side": "SELL", "hash": "8d490367e418fbdc31d7ee800505e55088759c7b", "best_bid": "0.32", "best_ask": "0.42"}], "timestamp": "1769384161952", "event_type": "price_change"}}
{"_local_timestamp": "2026-01-25T23:36:02.022486+00:00", "data": {"market": "0x7f30cf3ce31deb36d9c87b7ce3ad493ecba7e2c04f54d9064c3668fec489e5a2", "price_changes": [{"asset_id": "98454865528785835890045788599167077000239351581671639397727717396046966577161", "price": "0.15", "size": "200", "side": "BUY", "hash": "3fd2d4f3987c7bdedf64893591dbd012fef5ceba", "best_bid": "0.58", "best_ask": "0.68"}, {"asset_id": "41880403302959455557701594420687693279759982292853098277780027130808267649257", "price": "0.85", "size": "200", "side": "SELL", "hash": "c9cb3b97f2212b2ec81f95ad198455b52101c985", "best_bid": "0.32", "best_ask": "0.42"}], "timestamp": "1769384161953", "event_type": "price_change"}}
{"_local_timestamp": "2026-01-25T23:36:02.187399+00:00", "data": {"market": "0x7f30cf3ce31deb36d9c87b7ce3ad493ecba7e2c04f54d9064c3668fec489e5a2", "price_changes": [{"asset_id": "98454865528785835890045788599167077000239351581671639397727717396046966577161", "price": "0.14", "size": "633.04", "side": "BUY", "hash": "d00f0a37bc96d987bf671a798616e72f90728914", "best_bid": "0.58", "best_ask": "0.68"}, {"asset_id": "41880403302959455557701594420687693279759982292853098277780027130808267649257", "price": "0.86", "size": "633.04", "side": "SELL", "hash": "b94bd8b125c8d9e86f816a59731ab770258548c4", "best_bid": "0.32", "best_ask": "0.42"}], "timestamp": "1769384162110", "event_type": "price_change"}}
{"_local_timestamp": "2026-01-25T23:36:09.282003+00:00", "data": {"market": "0x7f30cf3ce31deb36d9c87b7ce3ad493ecba7e2c04f54d9064c3668fec489e5a2", "price_changes": [{"asset_id": "98454865528785835890045788599167077000239351581671639397727717396046966577161", "price": "0.13", "size": "800", "side": "BUY", "hash": "e393a3ae54f10b4d394cad17ee17832d980d461c", "best_bid": "0.58", "best_ask": "0.68"}, {"asset_id": "41880403302959455557701594420687693279759982292853098277780027130808267649257", "price": "0.87", "size": "800", "side": "SELL", "hash": "99a11c465aace3b89b2c5b6da9e4223772fe8db1", "best_bid": "0.32", "best_ask": "0.42"}], "timestamp": "1769384169207", "event_type": "price_change"}}
{"_local_timestamp": "2026-01-25T23:36:09.562524+00:00", "data": {"market": "0x7f30cf3ce31deb36d9c87b7ce3ad493ecba7e2c04f54d9064c3668fec489e5a2", "price_changes": [{"asset_id": "98454865528785835890045788599167077000239351581671639397727717396046966577161", "price": "0.15", "size": "400", "side": "BUY", "hash": "80070f0a9138272346e79ba5d39e09b05ebdba8e", "best_bid": "0.58", "best_ask": "0.68"}, {"asset_id": "41880403302959455557701594420687693279759982292853098277780027130808267649257", "price": "0.85", "size": "400", "side": "SELL", "hash": "ed081963d5811dab99a1bb76d32ed82da454f9e2", "best_bid": "0.32", "best_ask": "0.42"}], "timestamp": "1769384169493", "event_type": "price_change"}}
{"_local_timestamp": "2026-01-25T23:36:09.602812+00:00", "data": {"market": "0x7f30cf3ce31deb36d9c87b7ce3ad493ecba7e2c04f54d9064c3668fec489e5a2", "price_changes": [{"asset_id": "98454865528785835890045788599167077000239351581671639397727717396046966577161", "price": "0.15", "size": "200", "side": "BUY", "hash": "0fed4c3f811dec89a5bee9b070ce398626853939", "best_bid": "0.58", "best_ask": "0.68"}, {"asset_id": "41880403302959455557701594420687693279759982292853098277780027130808267649257", "price": "0.85", "size": "200", "side": "SELL", "hash": "84c69ab077f05bb7645d21fadce349478a052463", "best_bid": "0.32", "best_ask": "0.42"}], "timestamp": "1769384169531", "event_type": "price_change"}}
{"_local_timestamp": "2026-01-25T23:36:09.603560+00:00", "data": {"market": "0x7f30cf3ce31deb36d9c87b7ce3ad493ecba7e2c04f54d9064c3668fec489e5a2", "price_changes": [{"asset_id": "98454865528785835890045788599167077000239351581671639397727717396046966577161", "price": "0.16", "size": "200", "side": "BUY", "hash": "1b11a1eaa5024929e9b401f61bc7237d52ea3bce", "best_bid": "0.58", "best_ask": "0.68"}, {"asset_id": "41880403302959455557701594420687693279759982292853098277780027130808267649257", "price": "0.84", "size": "200", "side": "SELL", "hash": "b356f18ec5b31b108f987825c2e3d46ba856975a", "best_bid": "0.32", "best_ask": "0.42"}], "timestamp": "1769384169533", "event_type": "price_change"}}
{"_local_timestamp": "2026-01-25T23:36:09.765283+00:00", "data": {"market": "0x7f30cf3ce31deb36d9c87b7ce3ad493ecba7e2c04f54d9064c3668fec489e5a2", "price_changes": [{"asset_id": "98454865528785835890045788599167077000239351581671639397727717396046966577161", "price": "0.16", "size": "533.04", "side": "BUY", "hash": "4c5bbd9ccfcdf2602f5b928c6559ccbba9df5a94", "best_bid": "0.58", "best_ask": "0.68"}, {"asset_id": "41880403302959455557701594420687693279759982292853098277780027130808267649257", "price": "0.84", "size": "533.04", "side": "SELL", "hash": "82a5e477e773df7abb0f69511832825bdd7d89e5", "best_bid": "0.32", "best_ask": "0.42"}], "timestamp": "1769384169696", "event_type": "price_change"}}
{"_local_timestamp": "2026-01-25T23:36:11.605007+00:00", "data": {"market": "0x7f30cf3ce31deb36d9c87b7ce3ad493ecba7e2c04f54d9064c3668fec489e5a2", "price_changes": [{"asset_id": "98454865528785835890045788599167077000239351581671639397727717396046966577161", "price": "0.16", "size": "333.04", "side": "BUY", "hash": "c9f31df1cc0d7e2b345327d0fdad74a28d99024d", "best_bid": "0.58", "best_ask": "0.68"}, {"asset_id": "41880403302959455557701594420687693279759982292853098277780027130808267649257", "price": "0.84", "size": "333.04", "side": "SELL", "hash": "c7650654fa7c3de9809a0f5bcd04aa3aaff02ea1", "best_bid": "0.32", "best_ask": "0.42"}], "timestamp": "1769384171534", "event_type": "price_change"}}
{"_local_timestamp": "2026-01-25T23:36:11.612978+00:00", "data": {"market": "0x7f30cf3ce31deb36d9c87b7ce3ad493ecba7e2c04f54d9064c3668fec489e5a2", "price_changes": [{"asset_id": "98454865528785835890045788599167077000239351581671639397727717396046966577161", "price": "0.17", "size": "200", "side": "BUY", "hash": "6831beeab39a279c5e1b29ad7774192becd6900a", "best_bid": "0.58", "best_ask": "0.68"}, {"asset_id": "41880403302959455557701594420687693279759982292853098277780027130808267649257", "price": "0.83", "size": "200", "side": "SELL", "hash": "2369f589867f4899bf548ebc4028c7b813b50780", "best_bid": "0.32", "best_ask": "0.42"}], "timestamp": "1769384171539", "event_type": "price_change"}}
{"_local_timestamp": "2026-01-25T23:36:21.434008+00:00", "data": {"market": "0x7f30cf3ce31deb36d9c87b7ce3ad493ecba7e2c04f54d9064c3668fec489e5a2", "price_changes": [{"asset_id": "98454865528785835890045788599167077000239351581671639397727717396046966577161", "price": "0.15", "size": "0", "side": "BUY", "hash": "2f874500e19450113f8870c1d3f74fc2d5608b1a", "best_bid": "0.58", "best_ask": "0.68"}, {"asset_id": "41880403302959455557701594420687693279759982292853098277780027130808267649257", "price": "0.85", "size": "0", "side": "SELL", "hash": "b1bbca5bc4b639e8072a9af02a364bc2ac766cb1", "best_bid": "0.32", "best_ask": "0.42"}], "timestamp": "1769384181342", "event_type": "price_change"}}
{"_local_timestamp": "2026-01-25T23:36:21.474808+00:00", "data": {"market": "0x7f30cf3ce31deb36d9c87b7ce3ad493ecba7e2c04f54d9064c3668fec489e5a2", "price_changes": [{"asset_id": "98454865528785835890045788599167077000239351581671639397727717396046966577161", "price": "0.16", "size": "0", "side": "BUY", "hash": "aa4709140e002ff64c2984208b548cf049362e12", "best_bid": "0.58", "best_ask": "0.68"}, {"asset_id": "41880403302959455557701594420687693279759982292853098277780027130808267649257", "price": "0.84", "size": "0", "side": "SELL", "hash": "cc630b1fccd0d1e57299d63155f92d64984aad31", "best_bid": "0.32", "best_ask": "0.42"}], "timestamp": "1769384181383", "event_type": "price_change"}}
{"_local_timestamp": "2026-01-25T23:36:21.562002+00:00", "data": {"market": "0x7f30cf3ce31deb36d9c87b7ce3ad493ecba7e2c04f54d9064c3668fec489e5a2", "price_changes": [{"asset_id": "98454865528785835890045788599167077000239351581671639397727717396046966577161", "price": "0.17", "size": "0", "side": "BUY", "hash": "c5300d85d61a41af408ff9912d8328f96a8653fe", "best_bid": "0.58", "best_ask": "0.68"}, {"asset_id": "41880403302959455557701594420687693279759982292853098277780027130808267649257", "price": "0.83", "size": "0", "side": "SELL", "hash": "4a4cb15095403f2f4822589e0b42f686bee1509f", "best_bid": "0.32", "best_ask": "0.42"}], "timestamp": "1769384181434", "event_type": "price_change"}}
{"_local_timestamp": "2026-01-25T23:36:21.562687+00:00", "data": {"market": "0x7f30cf3ce31deb36d9c87b7ce3ad493ecba7e2c04f54d9064c3668fec489e5a2", "price_changes": [{"asset_id": "98454865528785835890045788599167077000239351581671639397727717396046966577161", "price": "0.15", "size": "200", "side": "BUY", "hash": "6c14143b5fb05f0b052002c391ebe8f0424114cf", "best_bid": "0.58", "best_ask": "0.68"}, {"asset_id": "41880403302959455557701594420687693279759982292853098277780027130808267649257", "price": "0.85", "size": "200", "side": "SELL", "hash": "43bd31446ff1b62d03d19b62401718f8f8ae2b08", "best_bid": "0.32", "best_ask": "0.42"}], "timestamp": "1769384181453", "event_type": "price_change"}}
{"_local_timestamp": "2026-01-25T23:36:21.728560+00:00", "data": {"market": "0x7f30cf3ce31deb36d9c87b7ce3ad493ecba7e2c04f54d9064c3668fec489e5a2", "price_changes": [{"asset_id": "98454865528785835890045788599167077000239351581671639397727717396046966577161", "price": "0.13", "size": "1000", "side": "BUY", "hash": "17892c0cd59a105e73335611cbdb7d3136eec36a", "best_bid": "0.58", "best_ask": "0.68"}, {"asset_id": "41880403302959455557701594420687693279759982292853098277780027130808267649257", "price": "0.87", "size": "1000", "side": "SELL", "hash": "8dea419f792c18bea61eaac98183813ee01c4ee2", "best_bid": "0.32", "best_ask": "0.42"}], "timestamp": "1769384181616", "event_type": "price_change"}}
{"_local_timestamp": "2026-01-25T23:36:30.664852+00:00", "data": {"market": "0x7f30cf3ce31deb36d9c87b7ce3ad493ecba7e2c04f54d9064c3668fec489e5a2", "price_changes": [{"asset_id": "98454865528785835890045788599167077000239351581671639397727717396046966577161", "price": "0.15", "size": "300", "side": "BUY", "hash": "f6c4b9e434bceff23af9808c13b1989fdfe78958", "best_bid": "0.58", "best_ask": "0.68"}, {"asset_id": "41880403302959455557701594420687693279759982292853098277780027130808267649257", "price": "0.85", "size": "300", "side": "SELL", "hash": "ad862e69b15a31f0b41a3849b8dfe9b3a7d8b94d", "best_bid": "0.32", "best_ask": "0.42"}], "timestamp": "1769384190584", "event_type": "price_change"}}
{"_local_timestamp": "2026-01-25T23:36:31.101866+00:00", "data": {"market": "0x7f30cf3ce31deb36d9c87b7ce3ad493ecba7e2c04f54d9064c3668fec489e5a2", "price_changes": [{"asset_id": "98454865528785835890045788599167077000239351581671639397727717396046966577161", "price": "0.14", "size": "533.04", "side": "BUY", "hash": "eeaeda4a75f654883b49574a098777cd5d49ceb0", "best_bid": "0.58", "best_ask": "0.68"}, {"asset_id": "41880403302959455557701594420687693279759982292853098277780027130808267649257", "price": "0.86", "size": "533.04", "side": "SELL", "hash": "b52d7f477708c62f8ae101f1ec201d1f314366d1", "best_bid": "0.32", "best_ask": "0.42"}], "timestamp": "1769384191032", "event_type": "price_change"}}
{"_local_timestamp": "2026-01-25T23:36:31.383258+00:00", "data": {"market": "0x7f30cf3ce31deb36d9c87b7ce3ad493ecba7e2c04f54d9064c3668fec489e5a2", "price_changes": [{"asset_id": "98454865528785835890045788599167077000239351581671639397727717396046966577161", "price": "0.13", "size": "1100", "side": "BUY", "hash": "a7eb42e4015c1c1983c01c950294a9896da2c490", "best_bid": "0.58", "best_ask": "0.68"}, {"asset_id": "41880403302959455557701594420687693279759982292853098277780027130808267649257", "price": "0.87", "size": "1100", "side": "SELL", "hash": "ca9f5bec1b622728f6e5537689dc242b92106aa1", "best_bid": "0.32", "best_ask": "0.42"}], "timestamp": "1769384191311", "event_type": "price_change"}}
{"_local_timestamp": "2026-01-25T23:36:33.074632+00:00", "data": {"market": "0x7f30cf3ce31deb36d9c87b7ce3ad493ecba7e2c04f54d9064c3668fec489e5a2", "price_changes": [{"asset_id": "41880403302959455557701594420687693279759982292853098277780027130808267649257", "price": "0.32", "size": "200", "side": "BUY", "hash": "52f6b6ec1c78abfc31dacce55fd5dd545105b8b3", "best_bid": "0.32", "best_ask": "0.42"}, {"asset_id": "98454865528785835890045788599167077000239351581671639397727717396046966577161", "price": "0.68", "size": "200", "side": "SELL", "hash": "b8f191466b5cdee7f6dab17dcc895c77c70e48f9", "best_bid": "0.58", "best_ask": "0.68"}], "timestamp": "1769384193003", "event_type": "price_change"}}
{"_local_timestamp": "2026-01-25T23:36:33.133091+00:00", "data": {"market": "0x7f30cf3ce31deb36d9c87b7ce3ad493ecba7e2c04f54d9064c3668fec489e5a2", "price_changes": [{"asset_id": "41880403302959455557701594420687693279759982292853098277780027130808267649257", "price": "0.32", "size": "0", "side": "BUY", "hash": "dd2291697718f4b2a8cc88441b54ba4e2d351bf6", "best_bid": "0.3", "best_ask": "0.42"}, {"asset_id": "98454865528785835890045788599167077000239351581671639397727717396046966577161", "price": "0.68", "size": "0", "side": "SELL", "hash": "fab5220da3824ecef4e1b5aa67ac6b8bda82e19f", "best_bid": "0.58", "best_ask": "0.7"}], "timestamp": "1769384193053", "event_type": "price_change"}}
{"_local_timestamp": "2026-01-25T23:36:33.137908+00:00", "data": {"market": "0x7f30cf3ce31deb36d9c87b7ce3ad493ecba7e2c04f54d9064c3668fec489e5a2", "price_changes": [{"asset_id": "98454865528785835890045788599167077000239351581671639397727717396046966577161", "price": "0.13", "size": "900", "side": "BUY", "hash": "669cb0198a3cf775dea00b988bd35200b9b173c5", "best_bid": "0.58", "best_ask": "0.7"}, {"asset_id": "41880403302959455557701594420687693279759982292853098277780027130808267649257", "price": "0.87", "size": "900", "side": "SELL", "hash": "256032c6574bb000351d04db85838592e09fa927", "best_bid": "0.3", "best_ask": "0.42"}], "timestamp": "1769384193053", "event_type": "price_change"}}
