{"_local_timestamp": "2026-01-25T23:33:25.872071+00:00", "data": [{"market": "0x9e4fdafc09127ead9de1af4fb1226f7c207b1bbddc7b9d37630f4f2ab85da2ef", "asset_id": "15108062047263269812989410448695533063871454180947421137344863422023324517187", "timestamp": "1769383593075", "hash": "2fc2d32e056894a9e4515ab41061875df5a55f96", "bids": [{"price": "0.01", "size": "19.94"}], "asks": [{"price": "0.99", "size": "1038.09"}, {"price": "0.98", "size": "1007.07"}, {"price": "0.97", "size": "21.92"}, {"price": "0.96", "size": "5"}], "event_type": "book", "last_trade_price": ""}, {"market": "0x9e4fdafc09127ead9de1af4fb1226f7c207b1bbddc7b9d37630f4f2ab85da2ef", "asset_id": "77728891046182611021995375724562102204264084380888807499437299087023485146835", "timestamp": "1769383593075", "hash": "b7f34ae440b4cc0f87c4134599cd912d4698bbfe", "bids": [{"price": "0.01", "size": "1038.09"}, {"price": "0.02", "size": "1007.07"}, {"price": "0.03", "size": "21.92"}, {"price": "0.04", "size": "5"}], "asks": [{"price": "0.99", "size": "19.94"}], "event_type": "book", "last_trade_price": ""}]}
{"_local_timestamp": "2026-01-25T23:34:21.928101+00:00", "data": {"market": "0x9e4fdafc09127ead9de1af4fb1226f7c207b1bbddc7b9d37630f4f2ab85da2ef", "price_changes": [{"asset_id": "77728891046182611021995375724562102204264084380888807499437299087023485146835", "price": "0.03", "size": "13.72", "side": "BUY", "hash": "ebb56757fb74a8b1fc8874b3612f5072b89a6e9a", "best_bid": "0.03", "best_ask": "0.99"}, {"asset_id": "15108062047263269812989410448695533063871454180947421137344863422023324517187", "price": "0.97", "size": "13.72", "side": "SELL", "hash": "38360a3303f71f0c559c1be0bc5c23594accfebd", "best_bid": "0.01", "best_ask": "0.97"}], "timestamp": "1769384061844", "event_type": "price_change"}}
{"_local_timestamp": "2026-01-25T23:34:21.929508+00:00", "data": {"market": "0x9e4fdafc09127ead9de1af4fb1226f7c207b1bbddc7b9d37630f4f2ab85da2ef", "price_changes": [{"asset_id": "77728891046182611021995375724562102204264084380888807499437299087023485146835", "price": "0.04", "size": "0", "side": "BUY", "hash": "ebb56757fb74a8b1fc8874b3612f5072b89a6e9a", "best_bid": "0.03", "best_ask": "0.99"}, {"asset_id": "15108062047263269812989410448695533063871454180947421137344863422023324517187", "price": "0.96", "size": "0", "side": "SELL", "hash": "38360a3303f71f0c559c1be0bc5c23594accfebd", "best_bid": "0.01", "best_ask": "0.97"}], "timestamp": "1769384061844", "event_type": "price_change"}}
{"_local_timestamp": "2026-01-25T23:34:24.544116+00:00", "data": {"market": "0x9e4fdafc09127ead9de1af4fb1226f7c207b1bbddc7b9d37630f4f2ab85da2ef", "price_changes": [{"asset_id": "77728891046182611021995375724562102204264084380888807499437299087023485146835", "price": "0.03", "size": "21.92", "side": "BUY", "hash": "a9c6b7157e2dc302b1968cd7bbab0388e185f303", "best_bid": "0.03", "best_ask": "0.99"}, {"asset_id": "15108062047263269812989410448695533063871454180947421137344863422023324517187", "price": "0.97", "size": "21.92", "side": "SELL", "hash": "de007c88deddeb75fc1dd3261fdbde6fc2063524", "best_bid": "0.01", "best_ask": "0.97"}], "timestamp": "1769384064474", "event_type": "price_change"}}
{"_local_timestamp": "2026-01-25T23:34:24.544900+00:00", "data": {"market": "0x9e4fdafc09127ead9de1af4fb1226f7c207b1bbddc7b9d37630f4f2ab85da2ef", "price_changes": [{"asset_id": "77728891046182611021995375724562102204264084380888807499437299087023485146835", "price": "0.04", "size": "5", "side": "BUY", "hash": "0cb47a4d11841bce9c2146d3d800c05f02659bb8", "best_bid": "0.04", "best_ask": "0.99"}, {"asset_id": "15108062047263269812989410448695533063871454180947421137344863422023324517187", "price": "0.96", "size": "5", "side": "SELL", "hash": "3cc41842ef846bbb6767844753b00c2c56843008", "best_bid": "0.01", "best_ask": "0.96"}], "timestamp": "1769384064475", "event_type": "price_change"}}
