{"_local_timestamp": "2026-01-25T23:33:44.647944+00:00", "data": [{"market": "0x11128a5f30b7b884aa4c5c4082d1e5f03a185806d3bbb5a73715bfe0598dfc44", "asset_id": "60988675328494000470713588443398355077336002345389821702397317360668188440539", "timestamp": "1769383628297", "hash": "1a7dc35a019c5660c154cafd96f61799848a68e6", "bids": [{"price": "0.01", "size": "20.52"}, {"price": "0.02", "size": "5"}], "asks": [{"price": "0.99", "size": "45.39"}], "event_type": "book", "last_trade_price": ""}, {"market": "0x11128a5f30b7b884aa4c5c4082d1e5f03a185806d3bbb5a73715bfe0598dfc44", "asset_id": "64523186822959790500601042082487016086925583684302688311647052674759778040468", "timestamp": "1769383628297", "hash": "fb5748922f8e75802a9b3fb5057c2cf00131f7fd", "bids": [{"price": "0.01", "size": "45.39"}], "asks": [{"price": "0.99", "size": "20.52"}, {"price": "0.98", "size": "5"}], "event_type": "book", "last_trade_price": ""}]}
{"_local_timestamp": "2026-01-25T23:34:20.650078+00:00", "data": {"market": "0x11128a5f30b7b884aa4c5c4082d1e5f03a185806d3bbb5a73715bfe0598dfc44", "price_changes": [{"asset_id": "64523186822959790500601042082487016086925583684302688311647052674759778040468", "price": "0.01", "size": "8", "side": "BUY", "hash": "46bdd5156b8ec400bb853d6b650a3c846d0d798f", "best_bid": "0.01", "best_ask": "0.98"}, {"asset_id": "60988675328494000470713588443398355077336002345389821702397317360668188440539", "price": "0.99", "size": "8", "side": "SELL", "hash": "bdf4458950498f4734fcde3b565e40b03c965646", "best_bid": "0.02", "best_ask": "0.99"}], "timestamp": "1769384060582", "event_type": "price_change"}}
{"_local_timestamp": "2026-01-25T23:34:21.796016+00:00", "data": {"market": "0x11128a5f30b7b884aa4c5c4082d1e5f03a185806d3bbb5a73715bfe0598dfc44", "price_changes": [{"asset_id": "64523186822959790500601042082487016086925583684302688311647052674759778040468", "price": "0.01", "size": "45.39", "side": "BUY", "hash": "708b2e8222ab339be0a2ec90a4fcfedd928dafb2", "best_bid": "0.01", "best_ask": "0.98"}, {"asset_id": "60988675328494000470713588443398355077336002345389821702397317360668188440539", "price": "0.99", "size": "45.39", "side": "SELL", "hash": "3c7253ce6adcee068e6799433966edd5f2c6c281", "best_bid": "0.02", "best_ask": "0.99"}], "timestamp": "1769384061731", "event_type": "price_change"}}
{"_local_timestamp": "2026-01-25T23:34:53.745800+00:00", "data": {"market": "0x11128a5f30b7b884aa4c5c4082d1e5f03a185806d3bbb5a73715bfe0598dfc44", "price_changes": [{"asset_id": "60988675328494000470713588443398355077336002345389821702397317360668188440539", "price": "0.02", "size": "0", "side": "BUY", "hash": "34114221081610ca7aa7cb12f71760f87afdf0a0", "best_bid": "0.01", "best_ask": "0.99"}, {"asset_id": "64523186822959790500601042082487016086925583684302688311647052674759778040468", "price": "0.98", "size": "0", "side": "SELL", "hash": "a97795921cf2a5ec27e624ee49714c5e3b60c2f2", "best_bid": "0.01", "best_ask": "0.99"}], "timestamp": "1769384093679", "event_type": "price_change"}}
{"_local_timestamp": "2026-01-25T23:34:55.947720+00:00", "data": {"market": "0x11128a5f30b7b884aa4c5c4082d1e5f03a185806d3bbb5a73715bfe0598dfc44", "price_changes": [{"asset_id": "60988675328494000470713588443398355077336002345389821702397317360668188440539", "price": "0.01", "size": "65.9", "side": "BUY", "hash": "2db686f807c26256ff1005198e9c988be94eeba8", "best_bid": "0.01", "best_ask": "0.99"}, {"asset_id": "64523186822959790500601042082487016086925583684302688311647052674759778040468", "price": "0.99", "size": "65.9", "side": "SELL", "hash": "0db30e90c7551e1c5b85b4eaa5e9c08ac75175ac", "best_bid": "0.01", "best_ask": "0.99"}], "timestamp": "1769384095881", "event_type": "price_change"}}
{"_local_timestamp": "2026-01-25T23:34:55.954258+00:00", "data": {"market": "0x11128a5f30b7b884aa4c5c4082d1e5f03a185806d3bbb5a73715bfe0598dfc44", "price_changes": [{"asset_id": "60988675328494000470713588443398355077336002345389821702397317360668188440539", "price": "0.02", "size": "5", "side": "BUY", "hash": "86840a7bcb833158cbc0857c04b2d9ffdd147ead", "best_bid": "0.02", "best_ask": "0.99"}, {"asset_id": "64523186822959790500601042082487016086925583684302688311647052674759778040468", "price": "0.98", "size": "5", "side": "SELL", "hash": "7f3527feff4e7a802c3694368264f711abc5f6eb", "best_bid": "0.01", "best_ask": "0.98"}], "timestamp": "1769384095886", "event_type": "price_change"}}
{"_local_timestamp": "2026-01-25T23:36:54.296319+00:00", "data": {"market": "0x11128a5f30b7b884aa4c5c4082d1e5f03a185806d3bbb5a73715bfe0598dfc44", "price_changes": [{"asset_id": "64523186822959790500601042082487016086925583684302688311647052674759778040468", "price": "0.01", "size": "8", "side": "BUY", "hash": "9087cd6649b6436e520aeb430c43848922842340", "best_bid": "0.01", "best_ask": "0.98"}, {"asset_id": "60988675328494000470713588443398355077336002345389821702397317360668188440539", "price": "0.99", "size": "8", "side": "SELL", "hash": "f5c6cd5a090b56fe567c90fc70fa2d8894bfed68", "best_bid": "0.02", "best_ask": "0.99"}], "timestamp": "1769384214180", "event_type": "price_change"}}
{"_local_timestamp": "2026-01-25T23:36:54.625555+00:00", "data": {"market": "0x11128a5f30b7b884aa4c5c4082d1e5f03a185806d3bbb5a73715bfe0598dfc44", "price_changes": [{"asset_id": "64523186822959790500601042082487016086925583684302688311647052674759778040468", "price": "0.01", "size": "45.39", "side": "BUY", "hash": "7705aba90dc1a2bbadce260f9ba39fad3b720f95", "best_bid": "0.01", "best_ask": "0.98"}, {"asset_id": "60988675328494000470713588443398355077336002345389821702397317360668188440539", "price": "0.99", "size": "45.39", "side": "SELL", "hash": "983aa65a78bca9337b1f25124911b9ae4ea75c92", "best_bid": "0.02", "best_ask": "0.99"}], "timestamp": "1769384214495", "event_type": "price_change"}}
{"_local_timestamp": "2026-01-25T23:36:56.412850+00:00", "data": {"market": "0x11128a5f30b7b884aa4c5c4082d1e5f03a185806d3bbb5a73715bfe0598dfc44", "price_changes": [{"asset_id": "60988675328494000470713588443398355077336002345389821702397317360668188440539", "price": "0.01", "size": "20.52", "side": "BUY", "hash": "d120cd2a5077a0299a6d03580e7d9922659cf52b", "best_bid": "0.01", "best_ask": "0.99"}, {"asset_id": "64523186822959790500601042082487016086925583684302688311647052674759778040468", "price": "0.99", "size": "20.52", "side": "SELL", "hash": "4fe55b13311eca601d228208d2a144f0b10dac13", "best_bid": "0.01", "best_ask": "0.99"}], "timestamp": "1769384215929", "event_type": "price_change"}}
{"_local_timestamp": "2026-01-25T23:36:56.413384+00:00", "data": {"market": "0x11128a5f30b7b884aa4c5c4082d1e5f03a185806d3bbb5a73715bfe0598dfc44", "price_changes": [{"asset_id": "60988675328494000470713588443398355077336002345389821702397317360668188440539", "price": "0.02", "size": "0", "side": "BUY", "hash": "d120cd2a5077a0299a6d03580e7d9922659cf52b", "best_bid": "0.01", "best_ask": "0.99"}, {"asset_id": "64523186822959790500601042082487016086925583684302688311647052674759778040468", "price": "0.98", "size": "0", "side": "SELL", "hash": "4fe55b13311eca601d228208d2a144f0b10dac13", "best_bid": "0.01", "best_ask": "0.99"}], "timestamp": "1769384215929", "event_type": "price_change"}}
{"_local_timestamp": "2026-01-25T23:36:56.540838+00:00", "data": {"market": "0x11128a5f30b7b884aa4c5c4082d1e5f03a185806d3bbb5a73715bfe0598dfc44", "price_changes": [{"asset_id": "60988675328494000470713588443398355077336002345389821702397317360668188440539", "price": "0.01", "size": "27.58", "side": "BUY", "hash": "d587e51447a30b94f760f5b4c69c4d9cf2493570", "best_bid": "0.01", "best_ask": "0.99"}, {"asset_id": "64523186822959790500601042082487016086925583684302688311647052674759778040468", "price": "0.99", "size": "27.58", "side": "SELL", "hash": "e942985e0a5013b3d527a4e8ad5fcd298005dc34", "best_bid": "0.01", "best_ask": "0.99"}], "timestamp": "1769384216323", "event_type": "price_change"}}
{"_local_timestamp": "2026-01-25T23:36:56.541326+00:00", "data": {"market": "0x11128a5f30b7b884aa4c5c4082d1e5f03a185806d3bbb5a73715bfe0598dfc44", "price_changes": [{"asset_id": "60988675328494000470713588443398355077336002345389821702397317360668188440539", "price": "0.03", "size": "5", "side": "BUY", "hash": "5cd30c9836cbd63231602897c58edd384cf011c2", "best_bid": "0.03", "best_ask": "0.99"}, {"asset_id": "64523186822959790500601042082487016086925583684302688311647052674759778040468", "price": "0.97", "size": "5", "side": "SELL", "hash": "11f8a7fe08669ff4ee774cfe425fd0d46c6b5b15", "best_bid": "0.01", "best_ask": "0.97"}], "timestamp": "1769384216324", "event_type": "price_change"}}
{"_local_timestamp": "2026-01-25T23:36:56.541739+00:00", "data": {"market": "0x11128a5f30b7b884aa4c5c4082d1e5f03a185806d3bbb5a73715bfe0598dfc44", "price_changes": [{"asset_id": "60988675328494000470713588443398355077336002345389821702397317360668188440539", "price": "0.02", "size": "19.16", "side": "BUY", "hash": "f0dd7fb913e9c6305849187b0ffa597dfbff6be0", "best_bid": "0.03", "best_ask": "0.99"}, {"asset_id": "64523186822959790500601042082487016086925583684302688311647052674759778040468", "price": "0.98", "size": "19.16", "side": "SELL", "hash": "bc43572a4a8ddf6caf9f08c2de3782a7f713eaa9", "best_bid": "0.01", "best_ask": "0.97"}], "timestamp": "1769384216324", "event_type": "price_change"}}
{"_local_timestamp": "2026-01-25T23:37:05.406712+00:00", "data": {"market": "0x11128a5f30b7b884aa4c5c4082d1e5f03a185806d3bbb5a73715bfe0598dfc44", "price_changes": [{"asset_id": "64523186822959790500601042082487016086925583684302688311647052674759778040468", "price": "0.01", "size": "8", "side": "BUY", "hash": "24901beba13bb17e01f27f25930cc4f446fd9f44", "best_bid": "0.01", "best_ask": "0.97"}, {"asset_id": "60988675328494000470713588443398355077336002345389821702397317360668188440539", "price": "0.99", "size": "8", "side": "SELL", "hash": "5c561ca243448224e9cfb6bf7ac41b37da1f66e0", "best_bid": "0.03", "best_ask": "0.99"}], "timestamp": "1769384225243", "event_type": "price_change"}}
{"_local_timestamp": "2026-01-25T23:37:05.829600+00:00", "data": {"market": "0x11128a5f30b7b884aa4c5c4082d1e5f03a185806d3bbb5a73715bfe0598dfc44", "price_changes": [{"asset_id": "64523186822959790500601042082487016086925583684302688311647052674759778040468", "price": "0.01", "size": "45.39", "side": "BUY", "hash": "27721f19b30e74ffbcca6c2dd9177f99a956dae0", "best_bid": "0.01", "best_ask": "0.97"}, {"asset_id": "60988675328494000470713588443398355077336002345389821702397317360668188440539", "price": "0.99", "size": "45.39", "side": "SELL", "hash": "9dc93e5984b0fd937e8ec030169b71f6602f2de7", "best_bid": "0.03", "best_ask": "0.99"}], "timestamp": "1769384225663", "event_type": "price_change"}}
{"_local_timestamp": "2026-01-25T23:37:12.991131+00:00", "data": {"market": "0x11128a5f30b7b884aa4c5c4082d1e5f03a185806d3bbb5a73715bfe0598dfc44", "price_changes": [{"asset_id": "64523186822959790500601042082487016086925583684302688311647052674759778040468", "price": "0.01", "size": "8", "side": "BUY", "hash": "88e01cdfe69c87ad5762fa96829f8baeaa580ae7", "best_bid": "0.01", "best_ask": "0.97"}, {"asset_id": "60988675328494000470713588443398355077336002345389821702397317360668188440539", "price": "0.99", "size": "8", "side": "SELL", "hash": "942f6bcf50e57155a3dc43be07a6589792ce7192", "best_bid": "0.03", "best_ask": "0.99"}], "timestamp": "1769384232903", "event_type": "price_change"}}
{"_local_timestamp": "2026-01-25T23:37:13.383799+00:00", "data": {"market": "0x11128a5f30b7b884aa4c5c4082d1e5f03a185806d3bbb5a73715bfe0598dfc44", "price_changes": [{"asset_id": "64523186822959790500601042082487016086925583684302688311647052674759778040468", "price": "0.01", "size": "27.16", "side": "BUY", "hash": "4b3da65a9878b88a6f7375a2b0e6972d26156b07", "best_bid": "0.01", "best_ask": "0.97"}, {"asset_id": "60988675328494000470713588443398355077336002345389821702397317360668188440539", "price": "0.99", "size": "27.16", "side": "SELL", "hash": "3a810342a3e0c046e8f2424c3d3beb631e10a03d", "best_bid": "0.03", "best_ask": "0.99"}], "timestamp": "1769384233316", "event_type": "price_change"}}
{"_local_timestamp": "2026-01-25T23:37:13.390614+00:00", "data": {"market": "0x11128a5f30b7b884aa4c5c4082d1e5f03a185806d3bbb5a73715bfe0598dfc44", "price_changes": [{"asset_id": "64523186822959790500601042082487016086925583684302688311647052674759778040468", "price": "0.02", "size": "9.11", "side": "BUY", "hash": "52409dcddba454ecc426d0fd613d754cd3878d1f", "best_bid": "0.02", "best_ask": "0.97"}, {"asset_id": "60988675328494000470713588443398355077336002345389821702397317360668188440539", "price": "0.98", "size": "9.11", "side": "SELL", "hash": "cf77580ece74bdda388e8381530b22eed79a48a2", "best_bid": "0.03", "best_ask": "0.98"}], "timestamp": "1769384233317", "event_type": "price_change"}}
{"_local_timestamp": "2026-01-25T23:37:15.856080+00:00", "data": {"market": "0x11128a5f30b7b884aa4c5c4082d1e5f03a185806d3bbb5a73715bfe0598dfc44", "price_changes": [{"asset_id": "64523186822959790500601042082487016086925583684302688311647052674759778040468", "price": "0.02", "size": "0", "side": "BUY", "hash": "23c1d86b724ae98023f4f1e70ebe3c0d87859caf", "best_bid": "0.01", "best_ask": "0.97"}, {"asset_id": "60988675328494000470713588443398355077336002345389821702397317360668188440539", "price": "0.98", "size": "0", "side": "SELL", "hash": "01d02fc1431c787155a819b26038168e2313a4fb", "best_bid": "0.03", "best_ask": "0.99"}], "timestamp": "1769384235788", "event_type": "price_change"}}
{"_local_timestamp": "2026-01-25T23:37:16.152499+00:00", "data": {"market": "0x11128a5f30b7b884aa4c5c4082d1e5f03a185806d3bbb5a73715bfe0598dfc44", "price_changes": [{"asset_id": "64523186822959790500601042082487016086925583684302688311647052674759778040468", "price": "0.01", "size": "65.9", "side": "BUY", "hash": "1a66f9b66a94a53264dd858f7a66a8eb2c77f9ba", "best_bid": "0.01", "best_ask": "0.97"}, {"asset_id": "60988675328494000470713588443398355077336002345389821702397317360668188440539", "price": "0.99", "size": "65.9", "side": "SELL", "hash": "454bd89c23f238fdc9c1db46e65e962ca4f2c174", "best_bid": "0.03", "best_ask": "0.99"}], "timestamp": "1769384236091", "event_type": "price_change"}}
{"_local_timestamp": "2026-01-25T23:37:18.044272+00:00", "data": {"market": "0x11128a5f30b7b884aa4c5c4082d1e5f03a185806d3bbb5a73715bfe0598dfc44", "price_changes": [{"asset_id": "64523186822959790500601042082487016086925583684302688311647052674759778040468", "price": "0.01", "size": "8", "side": "BUY", "hash": "6ee2213bc5d8b76aab67eb31bfa203e6e5c44333", "best_bid": "0.01", "best_ask": "0.97"}, {"asset_id": "60988675328494000470713588443398355077336002345389821702397317360668188440539", "price": "0.99", "size": "8", "side": "SELL", "hash": "400b74d9c1320577c7acd94b8681c767461c7126", "best_bid": "0.03", "best_ask": "0.99"}], "timestamp": "1769384237969", "event_type": "price_change"}}
{"_local_timestamp": "2026-01-25T23:37:18.516534+00:00", "data": {"market": "0x11128a5f30b7b884aa4c5c4082d1e5f03a185806d3bbb5a73715bfe0598dfc44", "price_changes": [{"asset_id": "64523186822959790500601042082487016086925583684302688311647052674759778040468", "price": "0.01", "size": "45.39", "side": "BUY", "hash": "92290087afea7f6a19a4e8cc656d967382c326c7", "best_bid": "0.01", "best_ask": "0.97"}, {"asset_id": "60988675328494000470713588443398355077336002345389821702397317360668188440539", "price": "0.99", "size": "45.39", "side": "SELL", "hash": "00779364f44a2db6a5dd45c241bbf460aee369cd", "best_bid": "0.03", "best_ask": "0.99"}], "timestamp": "1769384238452", "event_type": "price_change"}}
{"_local_timestamp": "2026-01-25T23:37:23.992615+00:00", "data": {"market": "0x11128a5f30b7b884aa4c5c4082d1e5f03a185806d3bbb5a73715bfe0598dfc44", "price_changes": [{"asset_id": "64523186822959790500601042082487016086925583684302688311647052674759778040468", "price": "0.01", "size": "8", "side": "BUY", "hash": "3a6f6e474aaa35c283f19fac03805251220d1c96", "best_bid": "0.01", "best_ask": "0.97"}, {"asset_id": "60988675328494000470713588443398355077336002345389821702397317360668188440539", "price": "0.99", "size": "8", "side": "SELL", "hash": "d3f8291bbd01be903c3fe6a5045b2ce4a6251c26", "best_bid": "0.03", "best_ask": "0.99"}], "timestamp": "1769384243925", "event_type": "price_change"}}
{"_local_timestamp": "2026-01-25T23:37:24.411435+00:00", "data": {"market": "0x11128a5f30b7b884aa4c5c4082d1e5f03a185806d3bbb5a73715bfe0598dfc44", "price_changes": [{"asset_id": "64523186822959790500601042082487016086925583684302688311647052674759778040468", "price": "0.01", "size": "45.39", "side": "BUY", "hash": "4fbe31e827e0bbf4bed88725595e56919423d98c", "best_bid": "0.01", "best_ask": "0.97"}, {"asset_id": "60988675328494000470713588443398355077336002345389821702397317360668188440539", "price": "0.99", "size": "45.39", "side": "SELL", "hash": "fcf58b87905e9fad0130b4cad96d6d81236ab8dc", "best_bid": "0.03", "best_ask": "0.99"}], "timestamp": "1769384244343", "event_type": "price_change"}}
{"_local_timestamp": "2026-01-25T23:37:29.880214+00:00", "data": {"market": "0x11128a5f30b7b884aa4c5c4082d1e5f03a185806d3bbb5a73715bfe0598dfc44", "price_changes": [{"asset_id": "64523186822959790500601042082487016086925583684302688311647052674759778040468", "price": "0.01", "size": "8", "side": "BUY", "hash": "196ec2cd612a2fb0d124dd5aee9a4a7430d5056f", "best_bid": "0.01", "best_ask": "0.97"}, {"asset_id": "60988675328494000470713588443398355077336002345389821702397317360668188440539", "price": "0.99", "size": "8", "side": "SELL", "hash": "604ca25941aed05e9b652f6983ae266d69bd4268", "best_bid": "0.03", "best_ask": "0.99"}], "timestamp": "1769384249809", "event_type": "price_change"}}
{"_local_timestamp": "2026-01-25T23:37:30.281111+00:00", "data": {"market": "0x11128a5f30b7b884aa4c5c4082d1e5f03a185806d3bbb5a73715bfe0598dfc44", "price_changes": [{"asset_id": "64523186822959790500601042082487016086925583684302688311647052674759778040468", "price": "0.01", "size": "45.39", "side": "BUY", "hash": "9ec4758777fbd92d26718209ea83547731670515", "best_bid": "0.01", "best_ask": "0.97"}, {"asset_id": "60988675328494000470713588443398355077336002345389821702397317360668188440539", "price": "0.99", "size": "45.39", "side": "SELL", "hash": "a2e875b5bddcdd1394de92327dbab962876b3a6d", "best_bid": "0.03", "best_ask": "0.99"}], "timestamp": "1769384250212", "event_type": "price_change"}}
{"_local_timestamp": "2026-01-25T23:37:43.337618+00:00", "data": {"market": "0x11128a5f30b7b884aa4c5c4082d1e5f03a185806d3bbb5a73715bfe0598dfc44", "price_changes": [{"asset_id": "60988675328494000470713588443398355077336002345389821702397317360668188440539", "price": "0.02", "size": "0", "side": "BUY", "hash": "d60ec48acad3dd908c61aabf6704522cc73c1680", "best_bid": "0.01", "best_ask": "0.99"}, {"asset_id": "64523186822959790500601042082487016086925583684302688311647052674759778040468", "price": "0.98", "size": "0", "side": "SELL", "hash": "83fb519506f126afd5941ad85b1be7c9e1795ae7", "best_bid": "0.01", "best_ask": "0.99"}], "timestamp": "1769384263264", "event_type": "price_change"}}
{"_local_timestamp": "2026-01-25T23:37:43.341724+00:00", "data": {"market": "0x11128a5f30b7b884aa4c5c4082d1e5f03a185806d3bbb5a73715bfe0598dfc44", "price_changes": [{"asset_id": "60988675328494000470713588443398355077336002345389821702397317360668188440539", "price": "0.03", "size": "0", "side": "BUY", "hash": "d60ec48acad3dd908c61aabf6704522cc73c1680", "best_bid": "0.01", "best_ask": "0.99"}, {"asset_id": "64523186822959790500601042082487016086925583684302688311647052674759778040468", "price": "0.97", "size": "0", "side": "SELL", "hash": "83fb519506f126afd5941ad85b1be7c9e1795ae7", "best_bid": "0.01", "best_ask": "0.99"}], "timestamp": "1769384263264", "event_type": "price_change"}}
{"_local_timestamp": "2026-01-25T23:37:43.640054+00:00", "data": {"market": "0x11128a5f30b7b884aa4c5c4082d1e5f03a185806d3bbb5a73715bfe0598dfc44", "price_changes": [{"asset_id": "60988675328494000470713588443398355077336002345389821702397317360668188440539", "price": "0.02", "size": "5", "side": "BUY", "hash": "ff721b986dfb55e2661d49ae81bd612f1c019864", "best_bid": "0.02", "best_ask": "0.99"}, {"asset_id": "64523186822959790500601042082487016086925583684302688311647052674759778040468", "price": "0.98", "size": "5", "side": "SELL", "hash": "5419d211d1a157ebfd6ad8bb16627e3157c3b472", "best_bid": "0.01", "best_ask": "0.98"}], "timestamp": "1769384263567", "event_type": "price_change"}}
{"_local_timestamp": "2026-01-25T23:37:43.648280+00:00", "data": {"market": "0x11128a5f30b7b884aa4c5c4082d1e5f03a185806d3bbb5a73715bfe0598dfc44", "price_changes": [{"asset_id": "60988675328494000470713588443398355077336002345389821702397317360668188440539", "price": "0.01", "size": "86.41", "side": "BUY", "hash": "81f075222e68d0d2e584fc818f80ab0f272176fe", "best_bid": "0.02", "best_ask": "0.99"}, {"asset_id": "64523186822959790500601042082487016086925583684302688311647052674759778040468", "price": "0.99", "size": "86.41", "side": "SELL", "hash": "3e6b07c241448a5966fbe7bbcf01703f0f43ed34", "best_bid": "0.01", "best_ask": "0.98"}], "timestamp": "1769384263567", "event_type": "price_change"}}
{"_local_timestamp": "2026-01-25T23:37:48.456847+00:00", "data": {"market": "0x11128a5f30b7b884aa4c5c4082d1e5f03a185806d3bbb5a73715bfe0598dfc44", "price_changes": [{"asset_id": "64523186822959790500601042082487016086925583684302688311647052674759778040468", "price": "0.01", "size": "8", "side": "BUY", "hash": "78922ba4d136467488dfe99be00b1280e95ecde8", "best_bid": "0.01", "best_ask": "0.98"}, {"asset_id": "60988675328494000470713588443398355077336002345389821702397317360668188440539", "price": "0.99", "size": "8", "side": "SELL", "hash": "675dee9362e2245fad1eb0e4b6c4a3f2dbf650c7", "best_bid": "0.02", "best_ask": "0.99"}], "timestamp": "1769384268386", "event_type": "price_change"}}
{"_local_timestamp": "2026-01-25T23:37:48.852012+00:00", "data": {"market": "0x11128a5f30b7b884aa4c5c4082d1e5f03a185806d3bbb5a73715bfe0598dfc44", "price_changes": [{"asset_id": "64523186822959790500601042082487016086925583684302688311647052674759778040468", "price": "0.01", "size": "45.39", "side": "BUY", "hash": "9bfb0169ec4da216ad0f07f35c3d0ca51c5d6c12", "best_bid": "0.01", "best_ask": "0.98"}, {"asset_id": "60988675328494000470713588443398355077336002345389821702397317360668188440539", "price": "0.99", "size": "45.39", "side": "SELL", "hash": "4a88345de131437ec35f1226438ca35d4cf3be4b", "best_bid": "0.02", "best_ask": "0.99"}], "timestamp": "1769384268781", "event_type": "price_change"}}
{"_local_timestamp": "2026-01-25T23:38:17.648319+00:00", "data": {"market": "0x11128a5f30b7b884aa4c5c4082d1e5f03a185806d3bbb5a73715bfe0598dfc44", "price_changes": [{"asset_id": "64523186822959790500601042082487016086925583684302688311647052674759778040468", "price": "0.01", "size": "8", "side": "BUY", "hash": "0aa03b6b91dc5b7928a10aa39c550e0f4091a0c2", "best_bid": "0.01", "best_ask": "0.98"}, {"asset_id": "60988675328494000470713588443398355077336002345389821702397317360668188440539", "price": "0.99", "size": "8", "side": "SELL", "hash": "9b39dce69f25bfbd96e7e1bd151bdf4201e1775a", "best_bid": "0.02", "best_ask": "0.99"}], "timestamp": "1769384297582", "event_type": "price_change"}}
{"_local_timestamp": "2026-01-25T23:38:18.064787+00:00", "data": {"market": "0x11128a5f30b7b884aa4c5c4082d1e5f03a185806d3bbb5a73715bfe0598dfc44", "price_changes": [{"asset_id": "64523186822959790500601042082487016086925583684302688311647052674759778040468", "price": "0.01", "size": "45.39", "side": "BUY", "hash": "4d500b6bbfd163ef7eeaacc0dbd8c068a6684ae1", "best_bid": "0.01", "best_ask": "0.98"}, {"asset_id": "60988675328494000470713588443398355077336002345389821702397317360668188440539", "price": "0.99", "size": "45.39", "side": "SELL", "hash": "89987bb659b59a55ff7046aa753cffbcc7543df4", "best_bid": "0.02", "best_ask": "0.99"}], "timestamp": "1769384297998", "event_type": "price_change"}}
{"_local_timestamp": "2026-01-25T23:39:26.940348+00:00", "data": {"market": "0x11128a5f30b7b884aa4c5c4082d1e5f03a185806d3bbb5a73715bfe0598dfc44", "price_changes": [{"asset_id": "60988675328494000470713588443398355077336002345389821702397317360668188440539", "price": "0.01", "size": "27.58", "side": "BUY", "hash": "9d3d25c49f0bec35655372ddc962c715dc383cd9", "best_bid": "0.01", "best_ask": "0.99"}, {"asset_id": "64523186822959790500601042082487016086925583684302688311647052674759778040468", "price": "0.99", "size": "27.58", "side": "SELL", "hash": "29dba3b0e8e4787a72e9bae41a4f16311fd63a4a", "best_bid": "0.01", "best_ask": "0.99"}], "timestamp": "1769384366874", "event_type": "price_change"}}
{"_local_timestamp": "2026-01-25T23:39:26.942294+00:00", "data": {"market": "0x11128a5f30b7b884aa4c5c4082d1e5f03a185806d3bbb5a73715bfe0598dfc44", "price_changes": [{"asset_id": "60988675328494000470713588443398355077336002345389821702397317360668188440539", "price": "0.02", "size": "0", "side": "BUY", "hash": "9d3d25c49f0bec35655372ddc962c715dc383cd9", "best_bid": "0.01", "best_ask": "0.99"}, {"asset_id": "64523186822959790500601042082487016086925583684302688311647052674759778040468", "price": "0.98", "size": "0", "side": "SELL", "hash": "29dba3b0e8e4787a72e9bae41a4f16311fd63a4a", "best_bid": "0.01", "best_ask": "0.99"}], "timestamp": "1769384366874", "event_type": "price_change"}}
{"_local_timestamp": "2026-01-25T23:39:27.189229+00:00", "data": {"market": "0x11128a5f30b7b884aa4c5c4082d1e5f03a185806d3bbb5a73715bfe0598dfc44", "price_changes": [{"asset_id": "60988675328494000470713588443398355077336002345389821702397317360668188440539", "price": "0.02", "size": "5", "side": "BUY", "hash": "e419b172063a91958f731528ea9faead585a6fc2", "best_bid": "0.02", "best_ask": "0.99"}, {"asset_id": "64523186822959790500601042082487016086925583684302688311647052674759778040468", "price": "0.98", "size": "5", "side": "SELL", "hash": "1bec052b05319c526803a8f0724af33c74ff72ea", "best_bid": "0.01", "best_ask": "0.98"}], "timestamp": "1769384367128", "event_type": "price_change"}}
{"_local_timestamp": "2026-01-25T23:39:28.418179+00:00", "data": {"market": "0x11128a5f30b7b884aa4c5c4082d1e5f03a185806d3bbb5a73715bfe0598dfc44", "price_changes": [{"asset_id": "64523186822959790500601042082487016086925583684302688311647052674759778040468", "price": "0.01", "size": "8", "side": "BUY", "hash": "6e97b6af6878682896fd94bef66d41446484d0d2", "best_bid": "0.01", "best_ask": "0.98"}, {"asset_id": "60988675328494000470713588443398355077336002345389821702397317360668188440539", "price": "0.99", "size": "8", "side": "SELL", "hash": "6720d4dab9ae02dff5f36727bd988928449bcba6", "best_bid": "0.02", "best_ask": "0.99"}], "timestamp": "1769384368354", "event_type": "price_change"}}
{"_local_timestamp": "2026-01-25T23:39:28.647610+00:00", "data": {"market": "0x11128a5f30b7b884aa4c5c4082d1e5f03a185806d3bbb5a73715bfe0598dfc44", "price_changes": [{"asset_id": "64523186822959790500601042082487016086925583684302688311647052674759778040468", "price": "0.01", "size": "45.39", "side": "BUY", "hash": "954dc95594a58c5592628e875c287a005914ab37", "best_bid": "0.01", "best_ask": "0.98"}, {"asset_id": "60988675328494000470713588443398355077336002345389821702397317360668188440539", "price": "0.99", "size": "45.39", "side": "SELL", "hash": "912975f92c7e80c08d23f1ac1fda8962804fcd11", "best_bid": "0.02", "best_ask": "0.99"}], "timestamp": "1769384368581", "event_type": "price_change"}}
