{"_local_timestamp": "2026-01-25T23:33:47.725303+00:00", "data": [{"market": "0xe3623f64015e136de1c85c8fae3e69ea9163f40207e28d67103c0a9a88b7f7de", "asset_id": "113760755445400385401809334076953571814729121038935259257588339424744167598169", "timestamp": "1769383955001", "hash": "43f3aa8458f7875597d37ba74dbba60422ccc4f5", "bids": [{"price": "0.001", "size": "100"}, {"price": "0.002", "size": "6.38"}], "asks": [{"price": "0.999", "size": "432.86"}, {"price": "0.998", "size": "7.49"}, {"price": "0.98", "size": "1000"}, {"price": "0.979", "size": "25.12"}, {"price": "0.95", "size": "81.43"}], "event_type": "book", "last_trade_price": "0.001"}, {"market": "0xe3623f64015e136de1c85c8fae3e69ea9163f40207e28d67103c0a9a88b7f7de", "asset_id": "98878276480001527834207890820673512486851238428713395065852451731756986743672", "timestamp": "1769383955001", "hash": "ca12c7a8d24d20ad00aa714f8629e86787f90b32", "bids": [{"price": "0.001", "size": "432.86"}, {"price": "0.002", "size": "7.49"}, {"price": "0.02", "size": "1000"}, {"price": "0.021", "size": "25.12"}, {"price": "0.05", "size": "81.43"}], "asks": [{"price": "0.999", "size": "100"}, {"price": "0.998", "size": "6.38"}], "event_type": "book", "last_trade_price": "0.001"}]}
{"_local_timestamp": "2026-01-25T23:34:42.441803+00:00", "data": {"market": "0xe3623f64015e136de1c85c8fae3e69ea9163f40207e28d67103c0a9a88b7f7de", "price_changes": [{"asset_id": "113760755445400385401809334076953571814729121038935259257588339424744167598169", "price": "0.95", "size": "31.43", "side": "SELL", "hash": "fc892cfe09d3b41ef198f35e1df6c0c56ea72191", "best_bid": "0.002", "best_ask": "0.95"}, {"asset_id": "98878276480001527834207890820673512486851238428713395065852451731756986743672", "price": "0.05", "size": "31.43", "side": "BUY", "hash": "f41c27830be72784c83fb62db87c0c361a5943f4", "best_bid": "0.05", "best_ask": "0.998"}], "timestamp": "1769384082372", "event_type": "price_change"}}
{"_local_timestamp": "2026-01-25T23:34:44.742241+00:00", "data": {"market": "0xe3623f64015e136de1c85c8fae3e69ea9163f40207e28d67103c0a9a88b7f7de", "price_changes": [{"asset_id": "113760755445400385401809334076953571814729121038935259257588339424744167598169", "price": "0.949", "size": "50", "side": "SELL", "hash": "608058247f50edcbbebf68f8ad2cc637922464fc", "best_bid": "0.002", "best_ask": "0.949"}, {"asset_id": "98878276480001527834207890820673512486851238428713395065852451731756986743672", "price": "0.051", "size": "50", "side": "BUY", "hash": "a2106b7dcb9d6ac48e6bfd285747ddb75df3dcd0", "best_bid": "0.051", "best_ask": "0.998"}], "timestamp": "1769384084674", "event_type": "price_change"}}
{"_local_timestamp": "2026-01-25T23:34:47.254629+00:00", "data": {"market": "0xe3623f64015e136de1c85c8fae3e69ea9163f40207e28d67103c0a9a88b7f7de", "price_changes": [{"asset_id": "113760755445400385401809334076953571814729121038935259257588339424744167598169", "price": "0.001", "size": "120.52", "side": "BUY", "hash": "e3435f3b508a5ded71fdf63bb2535695a9acf72c", "best_bid": "0.002", "best_ask": "0.949"}, {"asset_id": "98878276480001527834207890820673512486851238428713395065852451731756986743672", "price": "0.999", "size": "120.52", "side": "SELL", "hash": "3ceb5667653f5325ac062733e6dc5caaf46b7519", "best_bid": "0.051", "best_ask": "0.998"}], "timestamp": "1769384087185", "event_type": "price_change"}}
{"_local_timestamp": "2026-01-25T23:34:51.356903+00:00", "data": {"market": "0xe3623f64015e136de1c85c8fae3e69ea9163f40207e28d67103c0a9a88b7f7de", "price_changes": [{"asset_id": "98878276480001527834207890820673512486851238428713395065852451731756986743672", "price": "0.001", "size": "57.59", "side": "BUY", "hash": "441bc1233f5586ba697d0378ac7456256b8d623d", "best_bid": "0.051", "best_ask": "0.998"}, {"asset_id": "113760755445400385401809334076953571814729121038935259257588339424744167598169", "price": "0.999", "size": "57.59", "side": "SELL", "hash": "9a08d657f87395ae89c274da4bceef460481bbba", "best_bid": "0.002", "best_ask": "0.949"}], "timestamp": "1769384091194", "event_type": "price_change"}}
{"_local_timestamp": "2026-01-25T23:34:53.302516+00:00", "data": {"market": "0xe3623f64015e136de1c85c8fae3e69ea9163f40207e28d67103c0a9a88b7f7de", "price_changes": [{"asset_id": "98878276480001527834207890820673512486851238428713395065852451731756986743672", "price": "0.002", "size": "214.93", "side": "BUY", "hash": "24cc76df90ca1addab8b514bb18fb4f8283ba194", "best_bid": "0.051", "best_ask": "0.998"}, {"asset_id": "113760755445400385401809334076953571814729121038935259257588339424744167598169", "price": "0.998", "size": "214.93", "side": "SELL", "hash": "093d248f66f846ec0743ad0388d7f71740ef33d6", "best_bid": "0.002", "best_ask": "0.949"}], "timestamp": "1769384093143", "event_type": "price_change"}}
