{"_local_timestamp": "2026-01-25T23:41:33.313929+00:00", "data": [{"market": "0x946e937dd543d522f26675de159a81b671baf2673494cfe892d72f59b6a48d65", "asset_id": "30096860216428751849752731020220240501257311873820387581706587487048682309490", "timestamp": "1769384489001", "hash": "4c230bc051dcd91b17ae8a1bab6a55a87cb763e4", "bids": [{"price": "0.01", "size": "143.51"}, {"price": "0.02", "size": "71"}, {"price": "0.03", "size": "29.82"}, {"price": "0.45", "size": "500"}, {"price": "0.46", "size": "100"}], "asks": [{"price": "0.99", "size": "143.63"}, {"price": "0.98", "size": "71"}, {"price": "0.97", "size": "29.78"}, {"price": "0.56", "size": "600"}], "event_type": "book", "last_trade_price": ""}, {"market": "0x946e937dd543d522f26675de159a81b671baf2673494cfe892d72f59b6a48d65", "asset_id": "32326797912692418881793085135004847069627417506373303910110643211151890932437", "timestamp": "1769384489001", "hash": "206f1f6b4ee465ea88eb938349d5a751111c257c", "bids": [{"price": "0.01", "size": "143.63"}, {"price": "0.02", "size": "71"}, {"price": "0.03", "size": "29.78"}, {"price": "0.44", "size": "600"}], "asks": [{"price": "0.99", "size": "143.51"}, {"price": "0.98", "size": "71"}, {"price": "0.97", "size": "29.82"}, {"price": "0.55", "size": "500"}, {"price": "0.54", "size": "100"}], "event_type": "book", "last_trade_price": ""}, {"market": "0x2f38e972648214a9faf442dfb13a3306ba2767ca2b43185da164e054283808bf", "asset_id": "53686121198056356961708765230174235914321565963241610922776651877875433998743", "timestamp": "1769384482004", "hash": "e8e82df6ce77338cc7274442da7011a1e4d5a05a", "bids": [{"price": "0.01", "size": "1890.1"}, {"price": "0.02", "size": "1000"}, {"price": "0.03", "size": "9.45"}, {"price": "0.04", "size": "2300"}, {"price": "0.05", "size": "800"}, {"price": "0.09", "size": "144.44"}, {"price": "0.1", "size": "400"}, {"price": "0.11", "size": "1005.59"}, {"price": "0.12", "size": "300"}, {"price": "0.2", "size": "700"}, {"price": "0.25", "size": "400"}, {"price": "0.26", "size": "200"}, {"price": "0.3", "size": "300"}, {"price": "0.33", "size": "300"}, {"price": "0.37", "size": "184"}, {"price": "0.52", "size": "1105"}, {"price": "0.54", "size": "5"}, {"price": "0.55", "size": "5"}, {"price": "0.58", "size": "5"}], "asks": [{"price": "0.99", "size": "1890.01"}, {"price": "0.98", "size": "1000"}, {"price": "0.97", "size": "10.41"}, {"price": "0.96", "size": "2625"}, {"price": "0.93", "size": "300"}, {"price": "0.92", "size": "68.75"}, {"price": "0.91", "size": "206.52"}, {"price": "0.9", "size": "300"}, {"price": "0.65", "size": "205"}, {"price": "0.64", "size": "1184"}, {"price": "0.63", "size": "5"}, {"price": "0.62", "size": "64"}], "event_type": "book", "last_trade_price": "0.380"}, {"market": "0xc713ebea2d3f3c75c22f360a55ceff5347416bc9ca58fdf77aab197792b8d912", "asset_id": "83235839729762820596328567738200871340764884192429856507108774760505261237496", "timestamp": "1769384219761", "hash": "06049d579dcb6783300b085911bd3c9511b4bfef", "bids": [{"price": "0.01", "size": "143.51"}, {"price": "0.02", "size": "71"}, {"price": "0.03", "size": "29.82"}, {"price": "0.46", "size": "100"}], "asks": [{"price": "0.99", "size": "143.63"}, {"price": "0.98", "size": "71"}, {"price": "0.97", "size": "29.78"}, {"price": "0.56", "size": "100"}], "event_type": "book", "last_trade_price": ""}, {"market": "0xc713ebea2d3f3c75c22f360a55ceff5347416bc9ca58fdf77aab197792b8d912", "asset_id": "80284667136460174211607827009360915516808713819381922734543063233622845321786", "timestamp": "1769384219761", "hash": "53a8fa9cd01701def6140d8c98123a4f9a1e3297", "bids": [{"price": "0.01", "size": "143.63"}, {"price": "0.02", "size": "71"}, {"price": "0.03", "size": "29.78"}, {"price": "0.44", "size": "100"}], "asks": [{"price": "0.99", "size": "143.51"}, {"price": "0.98", "size": "71"}, {"price": "0.97", "size": "29.82"}, {"price": "0.54", "size": "100"}], "event_type": "book", "last_trade_price": ""}, {"market": "0x87c844b30b587e7fd0fa9de1e6cbd8ceda173ff3d773ec5fca345047e97663c5", "asset_id": "81328461840865453437537555939823283523335876676600916477509008200626009722000", "timestamp": "1769384482002", "hash": "6f14fe3e66c8d193317ac91abf47362a02e58267", "bids": [{"price": "0.01", "size": "143.57"}, {"price": "0.02", "size": "71"}, {"price": "0.03", "size": "29.8"}, {"price": "0.43", "size": "500"}, {"price": "0.45", "size": "100"}], "asks": [{"price": "0.99", "size": "143.51"}, {"price": "0.98", "size": "71"}, {"price": "0.97", "size": "29.82"}, {"price": "0.55", "size": "500"}, {"price": "0.54", "size": "100"}], "event_type": "book", "last_trade_price": ""}, {"market": "0x2f38e972648214a9faf442dfb13a3306ba2767ca2b43185da164e054283808bf", "asset_id": "14522595131049267236332195965642891656236962715258897042595810607889013649709", "timestamp": "1769384482004", "hash": "c21a6f8d1bc8e5ebc9b8da75e7e173bbe5b38a29", "bids": [{"price": "0.01", "size": "1890.01"}, {"price": "0.02", "size": "1000"}, {"price": "0.03", "size": "10.41"}, {"price": "0.04", "size": "2625"}, {"price": "0.07", "size": "300"}, {"price": "0.08", "size": "68.75"}, {"price": "0.09", "size": "206.52"}, {"price": "0.1", "size": "300"}, {"price": "0.35", "size": "205"}, {"price": "0.36", "size": "1184"}, {"price": "0.37", "size": "5"}, {"price": "0.38", "size": "64"}], "asks": [{"price": "0.99", "size": "1890.1"}, {"price": "0.98", "size": "1000"}, {"price": "0.97", "size": "9.45"}, {"price": "0.96", "size": "2300"}, {"price": "0.95", "size": "800"}, {"price": "0.91", "size": "144.44"}, {"price": "0.9", "size": "400"}, {"price": "0.89", "size": "1005.59"}, {"price": "0.88", "size": "300"}, {"price": "0.8", "size": "700"}, {"price": "0.75", "size": "400"}, {"price": "0.74", "size": "200"}, {"price": "0.7", "size": "300"}, {"price": "0.67", "size": "300"}, {"price": "0.63", "size": "184"}, {"price": "0.48", "size": "1105"}, {"price": "0.46", "size": "5"}, {"price": "0.45", "size": "5"}, {"price": "0.42", "size": "5"}], "event_type": "book", "last_trade_price": "0.380"}, {"market": "0x87c844b30b587e7fd0fa9de1e6cbd8ceda173ff3d773ec5fca345047e97663c5", "asset_id": "27477604225498520875722470451761249779556987401301302829297066492819524175988", "timestamp": "1769384482002", "hash": "9d313bae6ec465aba906148ea460ca2f9ac5366c", "bids": [{"price": "0.01", "size": "143.51"}, {"price": "0.02", "size": "71"}, {"price": "0.03", "size": "29.82"}, {"price": "0.45", "size": "500"}, {"price": "0.46", "size": "100"}], "asks": [{"price": "0.99", "size": "143.57"}, {"price": "0.98", "size": "71"}, {"price": "0.97", "size": "29.8"}, {"price": "0.57", "size": "500"}, {"price": "0.55", "size": "100"}], "event_type": "book", "last_trade_price": ""}]}
{"_local_timestamp": "2026-01-25T23:41:40.570749+00:00", "data": {"market": "0x2f38e972648214a9faf442dfb13a3306ba2767ca2b43185da164e054283808bf", "price_changes": [{"asset_id": "14522595131049267236332195965642891656236962715258897042595810607889013649709", "price": "0.38", "size": "42", "side": "BUY", "hash": "1ed9d8d816bee66ecda31e92a68cc0964bbbc754", "best_bid": "0.38", "best_ask": "0.42"}, {"asset_id": "53686121198056356961708765230174235914321565963241610922776651877875433998743", "price": "0.62", "size": "42", "side": "SELL", "hash": "d7eff4273d86267a9c1cd14f50ad85cf167ec87f", "best_bid": "0.58", "best_ask": "0.62"}], "timestamp": "1769384500497", "event_type": "price_change"}}
{"_local_timestamp": "2026-01-25T23:41:40.571939+00:00", "data": {"market": "0x2f38e972648214a9faf442dfb13a3306ba2767ca2b43185da164e054283808bf", "asset_id": "53686121198056356961708765230174235914321565963241610922776651877875433998743", "bids": [{"price": "0.01", "size": "1890.1"}, {"price": "0.02", "size": "1000"}, {"price": "0.03", "size": "9.45"}, {"price": "0.04", "size": "2300"}, {"price": "0.05", "size": "800"}, {"price": "0.09", "size": "144.44"}, {"price": "0.1", "size": "400"}, {"price": "0.11", "size": "1005.59"}, {"price": "0.12", "size": "300"}, {"price": "0.2", "size": "700"}, {"price": "0.25", "size": "400"}, {"price": "0.26", "size": "200"}, {"price": "0.3", "size": "300"}, {"price": "0.33", "size": "300"}, {"price": "0.37", "size": "184"}, {"price": "0.52", "size": "1105"}, {"price": "0.54", "size": "5"}, {"price": "0.55", "size": "5"}, {"price": "0.58", "size": "5"}], "asks": [{"price": "0.99", "size": "1890.01"}, {"price": "0.98", "size": "1000"}, {"price": "0.97", "size": "10.41"}, {"price": "0.96", "size": "2625"}, {"price": "0.93", "size": "300"}, {"price": "0.92", "size": "68.75"}, {"price": "0.91", "size": "206.52"}, {"price": "0.9", "size": "300"}, {"price": "0.65", "size": "205"}, {"price": "0.64", "size": "1184"}, {"price": "0.63", "size": "5"}, {"price": "0.62", "size": "42"}], "hash": "d7eff4273d86267a9c1cd14f50ad85cf167ec87f", "timestamp": "1769384500497", "event_type": "book"}}
{"_local_timestamp": "2026-01-25T23:41:40.572911+00:00", "data": {"market": "0x2f38e972648214a9faf442dfb13a3306ba2767ca2b43185da164e054283808bf", "asset_id": "14522595131049267236332195965642891656236962715258897042595810607889013649709", "bids": [{"price": "0.01", "size": "1890.01"}, {"price": "0.02", "size": "1000"}, {"price": "0.03", "size": "10.41"}, {"price": "0.04", "size": "2625"}, {"price": "0.07", "size": "300"}, {"price": "0.08", "size": "68.75"}, {"price": "0.09", "size": "206.52"}, {"price": "0.1", "size": "300"}, {"price": "0.35", "size": "205"}, {"price": "0.36", "size": "1184"}, {"price": "0.37", "size": "5"}, {"price": "0.38", "size": "42"}], "asks": [{"price": "0.99", "size": "1890.1"}, {"price": "0.98", "size": "1000"}, {"price": "0.97", "size": "9.45"}, {"price": "0.96", "size": "2300"}, {"price": "0.95", "size": "800"}, {"price": "0.91", "size": "144.44"}, {"price": "0.9", "size": "400"}, {"price": "0.89", "size": "1005.59"}, {"price": "0.88", "size": "300"}, {"price": "0.8", "size": "700"}, {"price": "0.75", "size": "400"}, {"price": "0.74", "size": "200"}, {"price": "0.7", "size": "300"}, {"price": "0.67", "size": "300"}, {"price": "0.63", "size": "184"}, {"price": "0.48", "size": "1105"}, {"price": "0.46", "size": "5"}, {"price": "0.45", "size": "5"}, {"price": "0.42", "size": "5"}], "hash": "1ed9d8d816bee66ecda31e92a68cc0964bbbc754", "timestamp": "1769384500497", "event_type": "book"}}
{"_local_timestamp": "2026-01-25T23:41:40.616437+00:00", "data": {"market": "0x2f38e972648214a9faf442dfb13a3306ba2767ca2b43185da164e054283808bf", "asset_id": "53686121198056356961708765230174235914321565963241610922776651877875433998743", "price": "0.62", "size": "22", "fee_rate_bps": "0", "side": "BUY", "timestamp": "1769384500546", "event_type": "last_trade_price", "transaction_hash": "0x592dcf1cb4c225b7316f3e319238171b8ec62a331e20ff4123fbe93481a960f6"}}
{"_local_timestamp": "2026-01-25T23:41:40.777557+00:00", "data": {"market": "0x2f38e972648214a9faf442dfb13a3306ba2767ca2b43185da164e054283808bf", "price_changes": [{"asset_id": "53686121198056356961708765230174235914321565963241610922776651877875433998743", "price": "0.37", "size": "0", "side": "BUY", "hash": "ed55124d265d7c1c4a35043547294b4be4ecf857", "best_bid": "0.58", "best_ask": "0.62"}, {"asset_id": "14522595131049267236332195965642891656236962715258897042595810607889013649709", "price": "0.63", "size": "0", "side": "SELL", "hash": "918deb4ae1f6b487dda6abf44fa8ba0f482f69ce", "best_bid": "0.38", "best_ask": "0.42"}], "timestamp": "1769384500708", "event_type": "price_change"}}
{"_local_timestamp": "2026-01-25T23:41:40.786087+00:00", "data": {"market": "0x2f38e972648214a9faf442dfb13a3306ba2767ca2b43185da164e054283808bf", "price_changes": [{"asset_id": "53686121198056356961708765230174235914321565963241610922776651877875433998743", "price": "0.38", "size": "184", "side": "BUY", "hash": "78b470cd2e151fa3ea712747519cd1dc1d594d09", "best_bid": "0.58", "best_ask": "0.62"}, {"asset_id": "14522595131049267236332195965642891656236962715258897042595810607889013649709", "price": "0.62", "size": "184", "side": "SELL", "hash": "9237c2239bd84ca85140cee1c688552a9e3c956b", "best_bid": "0.38", "best_ask": "0.42"}], "timestamp": "1769384500713", "event_type": "price_change"}}
{"_local_timestamp": "2026-01-25T23:41:45.486193+00:00", "data": {"market": "0x2f38e972648214a9faf442dfb13a3306ba2767ca2b43185da164e054283808bf", "price_changes": [{"asset_id": "14522595131049267236332195965642891656236962715258897042595810607889013649709", "price": "0.09", "size": "200", "side": "BUY", "hash": "65f4f006a0fcd8558b57e3aa6c42f22f72c6df7c", "best_bid": "0.38", "best_ask": "0.42"}, {"asset_id": "53686121198056356961708765230174235914321565963241610922776651877875433998743", "price": "0.91", "size": "200", "side": "SELL", "hash": "8e3164d076fe4d024d58d06957eadf9f3faedab8", "best_bid": "0.58", "best_ask": "0.62"}], "timestamp": "1769384505414", "event_type": "price_change"}}
{"_local_timestamp": "2026-01-25T23:41:45.524218+00:00", "data": {"market": "0x2f38e972648214a9faf442dfb13a3306ba2767ca2b43185da164e054283808bf", "price_changes": [{"asset_id": "14522595131049267236332195965642891656236962715258897042595810607889013649709", "price": "0.08", "size": "268.75", "side": "BUY", "hash": "100dc655e30a2371405de46aad0fdc2586c025e4", "best_bid": "0.38", "best_ask": "0.42"}, {"asset_id": "53686121198056356961708765230174235914321565963241610922776651877875433998743", "price": "0.92", "size": "268.75", "side": "SELL", "hash": "15b1e5f1fbf61d6a03d4d129df8020256d9476dc", "best_bid": "0.58", "best_ask": "0.62"}], "timestamp": "1769384505450", "event_type": "price_change"}}
{"_local_timestamp": "2026-01-25T23:41:45.525065+00:00", "data": {"market": "0x2f38e972648214a9faf442dfb13a3306ba2767ca2b43185da164e054283808bf", "price_changes": [{"asset_id": "14522595131049267236332195965642891656236962715258897042595810607889013649709", "price": "0.09", "size": "0", "side": "BUY", "hash": "11d876f8a2b924645043274a20ff7a7dfdc50721", "best_bid": "0.38", "best_ask": "0.42"}, {"asset_id": "53686121198056356961708765230174235914321565963241610922776651877875433998743", "price": "0.91", "size": "0", "side": "SELL", "hash": "ca00c7f9ca22f4c7df5d7560a58757fc194018b9", "best_bid": "0.58", "best_ask": "0.62"}], "timestamp": "1769384505451", "event_type": "price_change"}}
{"_local_timestamp": "2026-01-25T23:41:46.169889+00:00", "data": {"market": "0x2f38e972648214a9faf442dfb13a3306ba2767ca2b43185da164e054283808bf", "price_changes": [{"asset_id": "14522595131049267236332195965642891656236962715258897042595810607889013649709", "price": "0.1", "size": "305.87", "side": "BUY", "hash": "91d595631891f8dbd89e1f84898ae10ddefa065d", "best_bid": "0.38", "best_ask": "0.42"}, {"asset_id": "53686121198056356961708765230174235914321565963241610922776651877875433998743", "price": "0.9", "size": "305.87", "side": "SELL", "hash": "68380d314ab811de4d49eb82d715da8896220026", "best_bid": "0.58", "best_ask": "0.62"}], "timestamp": "1769384506102", "event_type": "price_change"}}
{"_local_timestamp": "2026-01-25T23:41:47.518742+00:00", "data": {"market": "0x2f38e972648214a9faf442dfb13a3306ba2767ca2b43185da164e054283808bf", "price_changes": [{"asset_id": "14522595131049267236332195965642891656236962715258897042595810607889013649709", "price": "0.1", "size": "105.87", "side": "BUY", "hash": "fc194b5396c86f22b669a39648350f2e401a0876", "best_bid": "0.38", "best_ask": "0.42"}, {"asset_id": "53686121198056356961708765230174235914321565963241610922776651877875433998743", "price": "0.9", "size": "105.87", "side": "SELL", "hash": "1a1ceb2eb9c7622c9bc910666b63921de0d339cb", "best_bid": "0.58", "best_ask": "0.62"}], "timestamp": "1769384507448", "event_type": "price_change"}}
{"_local_timestamp": "2026-01-25T23:41:47.526874+00:00", "data": {"market": "0x2f38e972648214a9faf442dfb13a3306ba2767ca2b43185da164e054283808bf", "price_changes": [{"asset_id": "14522595131049267236332195965642891656236962715258897042595810607889013649709", "price": "0.11", "size": "200", "side": "BUY", "hash": "45cea911b37257a1b9f2242eb7204b01df62be12", "best_bid": "0.38", "best_ask": "0.42"}, {"asset_id": "53686121198056356961708765230174235914321565963241610922776651877875433998743", "price": "0.89", "size": "200", "side": "SELL", "hash": "ad6eb6da9956ed160c75f9d9a925191db9b4edb0", "best_bid": "0.58", "best_ask": "0.62"}], "timestamp": "1769384507454", "event_type": "price_change"}}
{"_local_timestamp": "2026-01-25T23:41:58.736565+00:00", "data": {"market": "0x2f38e972648214a9faf442dfb13a3306ba2767ca2b43185da164e054283808bf", "price_changes": [{"asset_id": "14522595131049267236332195965642891656236962715258897042595810607889013649709", "price": "0.1", "size": "5.87", "side": "BUY", "hash": "e70644bffbc862ae2751804af4d376192ac99384", "best_bid": "0.38", "best_ask": "0.42"}, {"asset_id": "53686121198056356961708765230174235914321565963241610922776651877875433998743", "price": "0.9", "size": "5.87", "side": "SELL", "hash": "181dffb6c3987a8b8b81c1d8fbbc0f5678ef2f7c", "best_bid": "0.58", "best_ask": "0.62"}], "timestamp": "1769384518666", "event_type": "price_change"}}
{"_local_timestamp": "2026-01-25T23:41:58.772636+00:00", "data": {"market": "0x2f38e972648214a9faf442dfb13a3306ba2767ca2b43185da164e054283808bf", "price_changes": [{"asset_id": "14522595131049267236332195965642891656236962715258897042595810607889013649709", "price": "0.1", "size": "205.87", "side": "BUY", "hash": "b018ee856d5211cc7becb9d71d306c3960ce8360", "best_bid": "0.38", "best_ask": "0.42"}, {"asset_id": "53686121198056356961708765230174235914321565963241610922776651877875433998743", "price": "0.9", "size": "205.87", "side": "SELL", "hash": "a279e76607c788591eecc010a3185b870637e2a6", "best_bid": "0.58", "best_ask": "0.62"}], "timestamp": "1769384518703", "event_type": "price_change"}}
{"_local_timestamp": "2026-01-25T23:41:58.780767+00:00", "data": {"market": "0x2f38e972648214a9faf442dfb13a3306ba2767ca2b43185da164e054283808bf", "price_changes": [{"asset_id": "14522595131049267236332195965642891656236962715258897042595810607889013649709", "price": "0.11", "size": "0", "side": "BUY", "hash": "b17322fbd40713ad36d64d2415e16ed65b41e05b", "best_bid": "0.38", "best_ask": "0.42"}, {"asset_id": "53686121198056356961708765230174235914321565963241610922776651877875433998743", "price": "0.89", "size": "0", "side": "SELL", "hash": "17f4c868fa4105f4ecea6beb4e0ebc55f50c68d4", "best_bid": "0.58", "best_ask": "0.62"}], "timestamp": "1769384518705", "event_type": "price_change"}}
{"_local_timestamp": "2026-01-25T23:41:58.956777+00:00", "data": {"market": "0x2f38e972648214a9faf442dfb13a3306ba2767ca2b43185da164e054283808bf", "price_changes": [{"asset_id": "14522595131049267236332195965642891656236962715258897042595810607889013649709", "price": "0.11", "size": "100", "side": "BUY", "hash": "0dbe2986913e7dc905054f141a1f9070b473c61d", "best_bid": "0.38", "best_ask": "0.42"}, {"asset_id": "53686121198056356961708765230174235914321565963241610922776651877875433998743", "price": "0.89", "size": "100", "side": "SELL", "hash": "a0a81614bd1f8a65fedaa4e7fde69075d359d95e", "best_bid": "0.58", "best_ask": "0.62"}], "timestamp": "1769384518889", "event_type": "price_change"}}
{"_local_timestamp": "2026-01-25T23:42:00.777057+00:00", "data": {"market": "0x2f38e972648214a9faf442dfb13a3306ba2767ca2b43185da164e054283808bf", "price_changes": [{"asset_id": "14522595131049267236332195965642891656236962715258897042595810607889013649709", "price": "0.11", "size": "300", "side": "BUY", "hash": "d5e56591ca2507ce70f3d939e8cff8352842b4f2", "best_bid": "0.38", "best_ask": "0.42"}, {"asset_id": "53686121198056356961708765230174235914321565963241610922776651877875433998743", "price": "0.89", "size": "300", "side": "SELL", "hash": "3603dfe97168ae950269cd3458b45653f7fe7e2d", "best_bid": "0.58", "best_ask": "0.62"}], "timestamp": "1769384520703", "event_type": "price_change"}}
{"_local_timestamp": "2026-01-25T23:42:00.778015+00:00", "data": {"market": "0x2f38e972648214a9faf442dfb13a3306ba2767ca2b43185da164e054283808bf", "price_changes": [{"asset_id": "14522595131049267236332195965642891656236962715258897042595810607889013649709", "price": "0.08", "size": "68.75", "side": "BUY", "hash": "16fbbdb6be63d47c4861a6d81e178b07c819e839", "best_bid": "0.38", "best_ask": "0.42"}, {"asset_id": "53686121198056356961708765230174235914321565963241610922776651877875433998743", "price": "0.92", "size": "68.75", "side": "SELL", "hash": "a9a6d85c649ff32850b18972aabe88efe8f4fefa", "best_bid": "0.58", "best_ask": "0.62"}], "timestamp": "1769384520703", "event_type": "price_change"}}
{"_local_timestamp": "2026-01-25T23:42:21.786678+00:00", "data": {"market": "0x2f38e972648214a9faf442dfb13a3306ba2767ca2b43185da164e054283808bf", "price_changes": [{"asset_id": "53686121198056356961708765230174235914321565963241610922776651877875433998743", "price": "0.52", "size": "2105", "side": "BUY", "hash": "18d0d0f1829a9b80cdc188d739a8e63392c9106c", "best_bid": "0.58", "best_ask": "0.62"}, {"asset_id": "14522595131049267236332195965642891656236962715258897042595810607889013649709", "price": "0.48", "size": "2105", "side": "SELL", "hash": "be1c0b03ae047da933a175fbb49b2fc9e7b15f5a", "best_bid": "0.38", "best_ask": "0.42"}], "timestamp": "1769384541681", "event_type": "price_change"}}
{"_local_timestamp": "2026-01-25T23:42:21.788073+00:00", "data": {"market": "0x2f38e972648214a9faf442dfb13a3306ba2767ca2b43185da164e054283808bf", "price_changes": [{"asset_id": "14522595131049267236332195965642891656236962715258897042595810607889013649709", "price": "0.36", "size": "2184", "side": "BUY", "hash": "bf8855d675551573b4bbf40899245c8e852954b6", "best_bid": "0.38", "best_ask": "0.42"}, {"asset_id": "53686121198056356961708765230174235914321565963241610922776651877875433998743", "price": "0.64", "size": "2184", "side": "SELL", "hash": "cd7ae87753b5a476ea99479528c872025fb113d4", "best_bid": "0.58", "best_ask": "0.62"}], "timestamp": "1769384541683", "event_type": "price_change"}}
{"_local_timestamp": "2026-01-25T23:42:21.789195+00:00", "data": {"market": "0x87c844b30b587e7fd0fa9de1e6cbd8ceda173ff3d773ec5fca345047e97663c5", "price_changes": [{"asset_id": "27477604225498520875722470451761249779556987401301302829297066492819524175988", "price": "0.45", "size": "1000", "side": "BUY", "hash": "fd4b44fa012138ac8fbe106135f8655972bb5eda", "best_bid": "0.46", "best_ask": "0.55"}, {"asset_id": "81328461840865453437537555939823283523335876676600916477509008200626009722000", "price": "0.55", "size": "1000", "side": "SELL", "hash": "1882d8f4502a35ea0ed6de5aeb4d97c110805a8a", "best_bid": "0.45", "best_ask": "0.54"}], "timestamp": "1769384541684", "event_type": "price_change"}}
{"_local_timestamp": "2026-01-25T23:42:21.795152+00:00", "data": {"market": "0x87c844b30b587e7fd0fa9de1e6cbd8ceda173ff3d773ec5fca345047e97663c5", "price_changes": [{"asset_id": "81328461840865453437537555939823283523335876676600916477509008200626009722000", "price": "0.43", "size": "1000", "side": "BUY", "hash": "8c4a449a44a2b9f41df287224e496b13b5c8b0c2", "best_bid": "0.45", "best_ask": "0.54"}, {"asset_id": "27477604225498520875722470451761249779556987401301302829297066492819524175988", "price": "0.57", "size": "1000", "side": "SELL", "hash": "bc31427021f5ca43de5b68cdcda301e79f94bc59", "best_bid": "0.46", "best_ask": "0.55"}], "timestamp": "1769384541688", "event_type": "price_change"}}
{"_local_timestamp": "2026-01-25T23:42:22.110411+00:00", "data": {"market": "0x87c844b30b587e7fd0fa9de1e6cbd8ceda173ff3d773ec5fca345047e97663c5", "price_changes": [{"asset_id": "27477604225498520875722470451761249779556987401301302829297066492819524175988", "price": "0.45", "size": "500", "side": "BUY", "hash": "f1536bb3b66d5414a58fdf12fa7f81ef8f3d80c3", "best_bid": "0.46", "best_ask": "0.55"}, {"asset_id": "81328461840865453437537555939823283523335876676600916477509008200626009722000", "price": "0.55", "size": "500", "side": "SELL", "hash": "f5e57614cb71693fa79d73ea3efe44d66c19e190", "best_bid": "0.45", "best_ask": "0.54"}], "timestamp": "1769384542001", "event_type": "price_change"}}
{"_local_timestamp": "2026-01-25T23:42:22.111357+00:00", "data": {"market": "0x2f38e972648214a9faf442dfb13a3306ba2767ca2b43185da164e054283808bf", "price_changes": [{"asset_id": "14522595131049267236332195965642891656236962715258897042595810607889013649709", "price": "0.36", "size": "1184", "side": "BUY", "hash": "b66dad4946525940981679ce34a6185902dc65f1", "best_bid": "0.38", "best_ask": "0.42"}, {"asset_id": "53686121198056356961708765230174235914321565963241610922776651877875433998743", "price": "0.64", "size": "1184", "side": "SELL", "hash": "7c8ac8d19e464438c251e08f9e067a3b123ccc63", "best_bid": "0.58", "best_ask": "0.62"}], "timestamp": "1769384542001", "event_type": "price_change"}}
{"_local_timestamp": "2026-01-25T23:42:22.112216+00:00", "data": {"market": "0x87c844b30b587e7fd0fa9de1e6cbd8ceda173ff3d773ec5fca345047e97663c5", "price_changes": [{"asset_id": "81328461840865453437537555939823283523335876676600916477509008200626009722000", "price": "0.43", "size": "500", "side": "BUY", "hash": "b85ceabb6e512fd4121b1ca06ed41b9fe15f38bf", "best_bid": "0.45", "best_ask": "0.54"}, {"asset_id": "27477604225498520875722470451761249779556987401301302829297066492819524175988", "price": "0.57", "size": "500", "side": "SELL", "hash": "b3a4e5326a9e9d995d1f7235f4813fe70e8d9dde", "best_bid": "0.46", "best_ask": "0.55"}], "timestamp": "1769384542001", "event_type": "price_change"}}
{"_local_timestamp": "2026-01-25T23:42:22.118220+00:00", "data": {"market": "0x2f38e972648214a9faf442dfb13a3306ba2767ca2b43185da164e054283808bf", "price_changes": [{"asset_id": "53686121198056356961708765230174235914321565963241610922776651877875433998743", "price": "0.52", "size": "1105", "side": "BUY", "hash": "eab8b0d6696cc0a8ffc69eb5f7652bf70c07093e", "best_bid": "0.58", "best_ask": "0.62"}, {"asset_id": "14522595131049267236332195965642891656236962715258897042595810607889013649709", "price": "0.48", "size": "1105", "side": "SELL", "hash": "d9687c8eb969c89fbfc604552b9abfcd896d1222", "best_bid": "0.38", "best_ask": "0.42"}], "timestamp": "1769384542002", "event_type": "price_change"}}
{"_local_timestamp": "2026-01-25T23:42:28.973417+00:00", "data": {"market": "0x946e937dd543d522f26675de159a81b671baf2673494cfe892d72f59b6a48d65", "price_changes": [{"asset_id": "30096860216428751849752731020220240501257311873820387581706587487048682309490", "price": "0.45", "size": "1000", "side": "BUY", "hash": "781dbb4ac91ae5e9011296c8da2d54cb1d8a809d", "best_bid": "0.46", "best_ask": "0.56"}, {"asset_id": "32326797912692418881793085135004847069627417506373303910110643211151890932437", "price": "0.55", "size": "1000", "side": "SELL", "hash": "dabdac44b2f62b2253557fce446c56f352ebee5e", "best_bid": "0.44", "best_ask": "0.54"}], "timestamp": "1769384548857", "event_type": "price_change"}}
{"_local_timestamp": "2026-01-25T23:42:28.974403+00:00", "data": {"market": "0x946e937dd543d522f26675de159a81b671baf2673494cfe892d72f59b6a48d65", "price_changes": [{"asset_id": "32326797912692418881793085135004847069627417506373303910110643211151890932437", "price": "0.44", "size": "1100", "side": "BUY", "hash": "3c05d2f07aac23294f7045719fbadde2c2e09ad6", "best_bid": "0.44", "best_ask": "0.54"}, {"asset_id": "30096860216428751849752731020220240501257311873820387581706587487048682309490", "price": "0.56", "size": "1100", "side": "SELL", "hash": "47990423e9ae734d81417624123d2f0b980ebe1f", "best_bid": "0.46", "best_ask": "0.56"}], "timestamp": "1769384548859", "event_type": "price_change"}}
{"_local_timestamp": "2026-01-25T23:42:29.114842+00:00", "data": {"market": "0x946e937dd543d522f26675de159a81b671baf2673494cfe892d72f59b6a48d65", "price_changes": [{"asset_id": "30096860216428751849752731020220240501257311873820387581706587487048682309490", "price": "0.45", "size": "500", "side": "BUY", "hash": "d254c97052ce4df92cb00c19dd17a727f05fb3a3", "best_bid": "0.46", "best_ask": "0.56"}, {"asset_id": "32326797912692418881793085135004847069627417506373303910110643211151890932437", "price": "0.55", "size": "500", "side": "SELL", "hash": "ac7ddb5c07ae398372e70e989e451264ce2d75b4", "best_bid": "0.44", "best_ask": "0.54"}], "timestamp": "1769384549000", "event_type": "price_change"}}
{"_local_timestamp": "2026-01-25T23:42:29.115847+00:00", "data": {"market": "0x946e937dd543d522f26675de159a81b671baf2673494cfe892d72f59b6a48d65", "price_changes": [{"asset_id": "32326797912692418881793085135004847069627417506373303910110643211151890932437", "price": "0.44", "size": "600", "side": "BUY", "hash": "4874abe9a84e34400fb326f7f8b9ccde48892ebc", "best_bid": "0.44", "best_ask": "0.54"}, {"asset_id": "30096860216428751849752731020220240501257311873820387581706587487048682309490", "price": "0.56", "size": "600", "side": "SELL", "hash": "81f35b0eeebb4971b13bd4d9ecbf09b400f1574a", "best_bid": "0.46", "best_ask": "0.56"}], "timestamp": "1769384549000", "event_type": "price_change"}}
{"_local_timestamp": "2026-01-25T23:43:05.399220+00:00", "data": {"market": "0x2f38e972648214a9faf442dfb13a3306ba2767ca2b43185da164e054283808bf", "price_changes": [{"asset_id": "14522595131049267236332195965642891656236962715258897042595810607889013649709", "price": "0.35", "size": "5", "side": "BUY", "hash": "03dc4cf958bf7047a46be245ec47ef4d7f5db6b1", "best_bid": "0.38", "best_ask": "0.42"}, {"asset_id": "53686121198056356961708765230174235914321565963241610922776651877875433998743", "price": "0.65", "size": "5", "side": "SELL", "hash": "6150d4890ad1157e50060dff9315ad7ed99580dc", "best_bid": "0.58", "best_ask": "0.62"}], "timestamp": "1769384585295", "event_type": "price_change"}}
{"_local_timestamp": "2026-01-25T23:43:05.403746+00:00", "data": {"market": "0x2f38e972648214a9faf442dfb13a3306ba2767ca2b43185da164e054283808bf", "price_changes": [{"asset_id": "14522595131049267236332195965642891656236962715258897042595810607889013649709", "price": "0.36", "size": "1000", "side": "BUY", "hash": "03dc4cf958bf7047a46be245ec47ef4d7f5db6b1", "best_bid": "0.38", "best_ask": "0.42"}, {"asset_id": "53686121198056356961708765230174235914321565963241610922776651877875433998743", "price": "0.64", "size": "1000", "side": "SELL", "hash": "6150d4890ad1157e50060dff9315ad7ed99580dc", "best_bid": "0.58", "best_ask": "0.62"}], "timestamp": "1769384585295", "event_type": "price_change"}}
{"_local_timestamp": "2026-01-25T23:43:05.406909+00:00", "data": {"market": "0x2f38e972648214a9faf442dfb13a3306ba2767ca2b43185da164e054283808bf", "price_changes": [{"asset_id": "14522595131049267236332195965642891656236962715258897042595810607889013649709", "price": "0.01", "size": "1690.01", "side": "BUY", "hash": "03dc4cf958bf7047a46be245ec47ef4d7f5db6b1", "best_bid": "0.38", "best_ask": "0.42"}, {"asset_id": "53686121198056356961708765230174235914321565963241610922776651877875433998743", "price": "0.99", "size": "1690.01", "side": "SELL", "hash": "6150d4890ad1157e50060dff9315ad7ed99580dc", "best_bid": "0.58", "best_ask": "0.62"}], "timestamp": "1769384585295", "event_type": "price_change"}}
{"_local_timestamp": "2026-01-25T23:43:05.407863+00:00", "data": {"market": "0x2f38e972648214a9faf442dfb13a3306ba2767ca2b43185da164e054283808bf", "price_changes": [{"asset_id": "14522595131049267236332195965642891656236962715258897042595810607889013649709", "price": "0.1", "size": "5.87", "side": "BUY", "hash": "03dc4cf958bf7047a46be245ec47ef4d7f5db6b1", "best_bid": "0.38", "best_ask": "0.42"}, {"asset_id": "53686121198056356961708765230174235914321565963241610922776651877875433998743", "price": "0.9", "size": "5.87", "side": "SELL", "hash": "6150d4890ad1157e50060dff9315ad7ed99580dc", "best_bid": "0.58", "best_ask": "0.62"}], "timestamp": "1769384585295", "event_type": "price_change"}}
{"_local_timestamp": "2026-01-25T23:43:05.408677+00:00", "data": {"market": "0x2f38e972648214a9faf442dfb13a3306ba2767ca2b43185da164e054283808bf", "price_changes": [{"asset_id": "14522595131049267236332195965642891656236962715258897042595810607889013649709", "price": "0.11", "size": "100", "side": "BUY", "hash": "03dc4cf958bf7047a46be245ec47ef4d7f5db6b1", "best_bid": "0.38", "best_ask": "0.42"}, {"asset_id": "53686121198056356961708765230174235914321565963241610922776651877875433998743", "price": "0.89", "size": "100", "side": "SELL", "hash": "6150d4890ad1157e50060dff9315ad7ed99580dc", "best_bid": "0.58", "best_ask": "0.62"}], "timestamp": "1769384585295", "event_type": "price_change"}}
{"_local_timestamp": "2026-01-25T23:43:05.409456+00:00", "data": {"market": "0x2f38e972648214a9faf442dfb13a3306ba2767ca2b43185da164e054283808bf", "price_changes": [{"asset_id": "53686121198056356961708765230174235914321565963241610922776651877875433998743", "price": "0.33", "size": "100", "side": "BUY", "hash": "3fbaea2966b0ffc57fa9446eccfdd1b1a118630b", "best_bid": "0.58", "best_ask": "0.62"}, {"asset_id": "14522595131049267236332195965642891656236962715258897042595810607889013649709", "price": "0.67", "size": "100", "side": "SELL", "hash": "c52b7d4b8284e2a346af5dedf71a42efa9b9889f", "best_bid": "0.38", "best_ask": "0.42"}], "timestamp": "1769384585296", "event_type": "price_change"}}
{"_local_timestamp": "2026-01-25T23:43:05.410245+00:00", "data": {"market": "0x2f38e972648214a9faf442dfb13a3306ba2767ca2b43185da164e054283808bf", "price_changes": [{"asset_id": "53686121198056356961708765230174235914321565963241610922776651877875433998743", "price": "0.1", "size": "200", "side": "BUY", "hash": "3fbaea2966b0ffc57fa9446eccfdd1b1a118630b", "best_bid": "0.58", "best_ask": "0.62"}, {"asset_id": "14522595131049267236332195965642891656236962715258897042595810607889013649709", "price": "0.9", "size": "200", "side": "SELL", "hash": "c52b7d4b8284e2a346af5dedf71a42efa9b9889f", "best_bid": "0.38", "best_ask": "0.42"}], "timestamp": "1769384585296", "event_type": "price_change"}}
{"_local_timestamp": "2026-01-25T23:43:05.411032+00:00", "data": {"market": "0x2f38e972648214a9faf442dfb13a3306ba2767ca2b43185da164e054283808bf", "price_changes": [{"asset_id": "53686121198056356961708765230174235914321565963241610922776651877875433998743", "price": "0.3", "size": "100", "side": "BUY", "hash": "3fbaea2966b0ffc57fa9446eccfdd1b1a118630b", "best_bid": "0.58", "best_ask": "0.62"}, {"asset_id": "14522595131049267236332195965642891656236962715258897042595810607889013649709", "price": "0.7", "size": "100", "side": "SELL", "hash": "c52b7d4b8284e2a346af5dedf71a42efa9b9889f", "best_bid": "0.38", "best_ask": "0.42"}], "timestamp": "1769384585296", "event_type": "price_change"}}
{"_local_timestamp": "2026-01-25T23:43:05.411826+00:00", "data": {"market": "0x2f38e972648214a9faf442dfb13a3306ba2767ca2b43185da164e054283808bf", "price_changes": [{"asset_id": "53686121198056356961708765230174235914321565963241610922776651877875433998743", "price": "0.26", "size": "0", "side": "BUY", "hash": "3fbaea2966b0ffc57fa9446eccfdd1b1a118630b", "best_bid": "0.58", "best_ask": "0.62"}, {"asset_id": "14522595131049267236332195965642891656236962715258897042595810607889013649709", "price": "0.74", "size": "0", "side": "SELL", "hash": "c52b7d4b8284e2a346af5dedf71a42efa9b9889f", "best_bid": "0.38", "best_ask": "0.42"}], "timestamp": "1769384585296", "event_type": "price_change"}}
{"_local_timestamp": "2026-01-25T23:43:05.412680+00:00", "data": {"market": "0x2f38e972648214a9faf442dfb13a3306ba2767ca2b43185da164e054283808bf", "price_changes": [{"asset_id": "53686121198056356961708765230174235914321565963241610922776651877875433998743", "price": "0.01", "size": "1690.1", "side": "BUY", "hash": "3fbaea2966b0ffc57fa9446eccfdd1b1a118630b", "best_bid": "0.58", "best_ask": "0.62"}, {"asset_id": "14522595131049267236332195965642891656236962715258897042595810607889013649709", "price": "0.99", "size": "1690.1", "side": "SELL", "hash": "c52b7d4b8284e2a346af5dedf71a42efa9b9889f", "best_bid": "0.38", "best_ask": "0.42"}], "timestamp": "1769384585296", "event_type": "price_change"}}
{"_local_timestamp": "2026-01-25T23:43:05.570646+00:00", "data": {"market": "0x2f38e972648214a9faf442dfb13a3306ba2767ca2b43185da164e054283808bf", "price_changes": [{"asset_id": "53686121198056356961708765230174235914321565963241610922776651877875433998743", "price": "0.38", "size": "0", "side": "BUY", "hash": "3fbaea2966b0ffc57fa9446eccfdd1b1a118630b", "best_bid": "0.58", "best_ask": "0.62"}, {"asset_id": "14522595131049267236332195965642891656236962715258897042595810607889013649709", "price": "0.62", "size": "0", "side": "SELL", "hash": "c52b7d4b8284e2a346af5dedf71a42efa9b9889f", "best_bid": "0.38", "best_ask": "0.42"}], "timestamp": "1769384585296", "event_type": "price_change"}}
{"_local_timestamp": "2026-01-25T23:43:12.348636+00:00", "data": {"market": "0x2f38e972648214a9faf442dfb13a3306ba2767ca2b43185da164e054283808bf", "price_changes": [{"asset_id": "14522595131049267236332195965642891656236962715258897042595810607889013649709", "price": "0.11", "size": "0", "side": "BUY", "hash": "ecf7862b0f31d9ae1248e189e25e38bcbeb2761e", "best_bid": "0.38", "best_ask": "0.42"}, {"asset_id": "53686121198056356961708765230174235914321565963241610922776651877875433998743", "price": "0.89", "size": "0", "side": "SELL", "hash": "267b9b256b56f87b7e1041e25c1ef5d55ec0324f", "best_bid": "0.58", "best_ask": "0.62"}], "timestamp": "1769384592214", "event_type": "price_change"}}
{"_local_timestamp": "2026-01-25T23:43:12.579153+00:00", "data": {"market": "0x2f38e972648214a9faf442dfb13a3306ba2767ca2b43185da164e054283808bf", "price_changes": [{"asset_id": "14522595131049267236332195965642891656236962715258897042595810607889013649709", "price": "0.07", "size": "500", "side": "BUY", "hash": "2554f59dcac5835a48fd49c951ae98fe7870f7ae", "best_bid": "0.38", "best_ask": "0.42"}, {"asset_id": "53686121198056356961708765230174235914321565963241610922776651877875433998743", "price": "0.93", "size": "500", "side": "SELL", "hash": "5fd4a176ee762fbf655cc691b50476af5d1bbc93", "best_bid": "0.58", "best_ask": "0.62"}], "timestamp": "1769384592455", "event_type": "price_change"}}
{"_local_timestamp": "2026-01-25T23:43:13.681307+00:00", "data": {"market": "0x2f38e972648214a9faf442dfb13a3306ba2767ca2b43185da164e054283808bf", "price_changes": [{"asset_id": "53686121198056356961708765230174235914321565963241610922776651877875433998743", "price": "0.1", "size": "0", "side": "BUY", "hash": "22d35e753f7d0b708b557d68465dd2941e0108eb", "best_bid": "0.58", "best_ask": "0.62"}, {"asset_id": "14522595131049267236332195965642891656236962715258897042595810607889013649709", "price": "0.9", "size": "0", "side": "SELL", "hash": "f1227e4d662b22a2c78c2fa000360abe47c00084", "best_bid": "0.38", "best_ask": "0.42"}], "timestamp": "1769384593556", "event_type": "price_change"}}
{"_local_timestamp": "2026-01-25T23:43:13.945569+00:00", "data": {"market": "0x2f38e972648214a9faf442dfb13a3306ba2767ca2b43185da164e054283808bf", "price_changes": [{"asset_id": "53686121198056356961708765230174235914321565963241610922776651877875433998743", "price": "0.09", "size": "344.44", "side": "BUY", "hash": "7fccf4ce64a39dd1ad4689e4a016133e475a0cbb", "best_bid": "0.58", "best_ask": "0.62"}, {"asset_id": "14522595131049267236332195965642891656236962715258897042595810607889013649709", "price": "0.91", "size": "344.44", "side": "SELL", "hash": "0f94f96057bb3678d5ef203348dc2d687d7c32ec", "best_bid": "0.38", "best_ask": "0.42"}], "timestamp": "1769384593814", "event_type": "price_change"}}
{"_local_timestamp": "2026-01-25T23:43:21.880756+00:00", "data": {"market": "0x2f38e972648214a9faf442dfb13a3306ba2767ca2b43185da164e054283808bf", "price_changes": [{"asset_id": "14522595131049267236332195965642891656236962715258897042595810607889013649709", "price": "0.36", "size": "2000", "side": "BUY", "hash": "ba695bcd181f6ed99ed0b8dd6f2272ba30ac2dc5", "best_bid": "0.38", "best_ask": "0.42"}, {"asset_id": "53686121198056356961708765230174235914321565963241610922776651877875433998743", "price": "0.64", "size": "2000", "side": "SELL", "hash": "5e71d9cad0f459437daf39fcfea9bc87bf80b5da", "best_bid": "0.58", "best_ask": "0.62"}], "timestamp": "1769384601743", "event_type": "price_change"}}
{"_local_timestamp": "2026-01-25T23:43:21.885021+00:00", "data": {"market": "0x87c844b30b587e7fd0fa9de1e6cbd8ceda173ff3d773ec5fca345047e97663c5", "price_changes": [{"asset_id": "81328461840865453437537555939823283523335876676600916477509008200626009722000", "price": "0.43", "size": "1000", "side": "BUY", "hash": "21b34654336d144df00aeac0bba5de7ce1137528", "best_bid": "0.45", "best_ask": "0.54"}, {"asset_id": "27477604225498520875722470451761249779556987401301302829297066492819524175988", "price": "0.57", "size": "1000", "side": "SELL", "hash": "87be6c848497cc77669d4583c5c882d668c4fd9d", "best_bid": "0.46", "best_ask": "0.55"}], "timestamp": "1769384601745", "event_type": "price_change"}}
{"_local_timestamp": "2026-01-25T23:43:21.886256+00:00", "data": {"market": "0x87c844b30b587e7fd0fa9de1e6cbd8ceda173ff3d773ec5fca345047e97663c5", "price_changes": [{"asset_id": "27477604225498520875722470451761249779556987401301302829297066492819524175988", "price": "0.45", "size": "1000", "side": "BUY", "hash": "539b11b02fe80b5ce71b64699f3ed14a3e7c6c8b", "best_bid": "0.46", "best_ask": "0.55"}, {"asset_id": "81328461840865453437537555939823283523335876676600916477509008200626009722000", "price": "0.55", "size": "1000", "side": "SELL", "hash": "f9bcc0d04a39656f7ab2f096a97f86f5b65ebb91", "best_bid": "0.45", "best_ask": "0.54"}], "timestamp": "1769384601746", "event_type": "price_change"}}
{"_local_timestamp": "2026-01-25T23:43:21.888807+00:00", "data": {"market": "0x2f38e972648214a9faf442dfb13a3306ba2767ca2b43185da164e054283808bf", "price_changes": [{"asset_id": "53686121198056356961708765230174235914321565963241610922776651877875433998743", "price": "0.52", "size": "2105", "side": "BUY", "hash": "ba59d127b3f553d5fc5551dde92e69c3df0a19a9", "best_bid": "0.58", "best_ask": "0.62"}, {"asset_id": "14522595131049267236332195965642891656236962715258897042595810607889013649709", "price": "0.48", "size": "2105", "side": "SELL", "hash": "bcf6f204c85d842502ef4558ebd3f1ffea129c97", "best_bid": "0.38", "best_ask": "0.42"}], "timestamp": "1769384601747", "event_type": "price_change"}}
{"_local_timestamp": "2026-01-25T23:43:22.143518+00:00", "data": {"market": "0x2f38e972648214a9faf442dfb13a3306ba2767ca2b43185da164e054283808bf", "price_changes": [{"asset_id": "53686121198056356961708765230174235914321565963241610922776651877875433998743", "price": "0.52", "size": "1105", "side": "BUY", "hash": "cc1ef9722daf839623fc128883a41e57f961c4b7", "best_bid": "0.58", "best_ask": "0.62"}, {"asset_id": "14522595131049267236332195965642891656236962715258897042595810607889013649709", "price": "0.48", "size": "1105", "side": "SELL", "hash": "340141296a4fe45b25abccf04bfa04a469b3167f", "best_bid": "0.38", "best_ask": "0.42"}], "timestamp": "1769384602000", "event_type": "price_change"}}
{"_local_timestamp": "2026-01-25T23:43:22.151848+00:00", "data": {"market": "0x87c844b30b587e7fd0fa9de1e6cbd8ceda173ff3d773ec5fca345047e97663c5", "price_changes": [{"asset_id": "27477604225498520875722470451761249779556987401301302829297066492819524175988", "price": "0.45", "size": "500", "side": "BUY", "hash": "8c5739ba47cc6da3d2f0f8afde164e25d56a7f37", "best_bid": "0.46", "best_ask": "0.55"}, {"asset_id": "81328461840865453437537555939823283523335876676600916477509008200626009722000", "price": "0.55", "size": "500", "side": "SELL", "hash": "4fb3431b147a073b7da6093e42bc542b0bab1eca", "best_bid": "0.45", "best_ask": "0.54"}], "timestamp": "1769384602000", "event_type": "price_change"}}
{"_local_timestamp": "2026-01-25T23:43:22.161372+00:00", "data": {"market": "0x87c844b30b587e7fd0fa9de1e6cbd8ceda173ff3d773ec5fca345047e97663c5", "price_changes": [{"asset_id": "81328461840865453437537555939823283523335876676600916477509008200626009722000", "price": "0.43", "size": "500", "side": "BUY", "hash": "2f20b3ae0dcf8f129b0bf1a3a2769e967bf118b7", "best_bid": "0.45", "best_ask": "0.54"}, {"asset_id": "27477604225498520875722470451761249779556987401301302829297066492819524175988", "price": "0.57", "size": "500", "side": "SELL", "hash": "1c323c6db42e5b0b89713beb50c2adba0045c8c9", "best_bid": "0.46", "best_ask": "0.55"}], "timestamp": "1769384602001", "event_type": "price_change"}}
{"_local_timestamp": "2026-01-25T23:43:22.169269+00:00", "data": {"market": "0x2f38e972648214a9faf442dfb13a3306ba2767ca2b43185da164e054283808bf", "price_changes": [{"asset_id": "14522595131049267236332195965642891656236962715258897042595810607889013649709", "price": "0.36", "size": "1000", "side": "BUY", "hash": "192c85e0dce1c763bc60e85bc6991bbca94410f4", "best_bid": "0.38", "best_ask": "0.42"}, {"asset_id": "53686121198056356961708765230174235914321565963241610922776651877875433998743", "price": "0.64", "size": "1000", "side": "SELL", "hash": "d1dc27c02b4e10be5962813bfda17b1f6b7d9505", "best_bid": "0.58", "best_ask": "0.62"}], "timestamp": "1769384602001", "event_type": "price_change"}}
{"_local_timestamp": "2026-01-25T23:43:27.481608+00:00", "data": {"market": "0x2f38e972648214a9faf442dfb13a3306ba2767ca2b43185da164e054283808bf", "price_changes": [{"asset_id": "53686121198056356961708765230174235914321565963241610922776651877875433998743", "price": "0.3", "size": "300", "side": "BUY", "hash": "a0b0a970ff7117f21533acfec34fdeb600bb19b4", "best_bid": "0.58", "best_ask": "0.62"}, {"asset_id": "14522595131049267236332195965642891656236962715258897042595810607889013649709", "price": "0.7", "size": "300", "side": "SELL", "hash": "75a1fce567d1c97af0e3b506eeae9eee0e376d29", "best_bid": "0.38", "best_ask": "0.42"}], "timestamp": "1769384607335", "event_type": "price_change"}}
{"_local_timestamp": "2026-01-25T23:43:27.482527+00:00", "data": {"market": "0x2f38e972648214a9faf442dfb13a3306ba2767ca2b43185da164e054283808bf", "price_changes": [{"asset_id": "53686121198056356961708765230174235914321565963241610922776651877875433998743", "price": "0.26", "size": "200", "side": "BUY", "hash": "a3136c29d278e9c4eab0ffc871bdfbf3e8aa1610", "best_bid": "0.58", "best_ask": "0.62"}, {"asset_id": "14522595131049267236332195965642891656236962715258897042595810607889013649709", "price": "0.74", "size": "200", "side": "SELL", "hash": "6b899f431d7b1eb5988360c3b9f81e3434e16bb1", "best_bid": "0.38", "best_ask": "0.42"}], "timestamp": "1769384607335", "event_type": "price_change"}}
{"_local_timestamp": "2026-01-25T23:43:27.483330+00:00", "data": {"market": "0x2f38e972648214a9faf442dfb13a3306ba2767ca2b43185da164e054283808bf", "price_changes": [{"asset_id": "53686121198056356961708765230174235914321565963241610922776651877875433998743", "price": "0.1", "size": "200", "side": "BUY", "hash": "9c5d16b2fae74882f14587ee27db9ddaa5d72d16", "best_bid": "0.58", "best_ask": "0.62"}, {"asset_id": "14522595131049267236332195965642891656236962715258897042595810607889013649709", "price": "0.9", "size": "200", "side": "SELL", "hash": "c505f99c814b1f453ae99be9a3f54e06c30978db", "best_bid": "0.38", "best_ask": "0.42"}], "timestamp": "1769384607336", "event_type": "price_change"}}
{"_local_timestamp": "2026-01-25T23:43:27.484138+00:00", "data": {"market": "0x2f38e972648214a9faf442dfb13a3306ba2767ca2b43185da164e054283808bf", "price_changes": [{"asset_id": "53686121198056356961708765230174235914321565963241610922776651877875433998743", "price": "0.33", "size": "300", "side": "BUY", "hash": "c9aa16839a3666c97ade560db94227fb963827a0", "best_bid": "0.58", "best_ask": "0.62"}, {"asset_id": "14522595131049267236332195965642891656236962715258897042595810607889013649709", "price": "0.67", "size": "300", "side": "SELL", "hash": "d9c9cbfd38a1c9fa50711f01c7dfd054412ca3f9", "best_bid": "0.38", "best_ask": "0.42"}], "timestamp": "1769384607336", "event_type": "price_change"}}
{"_local_timestamp": "2026-01-25T23:43:27.484935+00:00", "data": {"market": "0x2f38e972648214a9faf442dfb13a3306ba2767ca2b43185da164e054283808bf", "price_changes": [{"asset_id": "53686121198056356961708765230174235914321565963241610922776651877875433998743", "price": "0.37", "size": "184", "side": "BUY", "hash": "1a189f078e706b9299419326d9b67aa76c9148e8", "best_bid": "0.58", "best_ask": "0.62"}, {"asset_id": "14522595131049267236332195965642891656236962715258897042595810607889013649709", "price": "0.63", "size": "184", "side": "SELL", "hash": "4986803099c7d4cf8cf35daf797da50d949ad977", "best_bid": "0.38", "best_ask": "0.42"}], "timestamp": "1769384607337", "event_type": "price_change"}}
{"_local_timestamp": "2026-01-25T23:43:27.525576+00:00", "data": {"market": "0x2f38e972648214a9faf442dfb13a3306ba2767ca2b43185da164e054283808bf", "price_changes": [{"asset_id": "14522595131049267236332195965642891656236962715258897042595810607889013649709", "price": "0.35", "size": "205", "side": "BUY", "hash": "7c4ac4498d39401da017db11b769556b889a47e5", "best_bid": "0.38", "best_ask": "0.42"}, {"asset_id": "53686121198056356961708765230174235914321565963241610922776651877875433998743", "price": "0.65", "size": "205", "side": "SELL", "hash": "d75d9f8a10778810ecc186a14a5767db8fa1e179", "best_bid": "0.58", "best_ask": "0.62"}], "timestamp": "1769384607371", "event_type": "price_change"}}
{"_local_timestamp": "2026-01-25T23:43:27.526501+00:00", "data": {"market": "0x2f38e972648214a9faf442dfb13a3306ba2767ca2b43185da164e054283808bf", "price_changes": [{"asset_id": "14522595131049267236332195965642891656236962715258897042595810607889013649709", "price": "0.36", "size": "1184", "side": "BUY", "hash": "08cb0b55f58057b0b9ab475faf71ed7cf6cffa86", "best_bid": "0.38", "best_ask": "0.42"}, {"asset_id": "53686121198056356961708765230174235914321565963241610922776651877875433998743", "price": "0.64", "size": "1184", "side": "SELL", "hash": "2f4a2b3c3b2a8160692647a0f814bd08589aedf2", "best_bid": "0.58", "best_ask": "0.62"}], "timestamp": "1769384607372", "event_type": "price_change"}}
{"_local_timestamp": "2026-01-25T23:43:27.527350+00:00", "data": {"market": "0x2f38e972648214a9faf442dfb13a3306ba2767ca2b43185da164e054283808bf", "price_changes": [{"asset_id": "53686121198056356961708765230174235914321565963241610922776651877875433998743", "price": "0.01", "size": "1890.1", "side": "BUY", "hash": "ba490b8c6fbfb4c1ac360603f2fd068acacfae4f", "best_bid": "0.58", "best_ask": "0.62"}, {"asset_id": "14522595131049267236332195965642891656236962715258897042595810607889013649709", "price": "0.99", "size": "1890.1", "side": "SELL", "hash": "7d62f6f7edcb4e049272be0bd04a5e62349fbf2f", "best_bid": "0.38", "best_ask": "0.42"}], "timestamp": "1769384607372", "event_type": "price_change"}}
{"_local_timestamp": "2026-01-25T23:43:27.528163+00:00", "data": {"market": "0x2f38e972648214a9faf442dfb13a3306ba2767ca2b43185da164e054283808bf", "price_changes": [{"asset_id": "14522595131049267236332195965642891656236962715258897042595810607889013649709", "price": "0.1", "size": "205.87", "side": "BUY", "hash": "0d12559d2ad4437647e91407828a6da0e2554378", "best_bid": "0.38", "best_ask": "0.42"}, {"asset_id": "53686121198056356961708765230174235914321565963241610922776651877875433998743", "price": "0.9", "size": "205.87", "side": "SELL", "hash": "565ee9ee463c0438597a4b9d909755ab6c6bab39", "best_bid": "0.58", "best_ask": "0.62"}], "timestamp": "1769384607373", "event_type": "price_change"}}
{"_local_timestamp": "2026-01-25T23:43:27.529010+00:00", "data": {"market": "0x2f38e972648214a9faf442dfb13a3306ba2767ca2b43185da164e054283808bf", "price_changes": [{"asset_id": "14522595131049267236332195965642891656236962715258897042595810607889013649709", "price": "0.08", "size": "268.75", "side": "BUY", "hash": "e47fda72ef36c4ac09550202f9d8b3b03bf084fc", "best_bid": "0.38", "best_ask": "0.42"}, {"asset_id": "53686121198056356961708765230174235914321565963241610922776651877875433998743", "price": "0.92", "size": "268.75", "side": "SELL", "hash": "045da35d5c3d68df471869cc64e79e6893e21365", "best_bid": "0.58", "best_ask": "0.62"}], "timestamp": "1769384607374", "event_type": "price_change"}}
{"_local_timestamp": "2026-01-25T23:43:27.712746+00:00", "data": {"market": "0x2f38e972648214a9faf442dfb13a3306ba2767ca2b43185da164e054283808bf", "price_changes": [{"asset_id": "14522595131049267236332195965642891656236962715258897042595810607889013649709", "price": "0.01", "size": "1890.01", "side": "BUY", "hash": "f3645a3cf4e7116993308f55cef2e4cc66d56291", "best_bid": "0.38", "best_ask": "0.42"}, {"asset_id": "53686121198056356961708765230174235914321565963241610922776651877875433998743", "price": "0.99", "size": "1890.01", "side": "SELL", "hash": "c7f9a10c3977970473363df180501cdfb2f0fcdd", "best_bid": "0.58", "best_ask": "0.62"}], "timestamp": "1769384607407", "event_type": "price_change"}}
{"_local_timestamp": "2026-01-25T23:43:29.090628+00:00", "data": {"market": "0x946e937dd543d522f26675de159a81b671baf2673494cfe892d72f59b6a48d65", "price_changes": [{"asset_id": "32326797912692418881793085135004847069627417506373303910110643211151890932437", "price": "0.44", "size": "1100", "side": "BUY", "hash": "92a95d3f2f39fb8f5ed68e59bd59b0264bfaf2f5", "best_bid": "0.44", "best_ask": "0.54"}, {"asset_id": "30096860216428751849752731020220240501257311873820387581706587487048682309490", "price": "0.56", "size": "1100", "side": "SELL", "hash": "b5ebada5be1fdc7b584b7e168d47a24dc2dca2f6", "best_bid": "0.46", "best_ask": "0.56"}], "timestamp": "1769384608910", "event_type": "price_change"}}
{"_local_timestamp": "2026-01-25T23:43:29.091672+00:00", "data": {"market": "0x946e937dd543d522f26675de159a81b671baf2673494cfe892d72f59b6a48d65", "price_changes": [{"asset_id": "30096860216428751849752731020220240501257311873820387581706587487048682309490", "price": "0.45", "size": "1000", "side": "BUY", "hash": "874c4745d633ed3fca4a6129fed9ca2717003bbd", "best_bid": "0.46", "best_ask": "0.56"}, {"asset_id": "32326797912692418881793085135004847069627417506373303910110643211151890932437", "price": "0.55", "size": "1000", "side": "SELL", "hash": "b7e27fadb892fbcf2f71a68971854889ef5090e9", "best_bid": "0.44", "best_ask": "0.54"}], "timestamp": "1769384608911", "event_type": "price_change"}}
{"_local_timestamp": "2026-01-25T23:43:29.168821+00:00", "data": {"market": "0x946e937dd543d522f26675de159a81b671baf2673494cfe892d72f59b6a48d65", "price_changes": [{"asset_id": "30096860216428751849752731020220240501257311873820387581706587487048682309490", "price": "0.45", "size": "500", "side": "BUY", "hash": "6ba30eee72abcd27586d526f07110165ed2553b0", "best_bid": "0.46", "best_ask": "0.56"}, {"asset_id": "32326797912692418881793085135004847069627417506373303910110643211151890932437", "price": "0.55", "size": "500", "side": "SELL", "hash": "ca35dee6fbb83fca2c20c0bc515e57b113a63377", "best_bid": "0.44", "best_ask": "0.54"}], "timestamp": "1769384609002", "event_type": "price_change"}}
{"_local_timestamp": "2026-01-25T23:43:29.178508+00:00", "data": {"market": "0x946e937dd543d522f26675de159a81b671baf2673494cfe892d72f59b6a48d65", "price_changes": [{"asset_id": "32326797912692418881793085135004847069627417506373303910110643211151890932437", "price": "0.44", "size": "600", "side": "BUY", "hash": "8251274dd3f5024096f47b2c345762a89d5acc92", "best_bid": "0.44", "best_ask": "0.54"}, {"asset_id": "30096860216428751849752731020220240501257311873820387581706587487048682309490", "price": "0.56", "size": "600", "side": "SELL", "hash": "7d06c34714002e87a69f03fa5eb2e7dfca6a7fe2", "best_bid": "0.46", "best_ask": "0.56"}], "timestamp": "1769384609003", "event_type": "price_change"}}
{"_local_timestamp": "2026-01-25T23:43:36.250788+00:00", "data": {"market": "0x2f38e972648214a9faf442dfb13a3306ba2767ca2b43185da164e054283808bf", "price_changes": [{"asset_id": "14522595131049267236332195965642891656236962715258897042595810607889013649709", "price": "0.07", "size": "300", "side": "BUY", "hash": "f56f60f7e54d5111a1557b10b171540369d5c568", "best_bid": "0.38", "best_ask": "0.42"}, {"asset_id": "53686121198056356961708765230174235914321565963241610922776651877875433998743", "price": "0.93", "size": "300", "side": "SELL", "hash": "7cacee730b09a5fba8a64fc5a8b394c023fbd3d4", "best_bid": "0.58", "best_ask": "0.62"}], "timestamp": "1769384616115", "event_type": "price_change"}}
{"_local_timestamp": "2026-01-25T23:43:36.286456+00:00", "data": {"market": "0x2f38e972648214a9faf442dfb13a3306ba2767ca2b43185da164e054283808bf", "price_changes": [{"asset_id": "53686121198056356961708765230174235914321565963241610922776651877875433998743", "price": "0.37", "size": "0", "side": "BUY", "hash": "05071195753b726fb2e48f2e697ee88fffea6270", "best_bid": "0.58", "best_ask": "0.62"}, {"asset_id": "14522595131049267236332195965642891656236962715258897042595810607889013649709", "price": "0.63", "size": "0", "side": "SELL", "hash": "8fb75a93233f55772893ad06a9ccbe7ca7610c3b", "best_bid": "0.38", "best_ask": "0.42"}], "timestamp": "1769384616154", "event_type": "price_change"}}
{"_local_timestamp": "2026-01-25T23:43:36.287414+00:00", "data": {"market": "0x2f38e972648214a9faf442dfb13a3306ba2767ca2b43185da164e054283808bf", "price_changes": [{"asset_id": "53686121198056356961708765230174235914321565963241610922776651877875433998743", "price": "0.38", "size": "184", "side": "BUY", "hash": "420370d59d4ea2f8d4d280dea064c3f20f7c2a6f", "best_bid": "0.58", "best_ask": "0.62"}, {"asset_id": "14522595131049267236332195965642891656236962715258897042595810607889013649709", "price": "0.62", "size": "184", "side": "SELL", "hash": "1ba99709339eb5af8efba8b43273d49b2da6e0ee", "best_bid": "0.38", "best_ask": "0.42"}], "timestamp": "1769384616155", "event_type": "price_change"}}
{"_local_timestamp": "2026-01-25T23:43:36.489716+00:00", "data": {"market": "0x2f38e972648214a9faf442dfb13a3306ba2767ca2b43185da164e054283808bf", "price_changes": [{"asset_id": "14522595131049267236332195965642891656236962715258897042595810607889013649709", "price": "0.1", "size": "305.87", "side": "BUY", "hash": "a8849fb6665536155ec9ab2a3d65b3c4570b4c2b", "best_bid": "0.38", "best_ask": "0.42"}, {"asset_id": "53686121198056356961708765230174235914321565963241610922776651877875433998743", "price": "0.9", "size": "305.87", "side": "SELL", "hash": "b9f2d1b4e7ece975fc3b83ce7b36d3a0a19e024d", "best_bid": "0.58", "best_ask": "0.62"}], "timestamp": "1769384616347", "event_type": "price_change"}}
{"_local_timestamp": "2026-01-25T23:43:36.946331+00:00", "data": {"market": "0x2f38e972648214a9faf442dfb13a3306ba2767ca2b43185da164e054283808bf", "price_changes": [{"asset_id": "53686121198056356961708765230174235914321565963241610922776651877875433998743", "price": "0.09", "size": "144.44", "side": "BUY", "hash": "d92df6a3a9a6897e8a32bd0519410d91a985a013", "best_bid": "0.58", "best_ask": "0.62"}, {"asset_id": "14522595131049267236332195965642891656236962715258897042595810607889013649709", "price": "0.91", "size": "144.44", "side": "SELL", "hash": "d26330b7029cd80f65a4d3a903ea753c0ffe8d6c", "best_bid": "0.38", "best_ask": "0.42"}], "timestamp": "1769384616798", "event_type": "price_change"}}
{"_local_timestamp": "2026-01-25T23:43:37.185501+00:00", "data": {"market": "0x2f38e972648214a9faf442dfb13a3306ba2767ca2b43185da164e054283808bf", "price_changes": [{"asset_id": "53686121198056356961708765230174235914321565963241610922776651877875433998743", "price": "0.1", "size": "400", "side": "BUY", "hash": "c4bd48125d3f1aee6eb43019464b00d28613d9ee", "best_bid": "0.58", "best_ask": "0.62"}, {"asset_id": "14522595131049267236332195965642891656236962715258897042595810607889013649709", "price": "0.9", "size": "400", "side": "SELL", "hash": "49a2421ea9cea6124a886b3332fa042a75c723a4", "best_bid": "0.38", "best_ask": "0.42"}], "timestamp": "1769384617055", "event_type": "price_change"}}
{"_local_timestamp": "2026-01-25T23:43:38.290036+00:00", "data": {"market": "0x2f38e972648214a9faf442dfb13a3306ba2767ca2b43185da164e054283808bf", "price_changes": [{"asset_id": "14522595131049267236332195965642891656236962715258897042595810607889013649709", "price": "0.11", "size": "200", "side": "BUY", "hash": "8fce0afe9c20d4686b300187ec10c20389dbf08d", "best_bid": "0.38", "best_ask": "0.42"}, {"asset_id": "53686121198056356961708765230174235914321565963241610922776651877875433998743", "price": "0.89", "size": "200", "side": "SELL", "hash": "c693cd16ec85deb2f2bfd0d8d1ea47d47ccc7b1b", "best_bid": "0.58", "best_ask": "0.62"}], "timestamp": "1769384618163", "event_type": "price_change"}}
{"_local_timestamp": "2026-01-25T23:43:38.294533+00:00", "data": {"market": "0x2f38e972648214a9faf442dfb13a3306ba2767ca2b43185da164e054283808bf", "price_changes": [{"asset_id": "14522595131049267236332195965642891656236962715258897042595810607889013649709", "price": "0.1", "size": "105.87", "side": "BUY", "hash": "c19d73ac87c1e45b99a3c5a231c98451ce3b4887", "best_bid": "0.38", "best_ask": "0.42"}, {"asset_id": "53686121198056356961708765230174235914321565963241610922776651877875433998743", "price": "0.9", "size": "105.87", "side": "SELL", "hash": "723418f717c3d8fd37e4e07f07f75a6fb7062211", "best_bid": "0.58", "best_ask": "0.62"}], "timestamp": "1769384618167", "event_type": "price_change"}}
{"_local_timestamp": "2026-01-25T23:43:48.768323+00:00", "data": {"market": "0x2f38e972648214a9faf442dfb13a3306ba2767ca2b43185da164e054283808bf", "price_changes": [{"asset_id": "14522595131049267236332195965642891656236962715258897042595810607889013649709", "price": "0.1", "size": "5.87", "side": "BUY", "hash": "ea32fe6705dbe245178c361591e4b6589c7f6f1f", "best_bid": "0.38", "best_ask": "0.42"}, {"asset_id": "53686121198056356961708765230174235914321565963241610922776651877875433998743", "price": "0.9", "size": "5.87", "side": "SELL", "hash": "5e56904a0d4edd7e3983fc702fda65e641df4bab", "best_bid": "0.58", "best_ask": "0.62"}], "timestamp": "1769384628680", "event_type": "price_change"}}
{"_local_timestamp": "2026-01-25T23:43:48.825567+00:00", "data": {"market": "0x2f38e972648214a9faf442dfb13a3306ba2767ca2b43185da164e054283808bf", "price_changes": [{"asset_id": "14522595131049267236332195965642891656236962715258897042595810607889013649709", "price": "0.11", "size": "0", "side": "BUY", "hash": "8ce0415409efc65766155124f163bb12bf960fd5", "best_bid": "0.38", "best_ask": "0.42"}, {"asset_id": "53686121198056356961708765230174235914321565963241610922776651877875433998743", "price": "0.89", "size": "0", "side": "SELL", "hash": "f0e811f0a7db06d406d84dfd81598f7adfc9051b", "best_bid": "0.58", "best_ask": "0.62"}], "timestamp": "1769384628736", "event_type": "price_change"}}
{"_local_timestamp": "2026-01-25T23:43:48.827287+00:00", "data": {"market": "0x2f38e972648214a9faf442dfb13a3306ba2767ca2b43185da164e054283808bf", "price_changes": [{"asset_id": "14522595131049267236332195965642891656236962715258897042595810607889013649709", "price": "0.1", "size": "205.87", "side": "BUY", "hash": "46e1159c3dd1d459742c13de767eaa12a946a08e", "best_bid": "0.38", "best_ask": "0.42"}, {"asset_id": "53686121198056356961708765230174235914321565963241610922776651877875433998743", "price": "0.9", "size": "205.87", "side": "SELL", "hash": "fe9c20ff08a079746277f7d8ce23f8fae37aeb1a", "best_bid": "0.58", "best_ask": "0.62"}], "timestamp": "1769384628741", "event_type": "price_change"}}
{"_local_timestamp": "2026-01-25T23:43:49.015769+00:00", "data": {"market": "0x2f38e972648214a9faf442dfb13a3306ba2767ca2b43185da164e054283808bf", "price_changes": [{"asset_id": "14522595131049267236332195965642891656236962715258897042595810607889013649709", "price": "0.11", "size": "100", "side": "BUY", "hash": "c9396c5f39e20b0745124c186bb389441ae75409", "best_bid": "0.38", "best_ask": "0.42"}, {"asset_id": "53686121198056356961708765230174235914321565963241610922776651877875433998743", "price": "0.89", "size": "100", "side": "SELL", "hash": "814d2727808e8d194e2aafa8eb66c55df5735add", "best_bid": "0.58", "best_ask": "0.62"}], "timestamp": "1769384628915", "event_type": "price_change"}}
