{"_local_timestamp": "2026-01-25T23:34:07.552204+00:00", "data": [{"market": "0xd1412197d1785ccbd8f637a5fee457cf94a6ab845c752b879a2ab1c020423216", "asset_id": "48198663273513522990189110659462524470841329555589026699447156332709689265551", "timestamp": "1769384030373", "hash": "caf7f4a31e20bc9bd41a275f5e7e60b0a2a2d511", "bids": [{"price": "0.01", "size": "196.53"}, {"price": "0.02", "size": "150"}, {"price": "0.03", "size": "358.1"}, {"price": "0.04", "size": "500"}, {"price": "0.05", "size": "200"}, {"price": "0.06", "size": "9.85"}, {"price": "0.08", "size": "114"}, {"price": "0.09", "size": "5.77"}, {"price": "0.1", "size": "130"}, {"price": "0.13", "size": "10"}], "asks": [{"price": "0.99", "size": "2794.93"}, {"price": "0.98", "size": "150"}, {"price": "0.97", "size": "166.67"}, {"price": "0.96", "size": "6.81"}, {"price": "0.9", "size": "600"}, {"price": "0.89", "size": "5.25"}, {"price": "0.83", "size": "300"}, {"price": "0.81", "size": "200"}, {"price": "0.8", "size": "725"}, {"price": "0.78", "size": "75"}, {"price": "0.77", "size": "47.82"}, {"price": "0.7", "size": "600"}, {"price": "0.69", "size": "250"}, {"price": "0.68", "size": "40.62"}, {"price": "0.46", "size": "10"}, {"price": "0.4", "size": "8.33"}, {"price": "0.39", "size": "5"}], "event_type": "book", "last_trade_price": ""}, {"market": "0xd1412197d1785ccbd8f637a5fee457cf94a6ab845c752b879a2ab1c020423216", "asset_id": "49118076071902115778633982321113716330109291880816472852370016071262109227559", "timestamp": "1769384030373", "hash": "4b4df2b555411b1ecfd565d11ae7e7c4cd760018", "bids": [{"price": "0.01", "size": "2794.93"}, {"price": "0.02", "size": "150"}, {"price": "0.03", "size": "166.67"}, {"price": "0.04", "size": "6.81"}, {"price": "0.1", "size": "600"}, {"price": "0.11", "size": "5.25"}, {"price": "0.17", "size": "300"}, {"price": "0.19", "size": "200"}, {"price": "0.2", "size": "725"}, {"price": "0.22", "size": "75"}, {"price": "0.23", "size": "47.82"}, {"price": "0.3", "size": "600"}, {"price": "0.31", "size": "250"}, {"price": "0.32", "size": "40.62"}, {"price": "0.54", "size": "10"}, {"price": "0.6", "size": "8.33"}, {"price": "0.61", "size": "5"}], "asks": [{"price": "0.99", "size": "196.53"}, {"price": "0.98", "size": "150"}, {"price": "0.97", "size": "358.1"}, {"price": "0.96", "size": "500"}, {"price": "0.95", "size": "200"}, {"price": "0.94", "size": "9.85"}, {"price": "0.92", "size": "114"}, {"price": "0.91", "size": "5.77"}, {"price": "0.9", "size": "130"}, {"price": "0.87", "size": "10"}], "event_type": "book", "last_trade_price": ""}]}
{"_local_timestamp": "2026-01-25T23:34:17.452848+00:00", "data": {"market": "0xd1412197d1785ccbd8f637a5fee457cf94a6ab845c752b879a2ab1c020423216", "price_changes": [{"asset_id": "49118076071902115778633982321113716330109291880816472852370016071262109227559", "price": "0.6", "size": "0", "side": "BUY", "hash": "6e73db62c26bd3ede25e8ef01e04658f6f801252", "best_bid": "0.61", "best_ask": "0.87"}, {"asset_id": "48198663273513522990189110659462524470841329555589026699447156332709689265551", "price": "0.4", "size": "0", "side": "SELL", "hash": "6bb2618e583cce574555ed53e0411d646ddcabd6", "best_bid": "0.13", "best_ask": "0.39"}], "timestamp": "1769384057379", "event_type": "price_change"}}
{"_local_timestamp": "2026-01-25T23:34:17.874415+00:00", "data": {"market": "0xd1412197d1785ccbd8f637a5fee457cf94a6ab845c752b879a2ab1c020423216", "price_changes": [{"asset_id": "48198663273513522990189110659462524470841329555589026699447156332709689265551", "price": "0.39", "size": "0", "side": "SELL", "hash": "ba85949e273c02238d03810662f74ed595e96f84", "best_bid": "0.13", "best_ask": "0.46"}, {"asset_id": "49118076071902115778633982321113716330109291880816472852370016071262109227559", "price": "0.61", "size": "0", "side": "BUY", "hash": "06cdfd4b4edfef36584000938f73de8105f7c358", "best_bid": "0.54", "best_ask": "0.87"}], "timestamp": "1769384057804", "event_type": "price_change"}}
{"_local_timestamp": "2026-01-25T23:34:17.965344+00:00", "data": {"market": "0xd1412197d1785ccbd8f637a5fee457cf94a6ab845c752b879a2ab1c020423216", "price_changes": [{"asset_id": "48198663273513522990189110659462524470841329555589026699447156332709689265551", "price": "0.45", "size": "5", "side": "SELL", "hash": "f431cad1486b158248c8d72fc717fc0e9e020038", "best_bid": "0.13", "best_ask": "0.45"}, {"asset_id": "49118076071902115778633982321113716330109291880816472852370016071262109227559", "price": "0.55", "size": "5", "side": "BUY", "hash": "a4917f10c2fb69411f8adee7894af20dd66d18cc", "best_bid": "0.55", "best_ask": "0.87"}], "timestamp": "1769384057883", "event_type": "price_change"}}
{"_local_timestamp": "2026-01-25T23:34:44.718095+00:00", "data": {"market": "0xd1412197d1785ccbd8f637a5fee457cf94a6ab845c752b879a2ab1c020423216", "price_changes": [{"asset_id": "49118076071902115778633982321113716330109291880816472852370016071262109227559", "price": "0.56", "size": "8.92", "side": "BUY", "hash": "f375ab46a9c226512a03163b08802869ea38f0de", "best_bid": "0.56", "best_ask": "0.87"}, {"asset_id": "48198663273513522990189110659462524470841329555589026699447156332709689265551", "price": "0.44", "size": "8.92", "side": "SELL", "hash": "698585457562ecb11e6a0839daa596c76db7da7c", "best_bid": "0.13", "best_ask": "0.44"}], "timestamp": "1769384084643", "event_type": "price_change"}}
{"_local_timestamp": "2026-01-25T23:34:45.492476+00:00", "data": {"market": "0xd1412197d1785ccbd8f637a5fee457cf94a6ab845c752b879a2ab1c020423216", "price_changes": [{"asset_id": "48198663273513522990189110659462524470841329555589026699447156332709689265551", "price": "0.45", "size": "0", "side": "SELL", "hash": "28a8bf7290a6553c02f7ce90c82c6a4f9693da60", "best_bid": "0.13", "best_ask": "0.44"}, {"asset_id": "49118076071902115778633982321113716330109291880816472852370016071262109227559", "price": "0.55", "size": "0", "side": "BUY", "hash": "2db6a4af37aede86e38fd8229e1c6b9bc5f32b56", "best_bid": "0.56", "best_ask": "0.87"}], "timestamp": "1769384085420", "event_type": "price_change"}}
{"_local_timestamp": "2026-01-25T23:34:45.641046+00:00", "data": {"market": "0xd1412197d1785ccbd8f637a5fee457cf94a6ab845c752b879a2ab1c020423216", "price_changes": [{"asset_id": "48198663273513522990189110659462524470841329555589026699447156332709689265551", "price": "0.43", "size": "5", "side": "SELL", "hash": "4097494e711b6c4fa8b34977ef77c07155fd4aa6", "best_bid": "0.13", "best_ask": "0.43"}, {"asset_id": "49118076071902115778633982321113716330109291880816472852370016071262109227559", "price": "0.57", "size": "5", "side": "BUY", "hash": "8484be28dba9776df0be71ab6805feca9bdce7d2", "best_bid": "0.57", "best_ask": "0.87"}], "timestamp": "1769384085569", "event_type": "price_change"}}
