{"_local_timestamp": "2026-01-25T23:41:07.867219+00:00", "data": [{"market": "0x2e52735eb229dad8097f00c897f5fedd3812f0b1a787bc8ec67eb719574f772c", "asset_id": "10310176113174816493199827121694149947452703149366174885082598331023934978896", "timestamp": "1769384466946", "hash": "f04231e21a610f9c82f8b432941a324e3e2d7eca", "bids": [{"price": "0.01", "size": "13979.25"}, {"price": "0.02", "size": "2450"}, {"price": "0.03", "size": "10.26"}, {"price": "0.07", "size": "3899.11"}, {"price": "0.08", "size": "2699.11"}, {"price": "0.1", "size": "10"}, {"price": "0.11", "size": "205.4"}, {"price": "0.17", "size": "100"}, {"price": "0.18", "size": "200"}, {"price": "0.19", "size": "200"}, {"price": "0.25", "size": "200"}, {"price": "0.3", "size": "100"}, {"price": "0.5", "size": "10"}, {"price": "0.53", "size": "24.52"}, {"price": "0.56", "size": "19.64"}, {"price": "0.62", "size": "260"}, {"price": "0.64", "size": "20"}, {"price": "0.66", "size": "10"}, {"price": "0.68", "size": "200"}, {"price": "0.69", "size": "57"}], "asks": [{"price": "0.99", "size": "381.65"}, {"price": "0.98", "size": "350"}, {"price": "0.97", "size": "9.78"}, {"price": "0.94", "size": "155"}, {"price": "0.93", "size": "77"}, {"price": "0.92", "size": "7.75"}, {"price": "0.91", "size": "62.8"}, {"price": "0.85", "size": "86.66"}, {"price": "0.84", "size": "68.75"}, {"price": "0.78", "size": "11.9"}, {"price": "0.77", "size": "5.21"}], "event_type": "book", "last_trade_price": "0.700"}, {"market": "0x2e52735eb229dad8097f00c897f5fedd3812f0b1a787bc8ec67eb719574f772c", "asset_id": "46379451331172600936027904181228453653062571759663704859932501136501461057484", "timestamp": "1769384466946", "hash": "b8afb83169f9f8c44f30bdc77b759bd050c36c13", "bids": [{"price": "0.01", "size": "381.65"}, {"price": "0.02", "size": "350"}, {"price": "0.03", "size": "9.78"}, {"price": "0.06", "size": "155"}, {"price": "0.07", "size": "77"}, {"price": "0.08", "size": "7.75"}, {"price": "0.09", "size": "62.8"}, {"price": "0.15", "size": "86.66"}, {"price": "0.16", "size": "68.75"}, {"price": "0.22", "size": "11.9"}, {"price": "0.23", "size": "5.21"}], "asks": [{"price": "0.99", "size": "13979.25"}, {"price": "0.98", "size": "2450"}, {"price": "0.97", "size": "10.26"}, {"price": "0.93", "size": "3899.11"}, {"price": "0.92", "size": "2699.11"}, {"price": "0.9", "size": "10"}, {"price": "0.89", "size": "205.4"}, {"price": "0.83", "size": "100"}, {"price": "0.82", "size": "200"}, {"price": "0.81", "size": "200"}, {"price": "0.75", "size": "200"}, {"price": "0.7", "size": "100"}, {"price": "0.5", "size": "10"}, {"price": "0.47", "size": "24.52"}, {"price": "0.44", "size": "19.64"}, {"price": "0.38", "size": "260"}, {"price": "0.36", "size": "20"}, {"price": "0.34", "size": "10"}, {"price": "0.32", "size": "200"}, {"price": "0.31", "size": "57"}], "event_type": "book", "last_trade_price": "0.700"}]}
{"_local_timestamp": "2026-01-25T23:41:27.923902+00:00", "data": {"market": "0x2e52735eb229dad8097f00c897f5fedd3812f0b1a787bc8ec67eb719574f772c", "price_changes": [{"asset_id": "10310176113174816493199827121694149947452703149366174885082598331023934978896", "price": "0.18", "size": "0", "side": "BUY", "hash": "7fcbee52db8a5175389460524468ad03a3f80844", "best_bid": "0.69", "best_ask": "0.77"}, {"asset_id": "46379451331172600936027904181228453653062571759663704859932501136501461057484", "price": "0.82", "size": "0", "side": "SELL", "hash": "849c1b9b7563a717773e2eac7af43a309cb62cff", "best_bid": "0.23", "best_ask": "0.31"}], "timestamp": "1769384487843", "event_type": "price_change"}}
{"_local_timestamp": "2026-01-25T23:41:27.959691+00:00", "data": {"market": "0x2e52735eb229dad8097f00c897f5fedd3812f0b1a787bc8ec67eb719574f772c", "price_changes": [{"asset_id": "10310176113174816493199827121694149947452703149366174885082598331023934978896", "price": "0.19", "size": "0", "side": "BUY", "hash": "67f1948096bf066e63e6a3af2ceb50703aa9c851", "best_bid": "0.69", "best_ask": "0.77"}, {"asset_id": "46379451331172600936027904181228453653062571759663704859932501136501461057484", "price": "0.81", "size": "0", "side": "SELL", "hash": "bc529551caeaba4833908780273f2689d060b9e4", "best_bid": "0.23", "best_ask": "0.31"}], "timestamp": "1769384487885", "event_type": "price_change"}}
{"_local_timestamp": "2026-01-25T23:41:27.961553+00:00", "data": {"market": "0x2e52735eb229dad8097f00c897f5fedd3812f0b1a787bc8ec67eb719574f772c", "price_changes": [{"asset_id": "10310176113174816493199827121694149947452703149366174885082598331023934978896", "price": "0.17", "size": "300", "side": "BUY", "hash": "db0ba0cd3015add5eeb4915541eedbc0b6b06d55", "best_bid": "0.69", "best_ask": "0.77"}, {"asset_id": "46379451331172600936027904181228453653062571759663704859932501136501461057484", "price": "0.83", "size": "300", "side": "SELL", "hash": "987167a057621c708603790144f8be84e42b13f6", "best_bid": "0.23", "best_ask": "0.31"}], "timestamp": "1769384487889", "event_type": "price_change"}}
{"_local_timestamp": "2026-01-25T23:41:28.209215+00:00", "data": {"market": "0x2e52735eb229dad8097f00c897f5fedd3812f0b1a787bc8ec67eb719574f772c", "price_changes": [{"asset_id": "10310176113174816493199827121694149947452703149366174885082598331023934978896", "price": "0.19", "size": "200", "side": "BUY", "hash": "9d7ee2a77ae629d1b29d877475a12b33ebaff9a0", "best_bid": "0.69", "best_ask": "0.77"}, {"asset_id": "46379451331172600936027904181228453653062571759663704859932501136501461057484", "price": "0.81", "size": "200", "side": "SELL", "hash": "bed9972de506800cb9f36be8c329a5d05bcd7f25", "best_bid": "0.23", "best_ask": "0.31"}], "timestamp": "1769384488133", "event_type": "price_change"}}
{"_local_timestamp": "2026-01-25T23:41:29.954952+00:00", "data": {"market": "0x2e52735eb229dad8097f00c897f5fedd3812f0b1a787bc8ec67eb719574f772c", "price_changes": [{"asset_id": "10310176113174816493199827121694149947452703149366174885082598331023934978896", "price": "0.2", "size": "200", "side": "BUY", "hash": "e62b105dd93f1b7a942af3cfb4513a16d6372919", "best_bid": "0.69", "best_ask": "0.77"}, {"asset_id": "46379451331172600936027904181228453653062571759663704859932501136501461057484", "price": "0.8", "size": "200", "side": "SELL", "hash": "823cb71f8303e5b276de1b2466b592c6cac54daa", "best_bid": "0.23", "best_ask": "0.31"}], "timestamp": "1769384489886", "event_type": "price_change"}}
{"_local_timestamp": "2026-01-25T23:41:29.955358+00:00", "data": {"market": "0x2e52735eb229dad8097f00c897f5fedd3812f0b1a787bc8ec67eb719574f772c", "price_changes": [{"asset_id": "10310176113174816493199827121694149947452703149366174885082598331023934978896", "price": "0.17", "size": "100", "side": "BUY", "hash": "830a24b2d6ac98cebaf635c3385a478cafc03f71", "best_bid": "0.69", "best_ask": "0.77"}, {"asset_id": "46379451331172600936027904181228453653062571759663704859932501136501461057484", "price": "0.83", "size": "100", "side": "SELL", "hash": "1d37c3ead77e86128b4c5af012b809dc5b3d06d0", "best_bid": "0.23", "best_ask": "0.31"}], "timestamp": "1769384489889", "event_type": "price_change"}}
{"_local_timestamp": "2026-01-25T23:41:48.643111+00:00", "data": {"market": "0x2e52735eb229dad8097f00c897f5fedd3812f0b1a787bc8ec67eb719574f772c", "price_changes": [{"asset_id": "10310176113174816493199827121694149947452703149366174885082598331023934978896", "price": "0.19", "size": "0", "side": "BUY", "hash": "62497a25a44c89887f495b864be6878de4872d87", "best_bid": "0.69", "best_ask": "0.77"}, {"asset_id": "46379451331172600936027904181228453653062571759663704859932501136501461057484", "price": "0.81", "size": "0", "side": "SELL", "hash": "52fd27e6110a33cf7895d8e24e81408ee5e4af01", "best_bid": "0.23", "best_ask": "0.31"}], "timestamp": "1769384508569", "event_type": "price_change"}}
{"_local_timestamp": "2026-01-25T23:41:48.689164+00:00", "data": {"market": "0x2e52735eb229dad8097f00c897f5fedd3812f0b1a787bc8ec67eb719574f772c", "price_changes": [{"asset_id": "10310176113174816493199827121694149947452703149366174885082598331023934978896", "price": "0.2", "size": "0", "side": "BUY", "hash": "7ff51b3c4740a97335117fe9bd41682e53cd9678", "best_bid": "0.69", "best_ask": "0.77"}, {"asset_id": "46379451331172600936027904181228453653062571759663704859932501136501461057484", "price": "0.8", "size": "0", "side": "SELL", "hash": "45228ffdc84c3b004a380dffc52ebef9eb0b9fe5", "best_bid": "0.23", "best_ask": "0.31"}], "timestamp": "1769384508609", "event_type": "price_change"}}
{"_local_timestamp": "2026-01-25T23:41:48.690099+00:00", "data": {"market": "0x2e52735eb229dad8097f00c897f5fedd3812f0b1a787bc8ec67eb719574f772c", "price_changes": [{"asset_id": "10310176113174816493199827121694149947452703149366174885082598331023934978896", "price": "0.17", "size": "300", "side": "BUY", "hash": "b5a2bf9ea0c04835af7dafd9f1ce58e643c383c3", "best_bid": "0.69", "best_ask": "0.77"}, {"asset_id": "46379451331172600936027904181228453653062571759663704859932501136501461057484", "price": "0.83", "size": "300", "side": "SELL", "hash": "f5631a8e21d52bdc544e4a49dd331912f4dde645", "best_bid": "0.23", "best_ask": "0.31"}], "timestamp": "1769384508613", "event_type": "price_change"}}
{"_local_timestamp": "2026-01-25T23:41:48.922293+00:00", "data": {"market": "0x2e52735eb229dad8097f00c897f5fedd3812f0b1a787bc8ec67eb719574f772c", "price_changes": [{"asset_id": "10310176113174816493199827121694149947452703149366174885082598331023934978896", "price": "0.2", "size": "200", "side": "BUY", "hash": "8e9faf512d9cd033064eb77f687eadf8fd151ba2", "best_bid": "0.69", "best_ask": "0.77"}, {"asset_id": "46379451331172600936027904181228453653062571759663704859932501136501461057484", "price": "0.8", "size": "200", "side": "SELL", "hash": "7b07e8f01ca216fec544518aba91c2260314aa1d", "best_bid": "0.23", "best_ask": "0.31"}], "timestamp": "1769384508849", "event_type": "price_change"}}
{"_local_timestamp": "2026-01-25T23:41:50.685201+00:00", "data": {"market": "0x2e52735eb229dad8097f00c897f5fedd3812f0b1a787bc8ec67eb719574f772c", "price_changes": [{"asset_id": "10310176113174816493199827121694149947452703149366174885082598331023934978896", "price": "0.21", "size": "200", "side": "BUY", "hash": "766b3ce0e3fb082b7bd33fc9f1e1b6db6f2b3696", "best_bid": "0.69", "best_ask": "0.77"}, {"asset_id": "46379451331172600936027904181228453653062571759663704859932501136501461057484", "price": "0.79", "size": "200", "side": "SELL", "hash": "e93bed601a104ebdd9a24c538c6ddeaf4a964f83", "best_bid": "0.23", "best_ask": "0.31"}], "timestamp": "1769384510609", "event_type": "price_change"}}
{"_local_timestamp": "2026-01-25T23:41:50.686770+00:00", "data": {"market": "0x2e52735eb229dad8097f00c897f5fedd3812f0b1a787bc8ec67eb719574f772c", "price_changes": [{"asset_id": "10310176113174816493199827121694149947452703149366174885082598331023934978896", "price": "0.17", "size": "100", "side": "BUY", "hash": "e10922d7dc982eb75263076d7bfe9f54c6d8f081", "best_bid": "0.69", "best_ask": "0.77"}, {"asset_id": "46379451331172600936027904181228453653062571759663704859932501136501461057484", "price": "0.83", "size": "100", "side": "SELL", "hash": "aac2331a979c44de6080f855207b6de02e9af297", "best_bid": "0.23", "best_ask": "0.31"}], "timestamp": "1769384510610", "event_type": "price_change"}}
{"_local_timestamp": "2026-01-25T23:42:12.669044+00:00", "data": {"market": "0x2e52735eb229dad8097f00c897f5fedd3812f0b1a787bc8ec67eb719574f772c", "price_changes": [{"asset_id": "10310176113174816493199827121694149947452703149366174885082598331023934978896", "price": "0.2", "size": "0", "side": "BUY", "hash": "52bcfc8f0b12e31ebfffb784f678d102e43996d5", "best_bid": "0.69", "best_ask": "0.77"}, {"asset_id": "46379451331172600936027904181228453653062571759663704859932501136501461057484", "price": "0.8", "size": "0", "side": "SELL", "hash": "35dc009beb98c1ecbbfc7e43ddb284d5c83dd6ce", "best_bid": "0.23", "best_ask": "0.31"}], "timestamp": "1769384532595", "event_type": "price_change"}}
{"_local_timestamp": "2026-01-25T23:42:12.699764+00:00", "data": {"market": "0x2e52735eb229dad8097f00c897f5fedd3812f0b1a787bc8ec67eb719574f772c", "price_changes": [{"asset_id": "10310176113174816493199827121694149947452703149366174885082598331023934978896", "price": "0.21", "size": "0", "side": "BUY", "hash": "c300ee1f476bf59eb8159d2f1fca323f21983234", "best_bid": "0.69", "best_ask": "0.77"}, {"asset_id": "46379451331172600936027904181228453653062571759663704859932501136501461057484", "price": "0.79", "size": "0", "side": "SELL", "hash": "d2b6e02dd5de61deab71b9844c4286299857a318", "best_bid": "0.23", "best_ask": "0.31"}], "timestamp": "1769384532633", "event_type": "price_change"}}
{"_local_timestamp": "2026-01-25T23:42:12.707993+00:00", "data": {"market": "0x2e52735eb229dad8097f00c897f5fedd3812f0b1a787bc8ec67eb719574f772c", "price_changes": [{"asset_id": "10310176113174816493199827121694149947452703149366174885082598331023934978896", "price": "0.17", "size": "300", "side": "BUY", "hash": "de42d0b48cdee45456fc8651802e14f13d740c71", "best_bid": "0.69", "best_ask": "0.77"}, {"asset_id": "46379451331172600936027904181228453653062571759663704859932501136501461057484", "price": "0.83", "size": "300", "side": "SELL", "hash": "b2108bcacb43d27ebc4124f762f7351a6512edc5", "best_bid": "0.23", "best_ask": "0.31"}], "timestamp": "1769384532640", "event_type": "price_change"}}
{"_local_timestamp": "2026-01-25T23:42:12.975357+00:00", "data": {"market": "0x2e52735eb229dad8097f00c897f5fedd3812f0b1a787bc8ec67eb719574f772c", "price_changes": [{"asset_id": "10310176113174816493199827121694149947452703149366174885082598331023934978896", "price": "0.17", "size": "500", "side": "BUY", "hash": "e36dd74b55f689be11c865fa4af22e19dcc4563c", "best_bid": "0.69", "best_ask": "0.77"}, {"asset_id": "46379451331172600936027904181228453653062571759663704859932501136501461057484", "price": "0.83", "size": "500", "side": "SELL", "hash": "b58d5c5f586915f3ba4b7cf68769f791adb22ab8", "best_bid": "0.23", "best_ask": "0.31"}], "timestamp": "1769384532893", "event_type": "price_change"}}
{"_local_timestamp": "2026-01-25T23:42:14.702513+00:00", "data": {"market": "0x2e52735eb229dad8097f00c897f5fedd3812f0b1a787bc8ec67eb719574f772c", "price_changes": [{"asset_id": "10310176113174816493199827121694149947452703149366174885082598331023934978896", "price": "0.18", "size": "200", "side": "BUY", "hash": "ddd34fc5a2b35b81d80d3fdb7153e0b1cb2c4d97", "best_bid": "0.69", "best_ask": "0.77"}, {"asset_id": "46379451331172600936027904181228453653062571759663704859932501136501461057484", "price": "0.82", "size": "200", "side": "SELL", "hash": "810f7a897c12b9f09d84f3e55ae56c2985b7f549", "best_bid": "0.23", "best_ask": "0.31"}], "timestamp": "1769384534631", "event_type": "price_change"}}
{"_local_timestamp": "2026-01-25T23:42:14.702960+00:00", "data": {"market": "0x2e52735eb229dad8097f00c897f5fedd3812f0b1a787bc8ec67eb719574f772c", "price_changes": [{"asset_id": "10310176113174816493199827121694149947452703149366174885082598331023934978896", "price": "0.17", "size": "300", "side": "BUY", "hash": "d5a8754f6dbaeaabb9fb7d2e7108e4db3150eeb7", "best_bid": "0.69", "best_ask": "0.77"}, {"asset_id": "46379451331172600936027904181228453653062571759663704859932501136501461057484", "price": "0.83", "size": "300", "side": "SELL", "hash": "5c370a8a4cd5dbeea4c08cc84094abc5022b99a1", "best_bid": "0.23", "best_ask": "0.31"}], "timestamp": "1769384534632", "event_type": "price_change"}}
{"_local_timestamp": "2026-01-25T23:42:34.033444+00:00", "data": {"market": "0x2e52735eb229dad8097f00c897f5fedd3812f0b1a787bc8ec67eb719574f772c", "price_changes": [{"asset_id": "10310176113174816493199827121694149947452703149366174885082598331023934978896", "price": "0.17", "size": "100", "side": "BUY", "hash": "7abfc91e2e41a3fcdf322b01a245693eec30992d", "best_bid": "0.69", "best_ask": "0.77"}, {"asset_id": "46379451331172600936027904181228453653062571759663704859932501136501461057484", "price": "0.83", "size": "100", "side": "SELL", "hash": "7ae9fc5c4edb9b6e4d005d4e8e9c3b25201616e6", "best_bid": "0.23", "best_ask": "0.31"}], "timestamp": "1769384553926", "event_type": "price_change"}}
{"_local_timestamp": "2026-01-25T23:42:34.077341+00:00", "data": {"market": "0x2e52735eb229dad8097f00c897f5fedd3812f0b1a787bc8ec67eb719574f772c", "price_changes": [{"asset_id": "10310176113174816493199827121694149947452703149366174885082598331023934978896", "price": "0.18", "size": "0", "side": "BUY", "hash": "8b45a43c37027586add4fd42e3a1f0a03377a713", "best_bid": "0.69", "best_ask": "0.77"}, {"asset_id": "46379451331172600936027904181228453653062571759663704859932501136501461057484", "price": "0.82", "size": "0", "side": "SELL", "hash": "0454f07e6ebafc1b3ad94f5aed9d9f5cddcb786a", "best_bid": "0.23", "best_ask": "0.31"}], "timestamp": "1769384553964", "event_type": "price_change"}}
{"_local_timestamp": "2026-01-25T23:42:34.085068+00:00", "data": {"market": "0x2e52735eb229dad8097f00c897f5fedd3812f0b1a787bc8ec67eb719574f772c", "price_changes": [{"asset_id": "10310176113174816493199827121694149947452703149366174885082598331023934978896", "price": "0.17", "size": "300", "side": "BUY", "hash": "ecc1b44fb9842578aadc69677850ab876c4f4bf8", "best_bid": "0.69", "best_ask": "0.77"}, {"asset_id": "46379451331172600936027904181228453653062571759663704859932501136501461057484", "price": "0.83", "size": "300", "side": "SELL", "hash": "c06701ee6a01df4e268387812788e5ccd35bd4e6", "best_bid": "0.23", "best_ask": "0.31"}], "timestamp": "1769384553965", "event_type": "price_change"}}
{"_local_timestamp": "2026-01-25T23:42:34.329170+00:00", "data": {"market": "0x2e52735eb229dad8097f00c897f5fedd3812f0b1a787bc8ec67eb719574f772c", "price_changes": [{"asset_id": "10310176113174816493199827121694149947452703149366174885082598331023934978896", "price": "0.18", "size": "200", "side": "BUY", "hash": "8e1a881492974c5e8153d692738c46c57ce659ff", "best_bid": "0.69", "best_ask": "0.77"}, {"asset_id": "46379451331172600936027904181228453653062571759663704859932501136501461057484", "price": "0.82", "size": "200", "side": "SELL", "hash": "caff938d18573f10a70c29a9c8d47d0eb800c860", "best_bid": "0.23", "best_ask": "0.31"}], "timestamp": "1769384554214", "event_type": "price_change"}}
{"_local_timestamp": "2026-01-25T23:42:36.071713+00:00", "data": {"market": "0x2e52735eb229dad8097f00c897f5fedd3812f0b1a787bc8ec67eb719574f772c", "price_changes": [{"asset_id": "10310176113174816493199827121694149947452703149366174885082598331023934978896", "price": "0.17", "size": "100", "side": "BUY", "hash": "48f8935cd320427edc9160c4617dde746b497012", "best_bid": "0.69", "best_ask": "0.77"}, {"asset_id": "46379451331172600936027904181228453653062571759663704859932501136501461057484", "price": "0.83", "size": "100", "side": "SELL", "hash": "82c007d49ab9687527d35091de2d4362a9112a7d", "best_bid": "0.23", "best_ask": "0.31"}], "timestamp": "1769384555964", "event_type": "price_change"}}
{"_local_timestamp": "2026-01-25T23:42:36.072131+00:00", "data": {"market": "0x2e52735eb229dad8097f00c897f5fedd3812f0b1a787bc8ec67eb719574f772c", "price_changes": [{"asset_id": "10310176113174816493199827121694149947452703149366174885082598331023934978896", "price": "0.19", "size": "200", "side": "BUY", "hash": "90ae59fe4d951707d02161fe8903c96e43df422e", "best_bid": "0.69", "best_ask": "0.77"}, {"asset_id": "46379451331172600936027904181228453653062571759663704859932501136501461057484", "price": "0.81", "size": "200", "side": "SELL", "hash": "1fd96cd1d85d1c7813f7a4998379b4c5cd555554", "best_bid": "0.23", "best_ask": "0.31"}], "timestamp": "1769384555965", "event_type": "price_change"}}
{"_local_timestamp": "2026-01-25T23:42:55.156132+00:00", "data": {"market": "0x2e52735eb229dad8097f00c897f5fedd3812f0b1a787bc8ec67eb719574f772c", "price_changes": [{"asset_id": "10310176113174816493199827121694149947452703149366174885082598331023934978896", "price": "0.18", "size": "0", "side": "BUY", "hash": "27ece316e491eb5d5d5a3d43247cd7b8f2818c96", "best_bid": "0.69", "best_ask": "0.77"}, {"asset_id": "46379451331172600936027904181228453653062571759663704859932501136501461057484", "price": "0.82", "size": "0", "side": "SELL", "hash": "1a305346864b2b2e6acf14aaa7bd48dc9031d302", "best_bid": "0.23", "best_ask": "0.31"}], "timestamp": "1769384575059", "event_type": "price_change"}}
{"_local_timestamp": "2026-01-25T23:42:55.189682+00:00", "data": {"market": "0x2e52735eb229dad8097f00c897f5fedd3812f0b1a787bc8ec67eb719574f772c", "price_changes": [{"asset_id": "10310176113174816493199827121694149947452703149366174885082598331023934978896", "price": "0.17", "size": "300", "side": "BUY", "hash": "e4f4d83ef3b245fea1db2db98d89f086967933ee", "best_bid": "0.69", "best_ask": "0.77"}, {"asset_id": "46379451331172600936027904181228453653062571759663704859932501136501461057484", "price": "0.83", "size": "300", "side": "SELL", "hash": "7ad4791b987623abf7e5e715ccec45c21110a611", "best_bid": "0.23", "best_ask": "0.31"}], "timestamp": "1769384575096", "event_type": "price_change"}}
{"_local_timestamp": "2026-01-25T23:42:55.193614+00:00", "data": {"market": "0x2e52735eb229dad8097f00c897f5fedd3812f0b1a787bc8ec67eb719574f772c", "price_changes": [{"asset_id": "10310176113174816493199827121694149947452703149366174885082598331023934978896", "price": "0.19", "size": "0", "side": "BUY", "hash": "a56393a61cb8e8f9ebd951d07b4a7035325da9d4", "best_bid": "0.69", "best_ask": "0.77"}, {"asset_id": "46379451331172600936027904181228453653062571759663704859932501136501461057484", "price": "0.81", "size": "0", "side": "SELL", "hash": "22a5e88641177210a2e95b197c0fdf5f7beb69fe", "best_bid": "0.23", "best_ask": "0.31"}], "timestamp": "1769384575101", "event_type": "price_change"}}
{"_local_timestamp": "2026-01-25T23:42:55.431756+00:00", "data": {"market": "0x2e52735eb229dad8097f00c897f5fedd3812f0b1a787bc8ec67eb719574f772c", "price_changes": [{"asset_id": "10310176113174816493199827121694149947452703149366174885082598331023934978896", "price": "0.19", "size": "200", "side": "BUY", "hash": "1908d3da79f1bb5449e7bdfbcf9e1eaaf6f8fdfa", "best_bid": "0.69", "best_ask": "0.77"}, {"asset_id": "46379451331172600936027904181228453653062571759663704859932501136501461057484", "price": "0.81", "size": "200", "side": "SELL", "hash": "fd74f3fe9f778c313ec0b623f34b4005a728d905", "best_bid": "0.23", "best_ask": "0.31"}], "timestamp": "1769384575331", "event_type": "price_change"}}
{"_local_timestamp": "2026-01-25T23:42:57.196518+00:00", "data": {"market": "0x2e52735eb229dad8097f00c897f5fedd3812f0b1a787bc8ec67eb719574f772c", "price_changes": [{"asset_id": "10310176113174816493199827121694149947452703149366174885082598331023934978896", "price": "0.2", "size": "200", "side": "BUY", "hash": "bd3ce544c6546d1915a9484b1e2f7b947b095541", "best_bid": "0.69", "best_ask": "0.77"}, {"asset_id": "46379451331172600936027904181228453653062571759663704859932501136501461057484", "price": "0.8", "size": "200", "side": "SELL", "hash": "1e74ad037cdde9aea88ac0218990d041a6e62810", "best_bid": "0.23", "best_ask": "0.31"}], "timestamp": "1769384577103", "event_type": "price_change"}}
{"_local_timestamp": "2026-01-25T23:42:57.197320+00:00", "data": {"market": "0x2e52735eb229dad8097f00c897f5fedd3812f0b1a787bc8ec67eb719574f772c", "price_changes": [{"asset_id": "10310176113174816493199827121694149947452703149366174885082598331023934978896", "price": "0.17", "size": "100", "side": "BUY", "hash": "59e0f7fa5fd78c559729af4fe66d9c3a2c27efa1", "best_bid": "0.69", "best_ask": "0.77"}, {"asset_id": "46379451331172600936027904181228453653062571759663704859932501136501461057484", "price": "0.83", "size": "100", "side": "SELL", "hash": "825760a0a4b52290929facf7c2c0ba3479709231", "best_bid": "0.23", "best_ask": "0.31"}], "timestamp": "1769384577103", "event_type": "price_change"}}
{"_local_timestamp": "2026-01-25T23:43:15.581228+00:00", "data": {"market": "0x2e52735eb229dad8097f00c897f5fedd3812f0b1a787bc8ec67eb719574f772c", "price_changes": [{"asset_id": "10310176113174816493199827121694149947452703149366174885082598331023934978896", "price": "0.19", "size": "0", "side": "BUY", "hash": "b6aadbf739c5110486d91211c66d5b262c63a66f", "best_bid": "0.69", "best_ask": "0.77"}, {"asset_id": "46379451331172600936027904181228453653062571759663704859932501136501461057484", "price": "0.81", "size": "0", "side": "SELL", "hash": "84bd2a8f3fe57980d6b67777fab32f9820533204", "best_bid": "0.23", "best_ask": "0.31"}], "timestamp": "1769384595443", "event_type": "price_change"}}
{"_local_timestamp": "2026-01-25T23:43:15.616788+00:00", "data": {"market": "0x2e52735eb229dad8097f00c897f5fedd3812f0b1a787bc8ec67eb719574f772c", "price_changes": [{"asset_id": "10310176113174816493199827121694149947452703149366174885082598331023934978896", "price": "0.2", "size": "0", "side": "BUY", "hash": "c195a608875a0114739d9c207bd4c630e29828fe", "best_bid": "0.69", "best_ask": "0.77"}, {"asset_id": "46379451331172600936027904181228453653062571759663704859932501136501461057484", "price": "0.8", "size": "0", "side": "SELL", "hash": "63d0d1f2535be9288c43f08b0686f7835b8a46e6", "best_bid": "0.23", "best_ask": "0.31"}], "timestamp": "1769384595480", "event_type": "price_change"}}
{"_local_timestamp": "2026-01-25T23:43:15.627836+00:00", "data": {"market": "0x2e52735eb229dad8097f00c897f5fedd3812f0b1a787bc8ec67eb719574f772c", "price_changes": [{"asset_id": "10310176113174816493199827121694149947452703149366174885082598331023934978896", "price": "0.17", "size": "300", "side": "BUY", "hash": "b248eabfc861e694320cd0d452eec28781e608fe", "best_bid": "0.69", "best_ask": "0.77"}, {"asset_id": "46379451331172600936027904181228453653062571759663704859932501136501461057484", "price": "0.83", "size": "300", "side": "SELL", "hash": "5d98849116d4c9b077f1e5f2171bd22db2f11b81", "best_bid": "0.23", "best_ask": "0.31"}], "timestamp": "1769384595490", "event_type": "price_change"}}
{"_local_timestamp": "2026-01-25T23:43:15.869345+00:00", "data": {"market": "0x2e52735eb229dad8097f00c897f5fedd3812f0b1a787bc8ec67eb719574f772c", "price_changes": [{"asset_id": "10310176113174816493199827121694149947452703149366174885082598331023934978896", "price": "0.2", "size": "200", "side": "BUY", "hash": "aab3ce13890496df804e877b8cd4b630a2f15f61", "best_bid": "0.69", "best_ask": "0.77"}, {"asset_id": "46379451331172600936027904181228453653062571759663704859932501136501461057484", "price": "0.8", "size": "200", "side": "SELL", "hash": "db9dcaf321590c2862542c6ba89e82249528a23d", "best_bid": "0.23", "best_ask": "0.31"}], "timestamp": "1769384595724", "event_type": "price_change"}}
{"_local_timestamp": "2026-01-25T23:43:17.600274+00:00", "data": {"market": "0x2e52735eb229dad8097f00c897f5fedd3812f0b1a787bc8ec67eb719574f772c", "price_changes": [{"asset_id": "10310176113174816493199827121694149947452703149366174885082598331023934978896", "price": "0.17", "size": "100", "side": "BUY", "hash": "47f110123b65e9a1c94d0cae4451cb02fb7d1463", "best_bid": "0.69", "best_ask": "0.77"}, {"asset_id": "46379451331172600936027904181228453653062571759663704859932501136501461057484", "price": "0.83", "size": "100", "side": "SELL", "hash": "0729a38fc02ebcc51efc046777eaffa0c0690053", "best_bid": "0.23", "best_ask": "0.31"}], "timestamp": "1769384597478", "event_type": "price_change"}}
{"_local_timestamp": "2026-01-25T23:43:17.600857+00:00", "data": {"market": "0x2e52735eb229dad8097f00c897f5fedd3812f0b1a787bc8ec67eb719574f772c", "price_changes": [{"asset_id": "10310176113174816493199827121694149947452703149366174885082598331023934978896", "price": "0.21", "size": "200", "side": "BUY", "hash": "8e28cc31aad8388c89fad546b094ee9aa8cd6e16", "best_bid": "0.69", "best_ask": "0.77"}, {"asset_id": "46379451331172600936027904181228453653062571759663704859932501136501461057484", "price": "0.79", "size": "200", "side": "SELL", "hash": "a96dc45c443e39c0fa88e29548e614733e2bdcfb", "best_bid": "0.23", "best_ask": "0.31"}], "timestamp": "1769384597481", "event_type": "price_change"}}
{"_local_timestamp": "2026-01-25T23:43:19.599194+00:00", "data": {"market": "0x2e52735eb229dad8097f00c897f5fedd3812f0b1a787bc8ec67eb719574f772c", "price_changes": [{"asset_id": "10310176113174816493199827121694149947452703149366174885082598331023934978896", "price": "0.22", "size": "200", "side": "BUY", "hash": "23468bf77544ceda6ab35ae47c2846eff9a7f5e0", "best_bid": "0.69", "best_ask": "0.77"}, {"asset_id": "46379451331172600936027904181228453653062571759663704859932501136501461057484", "price": "0.78", "size": "200", "side": "SELL", "hash": "3ed2ccb6e6b6daa604cb9dc4e3f1ad57619e1066", "best_bid": "0.23", "best_ask": "0.31"}], "timestamp": "1769384599482", "event_type": "price_change"}}
{"_local_timestamp": "2026-01-25T23:43:21.621386+00:00", "data": {"market": "0x2e52735eb229dad8097f00c897f5fedd3812f0b1a787bc8ec67eb719574f772c", "price_changes": [{"asset_id": "10310176113174816493199827121694149947452703149366174885082598331023934978896", "price": "0.23", "size": "200", "side": "BUY", "hash": "9b0b3062f48182a9916f392456a510ade65ba7d9", "best_bid": "0.69", "best_ask": "0.77"}, {"asset_id": "46379451331172600936027904181228453653062571759663704859932501136501461057484", "price": "0.77", "size": "200", "side": "SELL", "hash": "d2571929c7ebd23cc1a2f1918d8fd57f0f4888f4", "best_bid": "0.23", "best_ask": "0.31"}], "timestamp": "1769384601482", "event_type": "price_change"}}
{"_local_timestamp": "2026-01-25T23:43:21.621948+00:00", "data": {"market": "0x2e52735eb229dad8097f00c897f5fedd3812f0b1a787bc8ec67eb719574f772c", "price_changes": [{"asset_id": "10310176113174816493199827121694149947452703149366174885082598331023934978896", "price": "0.21", "size": "0", "side": "BUY", "hash": "e83a6ab88e38a7d8342ad314a8e7e0c4cfa01f6c", "best_bid": "0.69", "best_ask": "0.77"}, {"asset_id": "46379451331172600936027904181228453653062571759663704859932501136501461057484", "price": "0.79", "size": "0", "side": "SELL", "hash": "5c180e27dac256487489b0141c2d462e634ccd3d", "best_bid": "0.23", "best_ask": "0.31"}], "timestamp": "1769384601482", "event_type": "price_change"}}
{"_local_timestamp": "2026-01-25T23:43:23.624286+00:00", "data": {"market": "0x2e52735eb229dad8097f00c897f5fedd3812f0b1a787bc8ec67eb719574f772c", "price_changes": [{"asset_id": "10310176113174816493199827121694149947452703149366174885082598331023934978896", "price": "0.22", "size": "0", "side": "BUY", "hash": "1e4e5c99937955cd4b5f7cb5f11e4e9a711f8073", "best_bid": "0.69", "best_ask": "0.77"}, {"asset_id": "46379451331172600936027904181228453653062571759663704859932501136501461057484", "price": "0.78", "size": "0", "side": "SELL", "hash": "e72ff98d24fd5026b208f5e52262cfbf4a969d42", "best_bid": "0.23", "best_ask": "0.31"}], "timestamp": "1769384603485", "event_type": "price_change"}}
{"_local_timestamp": "2026-01-25T23:43:23.628193+00:00", "data": {"market": "0x2e52735eb229dad8097f00c897f5fedd3812f0b1a787bc8ec67eb719574f772c", "price_changes": [{"asset_id": "10310176113174816493199827121694149947452703149366174885082598331023934978896", "price": "0.23", "size": "400", "side": "BUY", "hash": "6e979a052c94140d99697e36064d9ecf4444d187", "best_bid": "0.69", "best_ask": "0.77"}, {"asset_id": "46379451331172600936027904181228453653062571759663704859932501136501461057484", "price": "0.77", "size": "400", "side": "SELL", "hash": "06797af9753e4838c5cbde01847285c56c22e119", "best_bid": "0.23", "best_ask": "0.31"}], "timestamp": "1769384603489", "event_type": "price_change"}}
{"_local_timestamp": "2026-01-25T23:43:38.236940+00:00", "data": {"market": "0x2e52735eb229dad8097f00c897f5fedd3812f0b1a787bc8ec67eb719574f772c", "price_changes": [{"asset_id": "10310176113174816493199827121694149947452703149366174885082598331023934978896", "price": "0.2", "size": "0", "side": "BUY", "hash": "22645e8796ed51ae9571d888999ac46ace1b68c9", "best_bid": "0.69", "best_ask": "0.77"}, {"asset_id": "46379451331172600936027904181228453653062571759663704859932501136501461057484", "price": "0.8", "size": "0", "side": "SELL", "hash": "8810478f1b47d4effb87fff6fa8dccb8a18f2599", "best_bid": "0.23", "best_ask": "0.31"}], "timestamp": "1769384618106", "event_type": "price_change"}}
{"_local_timestamp": "2026-01-25T23:43:38.273011+00:00", "data": {"market": "0x2e52735eb229dad8097f00c897f5fedd3812f0b1a787bc8ec67eb719574f772c", "price_changes": [{"asset_id": "10310176113174816493199827121694149947452703149366174885082598331023934978896", "price": "0.23", "size": "0", "side": "BUY", "hash": "ec15e01b0f81f0213cf62acbb44046571ed7b999", "best_bid": "0.69", "best_ask": "0.77"}, {"asset_id": "46379451331172600936027904181228453653062571759663704859932501136501461057484", "price": "0.77", "size": "0", "side": "SELL", "hash": "77c9d9ece87e3966295256015019a29dffd40029", "best_bid": "0.23", "best_ask": "0.31"}], "timestamp": "1769384618147", "event_type": "price_change"}}
{"_local_timestamp": "2026-01-25T23:43:38.273529+00:00", "data": {"market": "0x2e52735eb229dad8097f00c897f5fedd3812f0b1a787bc8ec67eb719574f772c", "price_changes": [{"asset_id": "10310176113174816493199827121694149947452703149366174885082598331023934978896", "price": "0.17", "size": "300", "side": "BUY", "hash": "5333415f31f578714f747dbf1e7cdbc0180bdab4", "best_bid": "0.69", "best_ask": "0.77"}, {"asset_id": "46379451331172600936027904181228453653062571759663704859932501136501461057484", "price": "0.83", "size": "300", "side": "SELL", "hash": "ca5e4865263dcc31449b5ba259047e69bee530b4", "best_bid": "0.23", "best_ask": "0.31"}], "timestamp": "1769384618148", "event_type": "price_change"}}
{"_local_timestamp": "2026-01-25T23:43:38.498582+00:00", "data": {"market": "0x2e52735eb229dad8097f00c897f5fedd3812f0b1a787bc8ec67eb719574f772c", "price_changes": [{"asset_id": "10310176113174816493199827121694149947452703149366174885082598331023934978896", "price": "0.17", "size": "500", "side": "BUY", "hash": "2d0941e08cfc5ba20afe97f6e422fc50c9a19f04", "best_bid": "0.69", "best_ask": "0.77"}, {"asset_id": "46379451331172600936027904181228453653062571759663704859932501136501461057484", "price": "0.83", "size": "500", "side": "SELL", "hash": "97b2ddcbf19e47226526dfc896196c43eeca8572", "best_bid": "0.23", "best_ask": "0.31"}], "timestamp": "1769384618378", "event_type": "price_change"}}
{"_local_timestamp": "2026-01-25T23:43:40.270719+00:00", "data": {"market": "0x2e52735eb229dad8097f00c897f5fedd3812f0b1a787bc8ec67eb719574f772c", "price_changes": [{"asset_id": "10310176113174816493199827121694149947452703149366174885082598331023934978896", "price": "0.18", "size": "200", "side": "BUY", "hash": "1a1f52d3866d0704d33f16402b4bde28cfa2b5ae", "best_bid": "0.69", "best_ask": "0.77"}, {"asset_id": "46379451331172600936027904181228453653062571759663704859932501136501461057484", "price": "0.82", "size": "200", "side": "SELL", "hash": "e2079c36cfceb0e7d1c2869e71ed57944ecf68eb", "best_bid": "0.23", "best_ask": "0.31"}], "timestamp": "1769384620148", "event_type": "price_change"}}
{"_local_timestamp": "2026-01-25T23:43:40.279290+00:00", "data": {"market": "0x2e52735eb229dad8097f00c897f5fedd3812f0b1a787bc8ec67eb719574f772c", "price_changes": [{"asset_id": "10310176113174816493199827121694149947452703149366174885082598331023934978896", "price": "0.17", "size": "300", "side": "BUY", "hash": "36cfb8a3ea666da70966481edebe92b0bd651507", "best_bid": "0.69", "best_ask": "0.77"}, {"asset_id": "46379451331172600936027904181228453653062571759663704859932501136501461057484", "price": "0.83", "size": "300", "side": "SELL", "hash": "79b554fa9a5044c1be19184aa72242faf8e6bfe6", "best_bid": "0.23", "best_ask": "0.31"}], "timestamp": "1769384620154", "event_type": "price_change"}}
{"_local_timestamp": "2026-01-25T23:43:42.237130+00:00", "data": {"market": "0x2e52735eb229dad8097f00c897f5fedd3812f0b1a787bc8ec67eb719574f772c", "price_changes": [{"asset_id": "10310176113174816493199827121694149947452703149366174885082598331023934978896", "price": "0.18", "size": "0", "side": "BUY", "hash": "b95d1fdaef07f3f19a1f04dcbb7adf650107bf4e", "best_bid": "0.69", "best_ask": "0.77"}, {"asset_id": "46379451331172600936027904181228453653062571759663704859932501136501461057484", "price": "0.82", "size": "0", "side": "SELL", "hash": "e548f3578503128b8acb20033e6b9b2bcb198d75", "best_bid": "0.23", "best_ask": "0.31"}], "timestamp": "1769384622139", "event_type": "price_change"}}
