{"_local_timestamp": "2026-01-25T23:41:03.823074+00:00", "data": [{"market": "0x59d182ccaad5e3a6faceaefe44c1f76e8ee25f10f54302de30b792f8c807a0b4", "asset_id": "74541650433055807205683508062938809387883326465762652223854707366000376751513", "timestamp": "1769376351246", "hash": "04718603e4e05a14b985933e45b51cb0b49e3ddb", "bids": [{"price": "0.01", "size": "5.47"}], "asks": [], "event_type": "book", "last_trade_price": "0.500"}, {"market": "0x736070f2e687e81dbd986845289dd180e2fbc70548bc2e8aff148ceadda15c44", "asset_id": "101382350625978987121519942323401996281801408020815403855006812185240433292418", "timestamp": "1769384462267", "hash": "7b3688cdd51d7d7b00cc2a1a4a97adf17d051e71", "bids": [{"price": "0.01", "size": "11966.44"}, {"price": "0.02", "size": "2300"}, {"price": "0.06", "size": "1900"}, {"price": "0.13", "size": "900"}, {"price": "0.14", "size": "333.04"}, {"price": "0.19", "size": "200"}, {"price": "0.2", "size": "200"}, {"price": "0.48", "size": "8"}, {"price": "0.52", "size": "200"}, {"price": "0.53", "size": "200"}, {"price": "0.54", "size": "200"}, {"price": "0.55", "size": "7"}, {"price": "0.6", "size": "100"}, {"price": "0.67", "size": "200"}, {"price": "0.68", "size": "26.93"}], "asks": [{"price": "0.99", "size": "9699.48"}, {"price": "0.98", "size": "200"}, {"price": "0.87", "size": "356.7"}, {"price": "0.86", "size": "456.7"}, {"price": "0.85", "size": "200"}, {"price": "0.84", "size": "184"}, {"price": "0.77", "size": "17"}], "event_type": "book", "last_trade_price": "0.320"}, {"market": "0xb60727b7184021d6bfca2d5aa8fa680fa1442e49278f95f95ffefafb3f2a3025", "asset_id": "115367010190416204310120450197513074530178866860741143260400076239205416315372", "timestamp": "1769376351246", "hash": "07d9fdc69b155d7e3c50033634b64e97b3fd6da9", "bids": [{"price": "0.01", "size": "5.47"}], "asks": [], "event_type": "book", "last_trade_price": ""}, {"market": "0xf4a3416a536ec8588bae9a47cdd8655d0108696cc31de7b970d8992b11873355", "asset_id": "50935218739792247778318199298052574723196071823490804712067538458741634484323", "timestamp": "1769384450123", "hash": "5b265c68ecaeb09820eb48dd15efc01710e7e752", "bids": [{"price": "0.03", "size": "19.21"}], "asks": [{"price": "0.99", "size": "5.47"}], "event_type": "book", "last_trade_price": "0.510"}, {"market": "0xa38775ab889d0e68597864235abfc80a78d0f9e7af86e37c4975cba828a926d6", "asset_id": "41367351190052781483743845203616479798683959674439080731989290985836195797", "timestamp": "1769376351246", "hash": "d670e3404ea5b8635d006fcfe5eb34e1d4ba10c6", "bids": [{"price": "0.01", "size": "5.47"}], "asks": [], "event_type": "book", "last_trade_price": ""}, {"market": "0xb60727b7184021d6bfca2d5aa8fa680fa1442e49278f95f95ffefafb3f2a3025", "asset_id": "94949807857261794141205625122614790734721091690055061002171489684427648207762", "timestamp": "1769376351246", "hash": "08052538cd3800137a301037031286d53d96f0ee", "bids": [], "asks": [{"price": "0.99", "size": "5.47"}], "event_type": "book", "last_trade_price": ""}, {"market": "0xf4a3416a536ec8588bae9a47cdd8655d0108696cc31de7b970d8992b11873355", "asset_id": "75587382274015873454619185837358927030925548924467090853085795283003256242214", "timestamp": "1769384450123", "hash": "4090a5e2a0eb83cee58e5675dcfa38bec85db530", "bids": [{"price": "0.01", "size": "5.47"}], "asks": [{"price": "0.97", "size": "19.21"}], "event_type": "book", "last_trade_price": "0.510"}, {"market": "0x736070f2e687e81dbd986845289dd180e2fbc70548bc2e8aff148ceadda15c44", "asset_id": "30864383541303163087464296154482516853756858364156305055380352441630662769495", "timestamp": "1769384462267", "hash": "2692c307ae5be9151bfc90c5b168bdc5b820d0e7", "bids": [{"price": "0.01", "size": "9699.48"}, {"price": "0.02", "size": "200"}, {"price": "0.13", "size": "356.7"}, {"price": "0.14", "size": "456.7"}, {"price": "0.15", "size": "200"}, {"price": "0.16", "size": "184"}, {"price": "0.23", "size": "17"}], "asks": [{"price": "0.99", "size": "11966.44"}, {"price": "0.98", "size": "2300"}, {"price": "0.94", "size": "1900"}, {"price": "0.87", "size": "900"}, {"price": "0.86", "size": "333.04"}, {"price": "0.81", "size": "200"}, {"price": "0.8", "size": "200"}, {"price": "0.52", "size": "8"}, {"price": "0.48", "size": "200"}, {"price": "0.47", "size": "200"}, {"price": "0.46", "size": "200"}, {"price": "0.45", "size": "7"}, {"price": "0.4", "size": "100"}, {"price": "0.33", "size": "200"}, {"price": "0.32", "size": "26.93"}], "event_type": "book", "last_trade_price": "0.320"}, {"market": "0xa38775ab889d0e68597864235abfc80a78d0f9e7af86e37c4975cba828a926d6", "asset_id": "84294171879762201112614118473217914604846983682456186977304986110588620643118", "timestamp": "1769376351246", "hash": "c0bfdf81e812bf6c4cf6e2214683541023d28a7b", "bids": [], "asks": [{"price": "0.99", "size": "5.47"}], "event_type": "book", "last_trade_price": ""}, {"market": "0x59d182ccaad5e3a6faceaefe44c1f76e8ee25f10f54302de30b792f8c807a0b4", "asset_id": "57653761012274450749691483433193739980952387392555833674868538053767682328867", "timestamp": "1769376351246", "hash": "490f612a794b64a786b8a9b4a036c17a7e86c165", "bids": [], "asks": [{"price": "0.99", "size": "5.47"}], "event_type": "book", "last_trade_price": "0.500"}]}
{"_local_timestamp": "2026-01-25T23:41:04.116863+00:00", "data": {"market": "0x736070f2e687e81dbd986845289dd180e2fbc70548bc2e8aff148ceadda15c44", "price_changes": [{"asset_id": "101382350625978987121519942323401996281801408020815403855006812185240433292418", "price": "0.54", "size": "0", "side": "BUY", "hash": "09d0754687a9317f583930db5b1ff916b4ea8085", "best_bid": "0.68", "best_ask": "0.77"}, {"asset_id": "30864383541303163087464296154482516853756858364156305055380352441630662769495", "price": "0.46", "size": "0", "side": "SELL", "hash": "96b3ea7e9a40fd91c60ccd0842a7636c09a62462", "best_bid": "0.23", "best_ask": "0.32"}], "timestamp": "1769384464049", "event_type": "price_change"}}
{"_local_timestamp": "2026-01-25T23:41:04.117307+00:00", "data": {"market": "0x736070f2e687e81dbd986845289dd180e2fbc70548bc2e8aff148ceadda15c44", "price_changes": [{"asset_id": "101382350625978987121519942323401996281801408020815403855006812185240433292418", "price": "0.53", "size": "0", "side": "BUY", "hash": "09d0754687a9317f583930db5b1ff916b4ea8085", "best_bid": "0.68", "best_ask": "0.77"}, {"asset_id": "30864383541303163087464296154482516853756858364156305055380352441630662769495", "price": "0.47", "size": "0", "side": "SELL", "hash": "96b3ea7e9a40fd91c60ccd0842a7636c09a62462", "best_bid": "0.23", "best_ask": "0.32"}], "timestamp": "1769384464049", "event_type": "price_change"}}
{"_local_timestamp": "2026-01-25T23:41:04.125266+00:00", "data": {"market": "0x736070f2e687e81dbd986845289dd180e2fbc70548bc2e8aff148ceadda15c44", "price_changes": [{"asset_id": "101382350625978987121519942323401996281801408020815403855006812185240433292418", "price": "0.15", "size": "200", "side": "BUY", "hash": "780ee270566abf44b448d48504c67bbc19d5f1e3", "best_bid": "0.68", "best_ask": "0.77"}, {"asset_id": "30864383541303163087464296154482516853756858364156305055380352441630662769495", "price": "0.85", "size": "200", "side": "SELL", "hash": "a9cb762552ba9aabd235779c48c903114d098c3a", "best_bid": "0.23", "best_ask": "0.32"}], "timestamp": "1769384464059", "event_type": "price_change"}}
{"_local_timestamp": "2026-01-25T23:41:04.125698+00:00", "data": {"market": "0x736070f2e687e81dbd986845289dd180e2fbc70548bc2e8aff148ceadda15c44", "price_changes": [{"asset_id": "101382350625978987121519942323401996281801408020815403855006812185240433292418", "price": "0.48", "size": "208", "side": "BUY", "hash": "8bf25cdfa3fc53d563c25bd4e5b0598bfe7073ee", "best_bid": "0.68", "best_ask": "0.77"}, {"asset_id": "30864383541303163087464296154482516853756858364156305055380352441630662769495", "price": "0.52", "size": "208", "side": "SELL", "hash": "31523297f17f9a586a9826f9e662b2acfdc94dfe", "best_bid": "0.23", "best_ask": "0.32"}], "timestamp": "1769384464060", "event_type": "price_change"}}
{"_local_timestamp": "2026-01-25T23:41:04.275450+00:00", "data": {"market": "0x736070f2e687e81dbd986845289dd180e2fbc70548bc2e8aff148ceadda15c44", "price_changes": [{"asset_id": "101382350625978987121519942323401996281801408020815403855006812185240433292418", "price": "0.52", "size": "456.7", "side": "BUY", "hash": "8d9851a9701edb698415070c8312cb7a2a0d79b8", "best_bid": "0.68", "best_ask": "0.77"}, {"asset_id": "30864383541303163087464296154482516853756858364156305055380352441630662769495", "price": "0.48", "size": "456.7", "side": "SELL", "hash": "c93627c8ab7358aafb25bb313a16a460ace0232c", "best_bid": "0.23", "best_ask": "0.32"}], "timestamp": "1769384464213", "event_type": "price_change"}}
{"_local_timestamp": "2026-01-25T23:41:04.284964+00:00", "data": {"market": "0x736070f2e687e81dbd986845289dd180e2fbc70548bc2e8aff148ceadda15c44", "price_changes": [{"asset_id": "101382350625978987121519942323401996281801408020815403855006812185240433292418", "price": "0.53", "size": "256.7", "side": "BUY", "hash": "0d4073f971dea2eed411b1b93ed6078facd92f0e", "best_bid": "0.68", "best_ask": "0.77"}, {"asset_id": "30864383541303163087464296154482516853756858364156305055380352441630662769495", "price": "0.47", "size": "256.7", "side": "SELL", "hash": "17a14c1300042b087af6ac6f9d75f4ecb4f83155", "best_bid": "0.23", "best_ask": "0.32"}], "timestamp": "1769384464215", "event_type": "price_change"}}
{"_local_timestamp": "2026-01-25T23:41:04.512350+00:00", "data": {"market": "0x736070f2e687e81dbd986845289dd180e2fbc70548bc2e8aff148ceadda15c44", "price_changes": [{"asset_id": "101382350625978987121519942323401996281801408020815403855006812185240433292418", "price": "0.53", "size": "589.74", "side": "BUY", "hash": "133a8df5c55b8b28a9978eb33d976b16e21a22d7", "best_bid": "0.68", "best_ask": "0.77"}, {"asset_id": "30864383541303163087464296154482516853756858364156305055380352441630662769495", "price": "0.47", "size": "589.74", "side": "SELL", "hash": "c9656a9828bf370d942d0c0a78125c8ca3a38454", "best_bid": "0.23", "best_ask": "0.32"}], "timestamp": "1769384464444", "event_type": "price_change"}}
{"_local_timestamp": "2026-01-25T23:41:04.523527+00:00", "data": {"market": "0x736070f2e687e81dbd986845289dd180e2fbc70548bc2e8aff148ceadda15c44", "price_changes": [{"asset_id": "101382350625978987121519942323401996281801408020815403855006812185240433292418", "price": "0.53", "size": "333.04", "side": "BUY", "hash": "c91fd53290d047d6caf755ec38c284d508be9c62", "best_bid": "0.68", "best_ask": "0.77"}, {"asset_id": "30864383541303163087464296154482516853756858364156305055380352441630662769495", "price": "0.47", "size": "333.04", "side": "SELL", "hash": "a55848dde1ec1ab885448d108d20f0d46be23c77", "best_bid": "0.23", "best_ask": "0.32"}], "timestamp": "1769384464455", "event_type": "price_change"}}
{"_local_timestamp": "2026-01-25T23:41:04.524096+00:00", "data": {"market": "0x736070f2e687e81dbd986845289dd180e2fbc70548bc2e8aff148ceadda15c44", "price_changes": [{"asset_id": "101382350625978987121519942323401996281801408020815403855006812185240433292418", "price": "0.52", "size": "200", "side": "BUY", "hash": "c91fd53290d047d6caf755ec38c284d508be9c62", "best_bid": "0.68", "best_ask": "0.77"}, {"asset_id": "30864383541303163087464296154482516853756858364156305055380352441630662769495", "price": "0.48", "size": "200", "side": "SELL", "hash": "a55848dde1ec1ab885448d108d20f0d46be23c77", "best_bid": "0.23", "best_ask": "0.32"}], "timestamp": "1769384464455", "event_type": "price_change"}}
{"_local_timestamp": "2026-01-25T23:41:04.611290+00:00", "data": {"market": "0x736070f2e687e81dbd986845289dd180e2fbc70548bc2e8aff148ceadda15c44", "price_changes": [{"asset_id": "101382350625978987121519942323401996281801408020815403855006812185240433292418", "price": "0.53", "size": "0", "side": "BUY", "hash": "9163122aae39c97acd034b2132584e3dc6f099e7", "best_bid": "0.68", "best_ask": "0.77"}, {"asset_id": "30864383541303163087464296154482516853756858364156305055380352441630662769495", "price": "0.47", "size": "0", "side": "SELL", "hash": "fcfc6bfe26f45a98015e9768fed753603c38c22f", "best_bid": "0.23", "best_ask": "0.32"}], "timestamp": "1769384464545", "event_type": "price_change"}}
{"_local_timestamp": "2026-01-25T23:41:04.965950+00:00", "data": {"market": "0x736070f2e687e81dbd986845289dd180e2fbc70548bc2e8aff148ceadda15c44", "price_changes": [{"asset_id": "101382350625978987121519942323401996281801408020815403855006812185240433292418", "price": "0.19", "size": "0", "side": "BUY", "hash": "e5dfb34cb4ccf40560902f37b72a205bef628ac1", "best_bid": "0.68", "best_ask": "0.77"}, {"asset_id": "30864383541303163087464296154482516853756858364156305055380352441630662769495", "price": "0.81", "size": "0", "side": "SELL", "hash": "3575e4ee95db96e2ab6ed10d974f12f5f1bac8c7", "best_bid": "0.23", "best_ask": "0.32"}], "timestamp": "1769384464888", "event_type": "price_change"}}
{"_local_timestamp": "2026-01-25T23:41:05.431766+00:00", "data": {"market": "0x736070f2e687e81dbd986845289dd180e2fbc70548bc2e8aff148ceadda15c44", "price_changes": [{"asset_id": "101382350625978987121519942323401996281801408020815403855006812185240433292418", "price": "0.14", "size": "533.04", "side": "BUY", "hash": "5d539266393e10fe8d66395171f507ef71128c3b", "best_bid": "0.68", "best_ask": "0.77"}, {"asset_id": "30864383541303163087464296154482516853756858364156305055380352441630662769495", "price": "0.86", "size": "533.04", "side": "SELL", "hash": "692cac551c70b9a48c04dc088178beca7c342bb7", "best_bid": "0.23", "best_ask": "0.32"}], "timestamp": "1769384465361", "event_type": "price_change"}}
{"_local_timestamp": "2026-01-25T23:41:06.123680+00:00", "data": {"market": "0x736070f2e687e81dbd986845289dd180e2fbc70548bc2e8aff148ceadda15c44", "price_changes": [{"asset_id": "101382350625978987121519942323401996281801408020815403855006812185240433292418", "price": "0.2", "size": "0", "side": "BUY", "hash": "d1aec252c632dda6a5460d56ae908b460f53ca4c", "best_bid": "0.68", "best_ask": "0.77"}, {"asset_id": "30864383541303163087464296154482516853756858364156305055380352441630662769495", "price": "0.8", "size": "0", "side": "SELL", "hash": "e18f006d4a45ae55e8be58414b61f83abded86d8", "best_bid": "0.23", "best_ask": "0.32"}], "timestamp": "1769384466049", "event_type": "price_change"}}
{"_local_timestamp": "2026-01-25T23:41:06.173859+00:00", "data": {"market": "0x736070f2e687e81dbd986845289dd180e2fbc70548bc2e8aff148ceadda15c44", "price_changes": [{"asset_id": "101382350625978987121519942323401996281801408020815403855006812185240433292418", "price": "0.14", "size": "733.04", "side": "BUY", "hash": "dd684c128744473ecad0b938a3f8e8e92c7de9b4", "best_bid": "0.68", "best_ask": "0.77"}, {"asset_id": "30864383541303163087464296154482516853756858364156305055380352441630662769495", "price": "0.86", "size": "733.04", "side": "SELL", "hash": "90ee2413af9cd778abe96fb2689907a4a48c88af", "best_bid": "0.23", "best_ask": "0.32"}], "timestamp": "1769384466056", "event_type": "price_change"}}
{"_local_timestamp": "2026-01-25T23:41:08.112774+00:00", "data": {"market": "0x736070f2e687e81dbd986845289dd180e2fbc70548bc2e8aff148ceadda15c44", "price_changes": [{"asset_id": "101382350625978987121519942323401996281801408020815403855006812185240433292418", "price": "0.52", "size": "0", "side": "BUY", "hash": "7e6a4b2e010bd1e64ec183371700aec3dc67ee78", "best_bid": "0.68", "best_ask": "0.77"}, {"asset_id": "30864383541303163087464296154482516853756858364156305055380352441630662769495", "price": "0.48", "size": "0", "side": "SELL", "hash": "3b0ed811a583b7cadb540050771949333cd25a09", "best_bid": "0.23", "best_ask": "0.32"}], "timestamp": "1769384468041", "event_type": "price_change"}}
{"_local_timestamp": "2026-01-25T23:41:08.115207+00:00", "data": {"market": "0x736070f2e687e81dbd986845289dd180e2fbc70548bc2e8aff148ceadda15c44", "price_changes": [{"asset_id": "101382350625978987121519942323401996281801408020815403855006812185240433292418", "price": "0.51", "size": "200", "side": "BUY", "hash": "ca339c5980cb3251ef4c99f93635ccfb3afa6b73", "best_bid": "0.68", "best_ask": "0.77"}, {"asset_id": "30864383541303163087464296154482516853756858364156305055380352441630662769495", "price": "0.49", "size": "200", "side": "SELL", "hash": "2f002083d3296462665b14c63c27081030ba480c", "best_bid": "0.23", "best_ask": "0.32"}], "timestamp": "1769384468050", "event_type": "price_change"}}
{"_local_timestamp": "2026-01-25T23:41:08.356229+00:00", "data": {"market": "0x736070f2e687e81dbd986845289dd180e2fbc70548bc2e8aff148ceadda15c44", "price_changes": [{"asset_id": "101382350625978987121519942323401996281801408020815403855006812185240433292418", "price": "0.48", "size": "464.7", "side": "BUY", "hash": "22d9cd534ffc69a2af38e349ccf2df8c6f15f1cb", "best_bid": "0.68", "best_ask": "0.77"}, {"asset_id": "30864383541303163087464296154482516853756858364156305055380352441630662769495", "price": "0.52", "size": "464.7", "side": "SELL", "hash": "e8f8bf1b57a70713c5c4609f21b8d01c32fec799", "best_bid": "0.23", "best_ask": "0.32"}], "timestamp": "1769384468273", "event_type": "price_change"}}
{"_local_timestamp": "2026-01-25T23:41:08.356662+00:00", "data": {"market": "0x736070f2e687e81dbd986845289dd180e2fbc70548bc2e8aff148ceadda15c44", "price_changes": [{"asset_id": "101382350625978987121519942323401996281801408020815403855006812185240433292418", "price": "0.15", "size": "533.04", "side": "BUY", "hash": "8ac1e37c9250c560ca27dbc9fbcdd7315725dcc1", "best_bid": "0.68", "best_ask": "0.77"}, {"asset_id": "30864383541303163087464296154482516853756858364156305055380352441630662769495", "price": "0.85", "size": "533.04", "side": "SELL", "hash": "7ef125bc681d6e6cd32e7dad9bcbe0c9bb9bed48", "best_bid": "0.23", "best_ask": "0.32"}], "timestamp": "1769384468274", "event_type": "price_change"}}
{"_local_timestamp": "2026-01-25T23:41:08.356967+00:00", "data": {"market": "0x736070f2e687e81dbd986845289dd180e2fbc70548bc2e8aff148ceadda15c44", "price_changes": [{"asset_id": "101382350625978987121519942323401996281801408020815403855006812185240433292418", "price": "0.49", "size": "256.7", "side": "BUY", "hash": "e670b39480da845fea87be6716cd728d493de4b0", "best_bid": "0.68", "best_ask": "0.77"}, {"asset_id": "30864383541303163087464296154482516853756858364156305055380352441630662769495", "price": "0.51", "size": "256.7", "side": "SELL", "hash": "244b07c7abf7793d14eaa6c36ddf3e79ba23eb52", "best_bid": "0.23", "best_ask": "0.32"}], "timestamp": "1769384468275", "event_type": "price_change"}}
{"_local_timestamp": "2026-01-25T23:41:09.993071+00:00", "data": {"market": "0x736070f2e687e81dbd986845289dd180e2fbc70548bc2e8aff148ceadda15c44", "price_changes": [{"asset_id": "30864383541303163087464296154482516853756858364156305055380352441630662769495", "price": "0.02", "size": "500", "side": "BUY", "hash": "738f07c26118d60723ccecce96ebc037e8260c78", "best_bid": "0.23", "best_ask": "0.32"}, {"asset_id": "101382350625978987121519942323401996281801408020815403855006812185240433292418", "price": "0.98", "size": "500", "side": "SELL", "hash": "1e5e6897308d489b12ac66859ff11644bb219d53", "best_bid": "0.68", "best_ask": "0.77"}], "timestamp": "1769384469928", "event_type": "price_change"}}
{"_local_timestamp": "2026-01-25T23:41:10.031905+00:00", "data": {"market": "0x736070f2e687e81dbd986845289dd180e2fbc70548bc2e8aff148ceadda15c44", "price_changes": [{"asset_id": "101382350625978987121519942323401996281801408020815403855006812185240433292418", "price": "0.14", "size": "400", "side": "BUY", "hash": "99bb392916fb3e1b88444dd9a9598d682426001f", "best_bid": "0.68", "best_ask": "0.77"}, {"asset_id": "30864383541303163087464296154482516853756858364156305055380352441630662769495", "price": "0.86", "size": "400", "side": "SELL", "hash": "33f061b64366b03360cb1b9d0be8ed8af663a99f", "best_bid": "0.23", "best_ask": "0.32"}], "timestamp": "1769384469959", "event_type": "price_change"}}
{"_local_timestamp": "2026-01-25T23:41:10.171015+00:00", "data": {"market": "0x736070f2e687e81dbd986845289dd180e2fbc70548bc2e8aff148ceadda15c44", "price_changes": [{"asset_id": "30864383541303163087464296154482516853756858364156305055380352441630662769495", "price": "0.02", "size": "300", "side": "BUY", "hash": "e9022a9765409ad07119b131cb11dfe9c4bae4e8", "best_bid": "0.23", "best_ask": "0.32"}, {"asset_id": "101382350625978987121519942323401996281801408020815403855006812185240433292418", "price": "0.98", "size": "300", "side": "SELL", "hash": "5cdc26261cadac9373ca0f3f7f4cdc3612a420ee", "best_bid": "0.68", "best_ask": "0.77"}], "timestamp": "1769384470081", "event_type": "price_change"}}
{"_local_timestamp": "2026-01-25T23:41:10.173520+00:00", "data": {"market": "0x736070f2e687e81dbd986845289dd180e2fbc70548bc2e8aff148ceadda15c44", "price_changes": [{"asset_id": "101382350625978987121519942323401996281801408020815403855006812185240433292418", "price": "0.15", "size": "333.04", "side": "BUY", "hash": "528eba1a96c6a56379d86791625b63eb8b789057", "best_bid": "0.68", "best_ask": "0.77"}, {"asset_id": "30864383541303163087464296154482516853756858364156305055380352441630662769495", "price": "0.85", "size": "333.04", "side": "SELL", "hash": "d3bca01f8252ac3eefe652ab134e2f8b99613418", "best_bid": "0.23", "best_ask": "0.32"}], "timestamp": "1769384470082", "event_type": "price_change"}}
{"_local_timestamp": "2026-01-25T23:41:10.173822+00:00", "data": {"market": "0x736070f2e687e81dbd986845289dd180e2fbc70548bc2e8aff148ceadda15c44", "price_changes": [{"asset_id": "101382350625978987121519942323401996281801408020815403855006812185240433292418", "price": "0.48", "size": "264.7", "side": "BUY", "hash": "528eba1a96c6a56379d86791625b63eb8b789057", "best_bid": "0.68", "best_ask": "0.77"}, {"asset_id": "30864383541303163087464296154482516853756858364156305055380352441630662769495", "price": "0.52", "size": "264.7", "side": "SELL", "hash": "d3bca01f8252ac3eefe652ab134e2f8b99613418", "best_bid": "0.23", "best_ask": "0.32"}], "timestamp": "1769384470082", "event_type": "price_change"}}
{"_local_timestamp": "2026-01-25T23:41:10.174085+00:00", "data": {"market": "0x736070f2e687e81dbd986845289dd180e2fbc70548bc2e8aff148ceadda15c44", "price_changes": [{"asset_id": "101382350625978987121519942323401996281801408020815403855006812185240433292418", "price": "0.14", "size": "200", "side": "BUY", "hash": "528eba1a96c6a56379d86791625b63eb8b789057", "best_bid": "0.68", "best_ask": "0.77"}, {"asset_id": "30864383541303163087464296154482516853756858364156305055380352441630662769495", "price": "0.86", "size": "200", "side": "SELL", "hash": "d3bca01f8252ac3eefe652ab134e2f8b99613418", "best_bid": "0.23", "best_ask": "0.32"}], "timestamp": "1769384470082", "event_type": "price_change"}}
{"_local_timestamp": "2026-01-25T23:41:10.174381+00:00", "data": {"market": "0x736070f2e687e81dbd986845289dd180e2fbc70548bc2e8aff148ceadda15c44", "price_changes": [{"asset_id": "30864383541303163087464296154482516853756858364156305055380352441630662769495", "price": "0.03", "size": "200", "side": "BUY", "hash": "b02199dfeb1336ac428a73c6b44dfe09e47d7e95", "best_bid": "0.23", "best_ask": "0.32"}, {"asset_id": "101382350625978987121519942323401996281801408020815403855006812185240433292418", "price": "0.97", "size": "200", "side": "SELL", "hash": "c096bb367b58f2c09998465003d60875d5ea4158", "best_bid": "0.68", "best_ask": "0.77"}], "timestamp": "1769384470090", "event_type": "price_change"}}
{"_local_timestamp": "2026-01-25T23:41:10.175621+00:00", "data": {"market": "0x736070f2e687e81dbd986845289dd180e2fbc70548bc2e8aff148ceadda15c44", "price_changes": [{"asset_id": "101382350625978987121519942323401996281801408020815403855006812185240433292418", "price": "0.5", "size": "200", "side": "BUY", "hash": "4ae99c93e391f916b905846c898658254cc912c1", "best_bid": "0.68", "best_ask": "0.77"}, {"asset_id": "30864383541303163087464296154482516853756858364156305055380352441630662769495", "price": "0.5", "size": "200", "side": "SELL", "hash": "c13bf1481d4237313f08225ebd1afe7cac9926a1", "best_bid": "0.23", "best_ask": "0.32"}], "timestamp": "1769384470090", "event_type": "price_change"}}
{"_local_timestamp": "2026-01-25T23:41:10.176498+00:00", "data": {"market": "0x736070f2e687e81dbd986845289dd180e2fbc70548bc2e8aff148ceadda15c44", "price_changes": [{"asset_id": "101382350625978987121519942323401996281801408020815403855006812185240433292418", "price": "0.16", "size": "200", "side": "BUY", "hash": "fd37b9e25ee614f4a85ce1583d740c3faeba9406", "best_bid": "0.68", "best_ask": "0.77"}, {"asset_id": "30864383541303163087464296154482516853756858364156305055380352441630662769495", "price": "0.84", "size": "200", "side": "SELL", "hash": "14af96e01218c8aa41b8572ce4457a408f02e5af", "best_bid": "0.23", "best_ask": "0.32"}], "timestamp": "1769384470091", "event_type": "price_change"}}
{"_local_timestamp": "2026-01-25T23:41:10.177300+00:00", "data": {"market": "0x736070f2e687e81dbd986845289dd180e2fbc70548bc2e8aff148ceadda15c44", "price_changes": [{"asset_id": "101382350625978987121519942323401996281801408020815403855006812185240433292418", "price": "0.49", "size": "456.7", "side": "BUY", "hash": "b9b98e9949f4c896617140d984b7d23ee447a2c6", "best_bid": "0.68", "best_ask": "0.77"}, {"asset_id": "30864383541303163087464296154482516853756858364156305055380352441630662769495", "price": "0.51", "size": "456.7", "side": "SELL", "hash": "2b2b9dbf03c89ff019fb38248cbc09add882f1d4", "best_bid": "0.23", "best_ask": "0.32"}], "timestamp": "1769384470091", "event_type": "price_change"}}
{"_local_timestamp": "2026-01-25T23:41:12.216042+00:00", "data": {"market": "0x736070f2e687e81dbd986845289dd180e2fbc70548bc2e8aff148ceadda15c44", "price_changes": [{"asset_id": "30864383541303163087464296154482516853756858364156305055380352441630662769495", "price": "0.14", "size": "256.7", "side": "BUY", "hash": "ae9bafb7028afb07dba713b5a26b13fd8873a52d", "best_bid": "0.23", "best_ask": "0.32"}, {"asset_id": "101382350625978987121519942323401996281801408020815403855006812185240433292418", "price": "0.86", "size": "256.7", "side": "SELL", "hash": "0aca897283f9cf6bd54535d79d19df5fb2d8d76e", "best_bid": "0.68", "best_ask": "0.77"}], "timestamp": "1769384472088", "event_type": "price_change"}}
{"_local_timestamp": "2026-01-25T23:41:12.216551+00:00", "data": {"market": "0x736070f2e687e81dbd986845289dd180e2fbc70548bc2e8aff148ceadda15c44", "price_changes": [{"asset_id": "30864383541303163087464296154482516853756858364156305055380352441630662769495", "price": "0.03", "size": "0", "side": "BUY", "hash": "ae9bafb7028afb07dba713b5a26b13fd8873a52d", "best_bid": "0.23", "best_ask": "0.32"}, {"asset_id": "101382350625978987121519942323401996281801408020815403855006812185240433292418", "price": "0.97", "size": "0", "side": "SELL", "hash": "0aca897283f9cf6bd54535d79d19df5fb2d8d76e", "best_bid": "0.68", "best_ask": "0.77"}], "timestamp": "1769384472088", "event_type": "price_change"}}
{"_local_timestamp": "2026-01-25T23:41:12.217855+00:00", "data": {"market": "0x736070f2e687e81dbd986845289dd180e2fbc70548bc2e8aff148ceadda15c44", "price_changes": [{"asset_id": "101382350625978987121519942323401996281801408020815403855006812185240433292418", "price": "0.51", "size": "0", "side": "BUY", "hash": "dddf97a38b1a0d1b2c38329d62364c2b8e793889", "best_bid": "0.68", "best_ask": "0.77"}, {"asset_id": "30864383541303163087464296154482516853756858364156305055380352441630662769495", "price": "0.49", "size": "0", "side": "SELL", "hash": "924a7f9aa83ec384143727e61c213368a1094715", "best_bid": "0.23", "best_ask": "0.32"}], "timestamp": "1769384472088", "event_type": "price_change"}}
{"_local_timestamp": "2026-01-25T23:41:12.221166+00:00", "data": {"market": "0x736070f2e687e81dbd986845289dd180e2fbc70548bc2e8aff148ceadda15c44", "price_changes": [{"asset_id": "101382350625978987121519942323401996281801408020815403855006812185240433292418", "price": "0.49", "size": "256.7", "side": "BUY", "hash": "dddf97a38b1a0d1b2c38329d62364c2b8e793889", "best_bid": "0.68", "best_ask": "0.77"}, {"asset_id": "30864383541303163087464296154482516853756858364156305055380352441630662769495", "price": "0.51", "size": "256.7", "side": "SELL", "hash": "924a7f9aa83ec384143727e61c213368a1094715", "best_bid": "0.23", "best_ask": "0.32"}], "timestamp": "1769384472088", "event_type": "price_change"}}
{"_local_timestamp": "2026-01-25T23:41:12.292964+00:00", "data": {"market": "0x736070f2e687e81dbd986845289dd180e2fbc70548bc2e8aff148ceadda15c44", "price_changes": [{"asset_id": "101382350625978987121519942323401996281801408020815403855006812185240433292418", "price": "0.49", "size": "0", "side": "BUY", "hash": "7f957cca99fe9ead9396cc77c01250838f88beaf", "best_bid": "0.68", "best_ask": "0.77"}, {"asset_id": "30864383541303163087464296154482516853756858364156305055380352441630662769495", "price": "0.51", "size": "0", "side": "SELL", "hash": "2be21ee8264871e26be2a8662803bfeade73834e", "best_bid": "0.23", "best_ask": "0.32"}], "timestamp": "1769384472195", "event_type": "price_change"}}
{"_local_timestamp": "2026-01-25T23:41:12.300455+00:00", "data": {"market": "0x736070f2e687e81dbd986845289dd180e2fbc70548bc2e8aff148ceadda15c44", "price_changes": [{"asset_id": "101382350625978987121519942323401996281801408020815403855006812185240433292418", "price": "0.48", "size": "8", "side": "BUY", "hash": "7f957cca99fe9ead9396cc77c01250838f88beaf", "best_bid": "0.68", "best_ask": "0.77"}, {"asset_id": "30864383541303163087464296154482516853756858364156305055380352441630662769495", "price": "0.52", "size": "8", "side": "SELL", "hash": "2be21ee8264871e26be2a8662803bfeade73834e", "best_bid": "0.23", "best_ask": "0.32"}], "timestamp": "1769384472195", "event_type": "price_change"}}
{"_local_timestamp": "2026-01-25T23:41:12.434284+00:00", "data": {"market": "0x736070f2e687e81dbd986845289dd180e2fbc70548bc2e8aff148ceadda15c44", "price_changes": [{"asset_id": "30864383541303163087464296154482516853756858364156305055380352441630662769495", "price": "0.03", "size": "200", "side": "BUY", "hash": "9a5eea9f4354ea0ce81205d6164f78a0c89d22a7", "best_bid": "0.23", "best_ask": "0.32"}, {"asset_id": "101382350625978987121519942323401996281801408020815403855006812185240433292418", "price": "0.97", "size": "200", "side": "SELL", "hash": "73e607baada3726a066157bcc908cfe7027c8845", "best_bid": "0.68", "best_ask": "0.77"}], "timestamp": "1769384472284", "event_type": "price_change"}}
{"_local_timestamp": "2026-01-25T23:41:12.435273+00:00", "data": {"market": "0x736070f2e687e81dbd986845289dd180e2fbc70548bc2e8aff148ceadda15c44", "price_changes": [{"asset_id": "30864383541303163087464296154482516853756858364156305055380352441630662769495", "price": "0.14", "size": "456.7", "side": "BUY", "hash": "b60de6af0827be633d33cbceeec1cacdeebf5de8", "best_bid": "0.23", "best_ask": "0.32"}, {"asset_id": "101382350625978987121519942323401996281801408020815403855006812185240433292418", "price": "0.86", "size": "456.7", "side": "SELL", "hash": "289dea24158c086e25a9a1d575284011622d3ca4", "best_bid": "0.68", "best_ask": "0.77"}], "timestamp": "1769384472286", "event_type": "price_change"}}
{"_local_timestamp": "2026-01-25T23:41:12.437182+00:00", "data": {"market": "0x736070f2e687e81dbd986845289dd180e2fbc70548bc2e8aff148ceadda15c44", "price_changes": [{"asset_id": "101382350625978987121519942323401996281801408020815403855006812185240433292418", "price": "0.15", "size": "533.04", "side": "BUY", "hash": "103250bedc48dbabcf71d36463e3dc61e4920595", "best_bid": "0.68", "best_ask": "0.77"}, {"asset_id": "30864383541303163087464296154482516853756858364156305055380352441630662769495", "price": "0.85", "size": "533.04", "side": "SELL", "hash": "3fd80a7f40e706d889c4a559f9ba4f58e674eb65", "best_bid": "0.23", "best_ask": "0.32"}], "timestamp": "1769384472287", "event_type": "price_change"}}
{"_local_timestamp": "2026-01-25T23:41:12.438085+00:00", "data": {"market": "0x736070f2e687e81dbd986845289dd180e2fbc70548bc2e8aff148ceadda15c44", "price_changes": [{"asset_id": "101382350625978987121519942323401996281801408020815403855006812185240433292418", "price": "0.49", "size": "200", "side": "BUY", "hash": "8ec1f8d38338d257bfff9aa0b0c047c279a86038", "best_bid": "0.68", "best_ask": "0.77"}, {"asset_id": "30864383541303163087464296154482516853756858364156305055380352441630662769495", "price": "0.51", "size": "200", "side": "SELL", "hash": "29cdb6ac3d28902d010e78555f47c7396190c888", "best_bid": "0.23", "best_ask": "0.32"}], "timestamp": "1769384472288", "event_type": "price_change"}}
{"_local_timestamp": "2026-01-25T23:41:12.438627+00:00", "data": {"market": "0x736070f2e687e81dbd986845289dd180e2fbc70548bc2e8aff148ceadda15c44", "price_changes": [{"asset_id": "101382350625978987121519942323401996281801408020815403855006812185240433292418", "price": "0.5", "size": "456.7", "side": "BUY", "hash": "069512a99cb5d287013291c663699cf6d6be8748", "best_bid": "0.68", "best_ask": "0.77"}, {"asset_id": "30864383541303163087464296154482516853756858364156305055380352441630662769495", "price": "0.5", "size": "456.7", "side": "SELL", "hash": "5d1bbc88c7a8185e33c9f09c2725b86287d220cb", "best_bid": "0.23", "best_ask": "0.32"}], "timestamp": "1769384472324", "event_type": "price_change"}}
{"_local_timestamp": "2026-01-25T23:41:12.441257+00:00", "data": {"market": "0x736070f2e687e81dbd986845289dd180e2fbc70548bc2e8aff148ceadda15c44", "price_changes": [{"asset_id": "101382350625978987121519942323401996281801408020815403855006812185240433292418", "price": "0.51", "size": "256.7", "side": "BUY", "hash": "828d110d9627b5f6c353c876cc6006a1bbdd3e2d", "best_bid": "0.68", "best_ask": "0.77"}, {"asset_id": "30864383541303163087464296154482516853756858364156305055380352441630662769495", "price": "0.49", "size": "256.7", "side": "SELL", "hash": "963c45711f8a0e156db1ee55b3829a129bf27dc4", "best_bid": "0.23", "best_ask": "0.32"}], "timestamp": "1769384472326", "event_type": "price_change"}}
{"_local_timestamp": "2026-01-25T23:41:12.442678+00:00", "data": {"market": "0x736070f2e687e81dbd986845289dd180e2fbc70548bc2e8aff148ceadda15c44", "price_changes": [{"asset_id": "101382350625978987121519942323401996281801408020815403855006812185240433292418", "price": "0.14", "size": "533.04", "side": "BUY", "hash": "4afab19cc864c572741e1e390e538704fb64726d", "best_bid": "0.68", "best_ask": "0.77"}, {"asset_id": "30864383541303163087464296154482516853756858364156305055380352441630662769495", "price": "0.86", "size": "533.04", "side": "SELL", "hash": "aa7361756fcc0d4456d36ca67b201aa5d388c6b2", "best_bid": "0.23", "best_ask": "0.32"}], "timestamp": "1769384472329", "event_type": "price_change"}}
