{"_local_timestamp": "2026-01-25T23:34:00.197580+00:00", "data": [{"market": "0x9086c36debbba7c4f515ea6e0937764b101a672ab9126edd47beb315fae32a5f", "asset_id": "90309620512318358478532881212285829690853597566117567936348371694520222272837", "timestamp": "1769384030407", "hash": "683a48b426146d81db53029248a8780f86b4feae", "bids": [{"price": "0.01", "size": "453"}, {"price": "0.02", "size": "413.25"}, {"price": "0.03", "size": "14.95"}, {"price": "0.04", "size": "5"}, {"price": "0.05", "size": "5"}, {"price": "0.06", "size": "156.43"}, {"price": "0.07", "size": "986.09"}, {"price": "0.08", "size": "232.09"}, {"price": "0.09", "size": "100"}], "asks": [{"price": "0.99", "size": "2982.69"}, {"price": "0.98", "size": "2250"}, {"price": "0.97", "size": "10.12"}, {"price": "0.95", "size": "1900"}, {"price": "0.93", "size": "250"}, {"price": "0.92", "size": "600"}, {"price": "0.9", "size": "10"}, {"price": "0.89", "size": "5.44"}, {"price": "0.85", "size": "500"}, {"price": "0.8", "size": "700"}, {"price": "0.75", "size": "400"}, {"price": "0.67", "size": "200"}, {"price": "0.65", "size": "100"}, {"price": "0.6", "size": "300"}, {"price": "0.5", "size": "10"}, {"price": "0.41", "size": "100"}, {"price": "0.39", "size": "100"}, {"price": "0.37", "size": "5"}, {"price": "0.29", "size": "7.16"}, {"price": "0.28", "size": "18.05"}, {"price": "0.27", "size": "215.06"}, {"price": "0.19", "size": "150"}, {"price": "0.18", "size": "10.22"}, {"price": "0.16", "size": "5"}, {"price": "0.14", "size": "5"}, {"price": "0.13", "size": "1005"}, {"price": "0.12", "size": "571.81"}, {"price": "0.1", "size": "6158.83"}], "event_type": "book", "last_trade_price": "0.900"}, {"market": "0x9086c36debbba7c4f515ea6e0937764b101a672ab9126edd47beb315fae32a5f", "asset_id": "114257893546944041419030008424343463729956007545768680110657102669697110418246", "timestamp": "1769384030407", "hash": "55de43c287c8a2da1eff1fe54b1af2fa1947931a", "bids": [{"price": "0.01", "size": "2982.69"}, {"price": "0.02", "size": "2250"}, {"price": "0.03", "size": "10.12"}, {"price": "0.05", "size": "1900"}, {"price": "0.07", "size": "250"}, {"price": "0.08", "size": "600"}, {"price": "0.1", "size": "10"}, {"price": "0.11", "size": "5.44"}, {"price": "0.15", "size": "500"}, {"price": "0.2", "size": "700"}, {"price": "0.25", "size": "400"}, {"price": "0.33", "size": "200"}, {"price": "0.35", "size": "100"}, {"price": "0.4", "size": "300"}, {"price": "0.5", "size": "10"}, {"price": "0.59", "size": "100"}, {"price": "0.61", "size": "100"}, {"price": "0.63", "size": "5"}, {"price": "0.71", "size": "7.16"}, {"price": "0.72", "size": "18.05"}, {"price": "0.73", "size": "215.06"}, {"price": "0.81", "size": "150"}, {"price": "0.82", "size": "10.22"}, {"price": "0.84", "size": "5"}, {"price": "0.86", "size": "5"}, {"price": "0.87", "size": "1005"}, {"price": "0.88", "size": "571.81"}, {"price": "0.9", "size": "6158.83"}], "asks": [{"price": "0.99", "size": "453"}, {"price": "0.98", "size": "413.25"}, {"price": "0.97", "size": "14.95"}, {"price": "0.96", "size": "5"}, {"price": "0.95", "size": "5"}, {"price": "0.94", "size": "156.43"}, {"price": "0.93", "size": "986.09"}, {"price": "0.92", "size": "232.09"}, {"price": "0.91", "size": "100"}], "event_type": "book", "last_trade_price": "0.900"}]}
{"_local_timestamp": "2026-01-25T23:34:01.565171+00:00", "data": {"market": "0x9086c36debbba7c4f515ea6e0937764b101a672ab9126edd47beb315fae32a5f", "price_changes": [{"asset_id": "90309620512318358478532881212285829690853597566117567936348371694520222272837", "price": "0.06", "size": "150", "side": "BUY", "hash": "14722bb4220d992013a384888b71c6f5941c5ece", "best_bid": "0.09", "best_ask": "0.1"}, {"asset_id": "114257893546944041419030008424343463729956007545768680110657102669697110418246", "price": "0.94", "size": "150", "side": "SELL", "hash": "224f8289f7456982421d3af67c054119100f8ae9", "best_bid": "0.9", "best_ask": "0.91"}], "timestamp": "1769384041492", "event_type": "price_change"}}
{"_local_timestamp": "2026-01-25T23:34:03.025754+00:00", "data": {"market": "0x9086c36debbba7c4f515ea6e0937764b101a672ab9126edd47beb315fae32a5f", "price_changes": [{"asset_id": "90309620512318358478532881212285829690853597566117567936348371694520222272837", "price": "0.03", "size": "27.83", "side": "BUY", "hash": "0cd52f2240e88a5a373eeead35bfb009be0f553e", "best_bid": "0.09", "best_ask": "0.1"}, {"asset_id": "114257893546944041419030008424343463729956007545768680110657102669697110418246", "price": "0.97", "size": "27.83", "side": "SELL", "hash": "0a29bcc41c20c8c293fa3d64f6b31a2975935342", "best_bid": "0.9", "best_ask": "0.91"}], "timestamp": "1769384042932", "event_type": "price_change"}}
{"_local_timestamp": "2026-01-25T23:34:13.612206+00:00", "data": {"market": "0x9086c36debbba7c4f515ea6e0937764b101a672ab9126edd47beb315fae32a5f", "price_changes": [{"asset_id": "90309620512318358478532881212285829690853597566117567936348371694520222272837", "price": "0.01", "size": "2452.11", "side": "BUY", "hash": "4d87a4f887410309d7381758fbabf64dbf9db1e9", "best_bid": "0.09", "best_ask": "0.1"}, {"asset_id": "114257893546944041419030008424343463729956007545768680110657102669697110418246", "price": "0.99", "size": "2452.11", "side": "SELL", "hash": "e7904a558959e9f5fa53d790f69d49f06452997a", "best_bid": "0.9", "best_ask": "0.91"}], "timestamp": "1769384053483", "event_type": "price_change"}}
{"_local_timestamp": "2026-01-25T23:34:13.614006+00:00", "data": {"market": "0x9086c36debbba7c4f515ea6e0937764b101a672ab9126edd47beb315fae32a5f", "price_changes": [{"asset_id": "114257893546944041419030008424343463729956007545768680110657102669697110418246", "price": "0.01", "size": "5981.8", "side": "BUY", "hash": "509ad423c6a7f777fa04baa3755ca264bfe9857b", "best_bid": "0.9", "best_ask": "0.91"}, {"asset_id": "90309620512318358478532881212285829690853597566117567936348371694520222272837", "price": "0.99", "size": "5981.8", "side": "SELL", "hash": "e90d82cc5e07f98357c2e40c9e15f58af238c6d3", "best_bid": "0.09", "best_ask": "0.1"}], "timestamp": "1769384053484", "event_type": "price_change"}}
{"_local_timestamp": "2026-01-25T23:34:13.628598+00:00", "data": {"market": "0x9086c36debbba7c4f515ea6e0937764b101a672ab9126edd47beb315fae32a5f", "price_changes": [{"asset_id": "114257893546944041419030008424343463729956007545768680110657102669697110418246", "price": "0.06", "size": "1999.11", "side": "BUY", "hash": "af0752b8d47be4a62fe5ac4df606db518461488e", "best_bid": "0.9", "best_ask": "0.91"}, {"asset_id": "90309620512318358478532881212285829690853597566117567936348371694520222272837", "price": "0.94", "size": "1999.11", "side": "SELL", "hash": "84018d58616bfd47937181bb93b76870b902b645", "best_bid": "0.09", "best_ask": "0.1"}], "timestamp": "1769384053485", "event_type": "price_change"}}
{"_local_timestamp": "2026-01-25T23:34:13.629057+00:00", "data": {"market": "0x9086c36debbba7c4f515ea6e0937764b101a672ab9126edd47beb315fae32a5f", "price_changes": [{"asset_id": "114257893546944041419030008424343463729956007545768680110657102669697110418246", "price": "0.05", "size": "3899.11", "side": "BUY", "hash": "57058d3c145f2983754add9f38f36be352c5320f", "best_bid": "0.9", "best_ask": "0.91"}, {"asset_id": "90309620512318358478532881212285829690853597566117567936348371694520222272837", "price": "0.95", "size": "3899.11", "side": "SELL", "hash": "1855a3a191364da65a7a594a3a3b5ab077725bc4", "best_bid": "0.09", "best_ask": "0.1"}], "timestamp": "1769384053485", "event_type": "price_change"}}
{"_local_timestamp": "2026-01-25T23:34:13.634483+00:00", "data": {"market": "0x9086c36debbba7c4f515ea6e0937764b101a672ab9126edd47beb315fae32a5f", "price_changes": [{"asset_id": "114257893546944041419030008424343463729956007545768680110657102669697110418246", "price": "0.01", "size": "7980.91", "side": "BUY", "hash": "4708fc526655464823d31869fd73616d8d494dc0", "best_bid": "0.9", "best_ask": "0.91"}, {"asset_id": "90309620512318358478532881212285829690853597566117567936348371694520222272837", "price": "0.99", "size": "7980.91", "side": "SELL", "hash": "5ec530ab53a372aee3a8326f5047214036bc61ba", "best_bid": "0.09", "best_ask": "0.1"}], "timestamp": "1769384053486", "event_type": "price_change"}}
{"_local_timestamp": "2026-01-25T23:34:13.634813+00:00", "data": {"market": "0x9086c36debbba7c4f515ea6e0937764b101a672ab9126edd47beb315fae32a5f", "price_changes": [{"asset_id": "114257893546944041419030008424343463729956007545768680110657102669697110418246", "price": "0.01", "size": "10980.02", "side": "BUY", "hash": "2495199af47bd2c38889fb1211e58f9256b01f7a", "best_bid": "0.9", "best_ask": "0.91"}, {"asset_id": "90309620512318358478532881212285829690853597566117567936348371694520222272837", "price": "0.99", "size": "10980.02", "side": "SELL", "hash": "bd7ab6d92bff516d814b3646527edd268bf69871", "best_bid": "0.09", "best_ask": "0.1"}], "timestamp": "1769384053487", "event_type": "price_change"}}
{"_local_timestamp": "2026-01-25T23:34:13.638257+00:00", "data": {"market": "0x9086c36debbba7c4f515ea6e0937764b101a672ab9126edd47beb315fae32a5f", "price_changes": [{"asset_id": "114257893546944041419030008424343463729956007545768680110657102669697110418246", "price": "0.01", "size": "13979.13", "side": "BUY", "hash": "c09989742dea99b7252f8b180dee3009785abc3f", "best_bid": "0.9", "best_ask": "0.91"}, {"asset_id": "90309620512318358478532881212285829690853597566117567936348371694520222272837", "price": "0.99", "size": "13979.13", "side": "SELL", "hash": "bf2060c2efe06e2a1cfe5866cf6bffe62e4d00fd", "best_bid": "0.09", "best_ask": "0.1"}], "timestamp": "1769384053488", "event_type": "price_change"}}
{"_local_timestamp": "2026-01-25T23:34:17.926983+00:00", "data": {"market": "0x9086c36debbba7c4f515ea6e0937764b101a672ab9126edd47beb315fae32a5f", "price_changes": [{"asset_id": "114257893546944041419030008424343463729956007545768680110657102669697110418246", "price": "0.08", "size": "400", "side": "BUY", "hash": "12c180f5f889190d9ac9c741d1fd5d6a28e19bd8", "best_bid": "0.9", "best_ask": "0.91"}, {"asset_id": "90309620512318358478532881212285829690853597566117567936348371694520222272837", "price": "0.92", "size": "400", "side": "SELL", "hash": "db9fc6094c1d5703cf5b151090bad4eedb19caf2", "best_bid": "0.09", "best_ask": "0.1"}], "timestamp": "1769384057839", "event_type": "price_change"}}
{"_local_timestamp": "2026-01-25T23:34:18.160647+00:00", "data": {"market": "0x9086c36debbba7c4f515ea6e0937764b101a672ab9126edd47beb315fae32a5f", "price_changes": [{"asset_id": "114257893546944041419030008424343463729956007545768680110657102669697110418246", "price": "0.06", "size": "2199.11", "side": "BUY", "hash": "03e8aea07cdff6dacad547df7682f36a2e9a5fb0", "best_bid": "0.9", "best_ask": "0.91"}, {"asset_id": "90309620512318358478532881212285829690853597566117567936348371694520222272837", "price": "0.94", "size": "2199.11", "side": "SELL", "hash": "a57dbcfeb22013d8033bb4a423b4ce54bb237b89", "best_bid": "0.09", "best_ask": "0.1"}], "timestamp": "1769384058088", "event_type": "price_change"}}
{"_local_timestamp": "2026-01-25T23:34:58.744480+00:00", "data": {"market": "0x9086c36debbba7c4f515ea6e0937764b101a672ab9126edd47beb315fae32a5f", "price_changes": [{"asset_id": "90309620512318358478532881212285829690853597566117567936348371694520222272837", "price": "0.07", "size": "886.09", "side": "BUY", "hash": "b07e1b33926d94588b79ec17afc929de4a8ca597", "best_bid": "0.09", "best_ask": "0.1"}, {"asset_id": "114257893546944041419030008424343463729956007545768680110657102669697110418246", "price": "0.93", "size": "886.09", "side": "SELL", "hash": "1793ac9adc3d2cee8a618539fde0c6404c139db1", "best_bid": "0.9", "best_ask": "0.91"}], "timestamp": "1769384098669", "event_type": "price_change"}}
{"_local_timestamp": "2026-01-25T23:34:58.805062+00:00", "data": {"market": "0x9086c36debbba7c4f515ea6e0937764b101a672ab9126edd47beb315fae32a5f", "price_changes": [{"asset_id": "90309620512318358478532881212285829690853597566117567936348371694520222272837", "price": "0.08", "size": "51.37", "side": "BUY", "hash": "ddc03873a206434ce32e8f9b1979f77b4c9d9150", "best_bid": "0.09", "best_ask": "0.1"}, {"asset_id": "114257893546944041419030008424343463729956007545768680110657102669697110418246", "price": "0.92", "size": "51.37", "side": "SELL", "hash": "764b2af94d39ef5bb6247ef60f400f8de0c4f657", "best_bid": "0.9", "best_ask": "0.91"}], "timestamp": "1769384098724", "event_type": "price_change"}}
{"_local_timestamp": "2026-01-25T23:35:12.335950+00:00", "data": {"market": "0x9086c36debbba7c4f515ea6e0937764b101a672ab9126edd47beb315fae32a5f", "price_changes": [{"asset_id": "90309620512318358478532881212285829690853597566117567936348371694520222272837", "price": "0.08", "size": "96.55", "side": "BUY", "hash": "565028b55a80e5fa92fd6372ffa17d6e906f15ac", "best_bid": "0.09", "best_ask": "0.1"}, {"asset_id": "114257893546944041419030008424343463729956007545768680110657102669697110418246", "price": "0.92", "size": "96.55", "side": "SELL", "hash": "9227ca275b1b6f7d5add7a95672edf84a9cc047d", "best_bid": "0.9", "best_ask": "0.91"}], "timestamp": "1769384112262", "event_type": "price_change"}}
{"_local_timestamp": "2026-01-25T23:35:12.336490+00:00", "data": {"market": "0x9086c36debbba7c4f515ea6e0937764b101a672ab9126edd47beb315fae32a5f", "price_changes": [{"asset_id": "90309620512318358478532881212285829690853597566117567936348371694520222272837", "price": "0.08", "size": "141.73", "side": "BUY", "hash": "a6210194f18624112e31e87dfec33ca83b50ca93", "best_bid": "0.09", "best_ask": "0.1"}, {"asset_id": "114257893546944041419030008424343463729956007545768680110657102669697110418246", "price": "0.92", "size": "141.73", "side": "SELL", "hash": "667842933e1b9f98cd3d360f46cc65c6f8d87791", "best_bid": "0.9", "best_ask": "0.91"}], "timestamp": "1769384112263", "event_type": "price_change"}}
{"_local_timestamp": "2026-01-25T23:35:12.336827+00:00", "data": {"market": "0x9086c36debbba7c4f515ea6e0937764b101a672ab9126edd47beb315fae32a5f", "price_changes": [{"asset_id": "90309620512318358478532881212285829690853597566117567936348371694520222272837", "price": "0.08", "size": "186.91", "side": "BUY", "hash": "174b12448097929bf65ad40dd1f6d17d67446113", "best_bid": "0.09", "best_ask": "0.1"}, {"asset_id": "114257893546944041419030008424343463729956007545768680110657102669697110418246", "price": "0.92", "size": "186.91", "side": "SELL", "hash": "459de89a04c16d80b4822cd62f914d3737d0934a", "best_bid": "0.9", "best_ask": "0.91"}], "timestamp": "1769384112264", "event_type": "price_change"}}
{"_local_timestamp": "2026-01-25T23:35:12.958899+00:00", "data": {"market": "0x9086c36debbba7c4f515ea6e0937764b101a672ab9126edd47beb315fae32a5f", "price_changes": [{"asset_id": "90309620512318358478532881212285829690853597566117567936348371694520222272837", "price": "0.08", "size": "232.09", "side": "BUY", "hash": "de24ee8c85647488d6968e4f887ec5014879eaed", "best_bid": "0.09", "best_ask": "0.1"}, {"asset_id": "114257893546944041419030008424343463729956007545768680110657102669697110418246", "price": "0.92", "size": "232.09", "side": "SELL", "hash": "cfe7392d83eac35f68a8ed5b503d108a2c68b73c", "best_bid": "0.9", "best_ask": "0.91"}], "timestamp": "1769384112885", "event_type": "price_change"}}
{"_local_timestamp": "2026-01-25T23:35:14.261708+00:00", "data": {"market": "0x9086c36debbba7c4f515ea6e0937764b101a672ab9126edd47beb315fae32a5f", "price_changes": [{"asset_id": "90309620512318358478532881212285829690853597566117567936348371694520222272837", "price": "0.06", "size": "2050", "side": "BUY", "hash": "e17e25dceed7656e8e28db7d9a53a8a4c7e08442", "best_bid": "0.09", "best_ask": "0.1"}, {"asset_id": "114257893546944041419030008424343463729956007545768680110657102669697110418246", "price": "0.94", "size": "2050", "side": "SELL", "hash": "9fbf1f50abdb2c67ac6acb94c158aaf425518cf2", "best_bid": "0.9", "best_ask": "0.91"}], "timestamp": "1769384114191", "event_type": "price_change"}}
{"_local_timestamp": "2026-01-25T23:35:39.997134+00:00", "data": {"market": "0x9086c36debbba7c4f515ea6e0937764b101a672ab9126edd47beb315fae32a5f", "price_changes": [{"asset_id": "114257893546944041419030008424343463729956007545768680110657102669697110418246", "price": "0.9", "size": "6108.83", "side": "BUY", "hash": "eaf9b63a5c3221235cb9d442a83b282a8db6fe4d", "best_bid": "0.9", "best_ask": "0.91"}, {"asset_id": "90309620512318358478532881212285829690853597566117567936348371694520222272837", "price": "0.1", "size": "6108.83", "side": "SELL", "hash": "cc41ed00a2bad194c4a28c29fe292b5c9d269e70", "best_bid": "0.09", "best_ask": "0.1"}], "timestamp": "1769384139928", "event_type": "price_change"}}
{"_local_timestamp": "2026-01-25T23:35:39.998012+00:00", "data": {"market": "0x9086c36debbba7c4f515ea6e0937764b101a672ab9126edd47beb315fae32a5f", "asset_id": "90309620512318358478532881212285829690853597566117567936348371694520222272837", "bids": [{"price": "0.01", "size": "2452.11"}, {"price": "0.02", "size": "413.25"}, {"price": "0.03", "size": "27.83"}, {"price": "0.04", "size": "5"}, {"price": "0.05", "size": "5"}, {"price": "0.06", "size": "2050"}, {"price": "0.07", "size": "886.09"}, {"price": "0.08", "size": "232.09"}, {"price": "0.09", "size": "100"}], "asks": [{"price": "0.99", "size": "13979.13"}, {"price": "0.98", "size": "2250"}, {"price": "0.97", "size": "10.12"}, {"price": "0.95", "size": "3899.11"}, {"price": "0.94", "size": "2199.11"}, {"price": "0.93", "size": "250"}, {"price": "0.92", "size": "400"}, {"price": "0.9", "size": "10"}, {"price": "0.89", "size": "5.44"}, {"price": "0.85", "size": "500"}, {"price": "0.8", "size": "700"}, {"price": "0.75", "size": "400"}, {"price": "0.67", "size": "200"}, {"price": "0.65", "size": "100"}, {"price": "0.6", "size": "300"}, {"price": "0.5", "size": "10"}, {"price": "0.41", "size": "100"}, {"price": "0.39", "size": "100"}, {"price": "0.37", "size": "5"}, {"price": "0.29", "size": "7.16"}, {"price": "0.28", "size": "18.05"}, {"price": "0.27", "size": "215.06"}, {"price": "0.19", "size": "150"}, {"price": "0.18", "size": "10.22"}, {"price": "0.16", "size": "5"}, {"price": "0.14", "size": "5"}, {"price": "0.13", "size": "1005"}, {"price": "0.12", "size": "571.81"}, {"price": "0.1", "size": "6108.83"}], "hash": "cc41ed00a2bad194c4a28c29fe292b5c9d269e70", "timestamp": "1769384139928", "event_type": "book"}}
{"_local_timestamp": "2026-01-25T23:35:39.998534+00:00", "data": {"market": "0x9086c36debbba7c4f515ea6e0937764b101a672ab9126edd47beb315fae32a5f", "asset_id": "114257893546944041419030008424343463729956007545768680110657102669697110418246", "bids": [{"price": "0.01", "size": "13979.13"}, {"price": "0.02", "size": "2250"}, {"price": "0.03", "size": "10.12"}, {"price": "0.05", "size": "3899.11"}, {"price": "0.06", "size": "2199.11"}, {"price": "0.07", "size": "250"}, {"price": "0.08", "size": "400"}, {"price": "0.1", "size": "10"}, {"price": "0.11", "size": "5.44"}, {"price": "0.15", "size": "500"}, {"price": "0.2", "size": "700"}, {"price": "0.25", "size": "400"}, {"price": "0.33", "size": "200"}, {"price": "0.35", "size": "100"}, {"price": "0.4", "size": "300"}, {"price": "0.5", "size": "10"}, {"price": "0.59", "size": "100"}, {"price": "0.61", "size": "100"}, {"price": "0.63", "size": "5"}, {"price": "0.71", "size": "7.16"}, {"price": "0.72", "size": "18.05"}, {"price": "0.73", "size": "215.06"}, {"price": "0.81", "size": "150"}, {"price": "0.82", "size": "10.22"}, {"price": "0.84", "size": "5"}, {"price": "0.86", "size": "5"}, {"price": "0.87", "size": "1005"}, {"price": "0.88", "size": "571.81"}, {"price": "0.9", "size": "6108.83"}], "asks": [{"price": "0.99", "size": "2452.11"}, {"price": "0.98", "size": "413.25"}, {"price": "0.97", "size": "27.83"}, {"price": "0.96", "size": "5"}, {"price": "0.95", "size": "5"}, {"price": "0.94", "size": "2050"}, {"price": "0.93", "size": "886.09"}, {"price": "0.92", "size": "232.09"}, {"price": "0.91", "size": "100"}], "hash": "eaf9b63a5c3221235cb9d442a83b282a8db6fe4d", "timestamp": "1769384139928", "event_type": "book"}}
{"_local_timestamp": "2026-01-25T23:35:40.030825+00:00", "data": {"market": "0x9086c36debbba7c4f515ea6e0937764b101a672ab9126edd47beb315fae32a5f", "asset_id": "90309620512318358478532881212285829690853597566117567936348371694520222272837", "price": "0.1", "size": "50", "fee_rate_bps": "0", "side": "BUY", "timestamp": "1769384139959", "event_type": "last_trade_price", "transaction_hash": "0x6382adca327521e099cf7d0cdcb03970db51b7893ae86413b23cd1b10bccda9e"}}
{"_local_timestamp": "2026-01-25T23:35:52.509664+00:00", "data": {"market": "0x9086c36debbba7c4f515ea6e0937764b101a672ab9126edd47beb315fae32a5f", "price_changes": [{"asset_id": "114257893546944041419030008424343463729956007545768680110657102669697110418246", "price": "0.9", "size": "5993.83", "side": "BUY", "hash": "0dfa2bf74ba96fc2715bd9148e22a23a69d359d5", "best_bid": "0.9", "best_ask": "0.91"}, {"asset_id": "90309620512318358478532881212285829690853597566117567936348371694520222272837", "price": "0.1", "size": "5993.83", "side": "SELL", "hash": "57c5452f55d9c9cbe2b3f35a3c54ca3b56c6733b", "best_bid": "0.09", "best_ask": "0.1"}], "timestamp": "1769384152428", "event_type": "price_change"}}
{"_local_timestamp": "2026-01-25T23:35:52.512489+00:00", "data": {"market": "0x9086c36debbba7c4f515ea6e0937764b101a672ab9126edd47beb315fae32a5f", "asset_id": "90309620512318358478532881212285829690853597566117567936348371694520222272837", "bids": [{"price": "0.01", "size": "2452.11"}, {"price": "0.02", "size": "413.25"}, {"price": "0.03", "size": "27.83"}, {"price": "0.04", "size": "5"}, {"price": "0.05", "size": "5"}, {"price": "0.06", "size": "2050"}, {"price": "0.07", "size": "886.09"}, {"price": "0.08", "size": "232.09"}, {"price": "0.09", "size": "100"}], "asks": [{"price": "0.99", "size": "13979.13"}, {"price": "0.98", "size": "2250"}, {"price": "0.97", "size": "10.12"}, {"price": "0.95", "size": "3899.11"}, {"price": "0.94", "size": "2199.11"}, {"price": "0.93", "size": "250"}, {"price": "0.92", "size": "400"}, {"price": "0.9", "size": "10"}, {"price": "0.89", "size": "5.44"}, {"price": "0.85", "size": "500"}, {"price": "0.8", "size": "700"}, {"price": "0.75", "size": "400"}, {"price": "0.67", "size": "200"}, {"price": "0.65", "size": "100"}, {"price": "0.6", "size": "300"}, {"price": "0.5", "size": "10"}, {"price": "0.41", "size": "100"}, {"price": "0.39", "size": "100"}, {"price": "0.37", "size": "5"}, {"price": "0.29", "size": "7.16"}, {"price": "0.28", "size": "18.05"}, {"price": "0.27", "size": "215.06"}, {"price": "0.19", "size": "150"}, {"price": "0.18", "size": "10.22"}, {"price": "0.16", "size": "5"}, {"price": "0.14", "size": "5"}, {"price": "0.13", "size": "1005"}, {"price": "0.12", "size": "571.81"}, {"price": "0.1", "size": "5993.83"}], "hash": "57c5452f55d9c9cbe2b3f35a3c54ca3b56c6733b", "timestamp": "1769384152428", "event_type": "book"}}
{"_local_timestamp": "2026-01-25T23:35:52.513013+00:00", "data": {"market": "0x9086c36debbba7c4f515ea6e0937764b101a672ab9126edd47beb315fae32a5f", "asset_id": "114257893546944041419030008424343463729956007545768680110657102669697110418246", "bids": [{"price": "0.01", "size": "13979.13"}, {"price": "0.02", "size": "2250"}, {"price": "0.03", "size": "10.12"}, {"price": "0.05", "size": "3899.11"}, {"price": "0.06", "size": "2199.11"}, {"price": "0.07", "size": "250"}, {"price": "0.08", "size": "400"}, {"price": "0.1", "size": "10"}, {"price": "0.11", "size": "5.44"}, {"price": "0.15", "size": "500"}, {"price": "0.2", "size": "700"}, {"price": "0.25", "size": "400"}, {"price": "0.33", "size": "200"}, {"price": "0.35", "size": "100"}, {"price": "0.4", "size": "300"}, {"price": "0.5", "size": "10"}, {"price": "0.59", "size": "100"}, {"price": "0.61", "size": "100"}, {"price": "0.63", "size": "5"}, {"price": "0.71", "size": "7.16"}, {"price": "0.72", "size": "18.05"}, {"price": "0.73", "size": "215.06"}, {"price": "0.81", "size": "150"}, {"price": "0.82", "size": "10.22"}, {"price": "0.84", "size": "5"}, {"price": "0.86", "size": "5"}, {"price": "0.87", "size": "1005"}, {"price": "0.88", "size": "571.81"}, {"price": "0.9", "size": "5993.83"}], "asks": [{"price": "0.99", "size": "2452.11"}, {"price": "0.98", "size": "413.25"}, {"price": "0.97", "size": "27.83"}, {"price": "0.96", "size": "5"}, {"price": "0.95", "size": "5"}, {"price": "0.94", "size": "2050"}, {"price": "0.93", "size": "886.09"}, {"price": "0.92", "size": "232.09"}, {"price": "0.91", "size": "100"}], "hash": "0dfa2bf74ba96fc2715bd9148e22a23a69d359d5", "timestamp": "1769384152428", "event_type": "book"}}
{"_local_timestamp": "2026-01-25T23:35:52.551905+00:00", "data": {"market": "0x9086c36debbba7c4f515ea6e0937764b101a672ab9126edd47beb315fae32a5f", "asset_id": "90309620512318358478532881212285829690853597566117567936348371694520222272837", "price": "0.1", "size": "115", "fee_rate_bps": "0", "side": "BUY", "timestamp": "1769384152481", "event_type": "last_trade_price", "transaction_hash": "0xb967bbba5cf4aef7984fb95eedcb0ec60028c282590aca144405a1a00cd020c2"}}
{"_local_timestamp": "2026-01-25T23:36:19.962880+00:00", "data": {"market": "0x9086c36debbba7c4f515ea6e0937764b101a672ab9126edd47beb315fae32a5f", "price_changes": [{"asset_id": "90309620512318358478532881212285829690853597566117567936348371694520222272837", "price": "0.03", "size": "12.88", "side": "BUY", "hash": "15c99587bc2ee0244cfd5e4cbb224229152ee28a", "best_bid": "0.09", "best_ask": "0.1"}, {"asset_id": "114257893546944041419030008424343463729956007545768680110657102669697110418246", "price": "0.97", "size": "12.88", "side": "SELL", "hash": "688600320545fa69c71f2046fbc3ddc46088a908", "best_bid": "0.9", "best_ask": "0.91"}], "timestamp": "1769384179895", "event_type": "price_change"}}
{"_local_timestamp": "2026-01-25T23:36:21.062841+00:00", "data": {"market": "0x9086c36debbba7c4f515ea6e0937764b101a672ab9126edd47beb315fae32a5f", "price_changes": [{"asset_id": "90309620512318358478532881212285829690853597566117567936348371694520222272837", "price": "0.04", "size": "16.21", "side": "BUY", "hash": "9337beba2b5fe12daf48ee78c0c8df80c81aa4ed", "best_bid": "0.09", "best_ask": "0.1"}, {"asset_id": "114257893546944041419030008424343463729956007545768680110657102669697110418246", "price": "0.96", "size": "16.21", "side": "SELL", "hash": "afbfc61ad612eb729c3d82873f718fcd7f5e5126", "best_bid": "0.9", "best_ask": "0.91"}], "timestamp": "1769384180993", "event_type": "price_change"}}
{"_local_timestamp": "2026-01-25T23:37:00.412441+00:00", "data": {"market": "0x9086c36debbba7c4f515ea6e0937764b101a672ab9126edd47beb315fae32a5f", "price_changes": [{"asset_id": "90309620512318358478532881212285829690853597566117567936348371694520222272837", "price": "0.06", "size": "150", "side": "BUY", "hash": "d513013a92fff9731954f8910ddba680a54ea4d5", "best_bid": "0.09", "best_ask": "0.1"}, {"asset_id": "114257893546944041419030008424343463729956007545768680110657102669697110418246", "price": "0.94", "size": "150", "side": "SELL", "hash": "298eedb9d2331de5ac31a732a765341f149d292b", "best_bid": "0.9", "best_ask": "0.91"}], "timestamp": "1769384220206", "event_type": "price_change"}}
{"_local_timestamp": "2026-01-25T23:37:00.412918+00:00", "data": {"market": "0x9086c36debbba7c4f515ea6e0937764b101a672ab9126edd47beb315fae32a5f", "price_changes": [{"asset_id": "90309620512318358478532881212285829690853597566117567936348371694520222272837", "price": "0.07", "size": "986.09", "side": "BUY", "hash": "1deb65a4774046ce2eb25db2c39c40f3920815d7", "best_bid": "0.09", "best_ask": "0.1"}, {"asset_id": "114257893546944041419030008424343463729956007545768680110657102669697110418246", "price": "0.93", "size": "986.09", "side": "SELL", "hash": "22225a46952a37e9516dcd8f103fd0c5fa1e1e74", "best_bid": "0.9", "best_ask": "0.91"}], "timestamp": "1769384220209", "event_type": "price_change"}}
{"_local_timestamp": "2026-01-25T23:37:03.623676+00:00", "data": {"market": "0x9086c36debbba7c4f515ea6e0937764b101a672ab9126edd47beb315fae32a5f", "price_changes": [{"asset_id": "114257893546944041419030008424343463729956007545768680110657102669697110418246", "price": "0.87", "size": "505", "side": "BUY", "hash": "be2fdf0844fbd7f90176dfe5f2cc07ed15852e10", "best_bid": "0.9", "best_ask": "0.91"}, {"asset_id": "90309620512318358478532881212285829690853597566117567936348371694520222272837", "price": "0.13", "size": "505", "side": "SELL", "hash": "973fc18b70983f97fba4588940acc2e647062e78", "best_bid": "0.09", "best_ask": "0.1"}], "timestamp": "1769384223438", "event_type": "price_change"}}
{"_local_timestamp": "2026-01-25T23:37:03.632059+00:00", "data": {"market": "0x9086c36debbba7c4f515ea6e0937764b101a672ab9126edd47beb315fae32a5f", "price_changes": [{"asset_id": "114257893546944041419030008424343463729956007545768680110657102669697110418246", "price": "0.88", "size": "1071.81", "side": "BUY", "hash": "e33ef1bdfb1108049ce63179cfdf4b71359365e3", "best_bid": "0.9", "best_ask": "0.91"}, {"asset_id": "90309620512318358478532881212285829690853597566117567936348371694520222272837", "price": "0.12", "size": "1071.81", "side": "SELL", "hash": "3b83029923741a0023a976f172abaac9c385553b", "best_bid": "0.09", "best_ask": "0.1"}], "timestamp": "1769384223445", "event_type": "price_change"}}
{"_local_timestamp": "2026-01-25T23:37:38.899632+00:00", "data": {"market": "0x9086c36debbba7c4f515ea6e0937764b101a672ab9126edd47beb315fae32a5f", "price_changes": [{"asset_id": "90309620512318358478532881212285829690853597566117567936348371694520222272837", "price": "0.08", "size": "51.37", "side": "BUY", "hash": "285572fb701d880a26186b681c3c7e0312d6762d", "best_bid": "0.09", "best_ask": "0.1"}, {"asset_id": "114257893546944041419030008424343463729956007545768680110657102669697110418246", "price": "0.92", "size": "51.37", "side": "SELL", "hash": "cbecce6ea60de02dcc248d5768c6f5c4a83177a4", "best_bid": "0.9", "best_ask": "0.91"}], "timestamp": "1769384258825", "event_type": "price_change"}}
{"_local_timestamp": "2026-01-25T23:37:54.831823+00:00", "data": {"market": "0x9086c36debbba7c4f515ea6e0937764b101a672ab9126edd47beb315fae32a5f", "price_changes": [{"asset_id": "90309620512318358478532881212285829690853597566117567936348371694520222272837", "price": "0.08", "size": "96.55", "side": "BUY", "hash": "9ee0e1787dd93c92db15e2091a0ccf779c338ab4", "best_bid": "0.09", "best_ask": "0.1"}, {"asset_id": "114257893546944041419030008424343463729956007545768680110657102669697110418246", "price": "0.92", "size": "96.55", "side": "SELL", "hash": "255874e6160d08c41a22d9b42de7c85d4ba2460c", "best_bid": "0.9", "best_ask": "0.91"}], "timestamp": "1769384274706", "event_type": "price_change"}}
{"_local_timestamp": "2026-01-25T23:37:54.835039+00:00", "data": {"market": "0x9086c36debbba7c4f515ea6e0937764b101a672ab9126edd47beb315fae32a5f", "price_changes": [{"asset_id": "90309620512318358478532881212285829690853597566117567936348371694520222272837", "price": "0.08", "size": "141.73", "side": "BUY", "hash": "0d763f077c8a7710aa36ee91b8c622edbf899c82", "best_bid": "0.09", "best_ask": "0.1"}, {"asset_id": "114257893546944041419030008424343463729956007545768680110657102669697110418246", "price": "0.92", "size": "141.73", "side": "SELL", "hash": "64f67314031d7d53751e2603bb0c3698bc62882b", "best_bid": "0.9", "best_ask": "0.91"}], "timestamp": "1769384274706", "event_type": "price_change"}}
{"_local_timestamp": "2026-01-25T23:37:54.835500+00:00", "data": {"market": "0x9086c36debbba7c4f515ea6e0937764b101a672ab9126edd47beb315fae32a5f", "price_changes": [{"asset_id": "90309620512318358478532881212285829690853597566117567936348371694520222272837", "price": "0.08", "size": "186.91", "side": "BUY", "hash": "af3e517af9913fa65ed1c5d8bf1f42b40ffdd04d", "best_bid": "0.09", "best_ask": "0.1"}, {"asset_id": "114257893546944041419030008424343463729956007545768680110657102669697110418246", "price": "0.92", "size": "186.91", "side": "SELL", "hash": "12c89db43b43ebb8e488c383d3667e81097d6071", "best_bid": "0.9", "best_ask": "0.91"}], "timestamp": "1769384274707", "event_type": "price_change"}}
{"_local_timestamp": "2026-01-25T23:37:54.835854+00:00", "data": {"market": "0x9086c36debbba7c4f515ea6e0937764b101a672ab9126edd47beb315fae32a5f", "price_changes": [{"asset_id": "90309620512318358478532881212285829690853597566117567936348371694520222272837", "price": "0.08", "size": "232.09", "side": "BUY", "hash": "abf2fe0c0c1700d1885f8e8555429f76316f0bc3", "best_bid": "0.09", "best_ask": "0.1"}, {"asset_id": "114257893546944041419030008424343463729956007545768680110657102669697110418246", "price": "0.92", "size": "232.09", "side": "SELL", "hash": "a7f198df3f2482bf0b5193a6b445d9ff2ff0872d", "best_bid": "0.9", "best_ask": "0.91"}], "timestamp": "1769384274707", "event_type": "price_change"}}
{"_local_timestamp": "2026-01-25T23:38:51.131095+00:00", "data": {"market": "0x9086c36debbba7c4f515ea6e0937764b101a672ab9126edd47beb315fae32a5f", "price_changes": [{"asset_id": "90309620512318358478532881212285829690853597566117567936348371694520222272837", "price": "0.06", "size": "100", "side": "BUY", "hash": "61798a19b1e8476939a98eec2a2e7b1e8b3006c1", "best_bid": "0.09", "best_ask": "0.1"}, {"asset_id": "114257893546944041419030008424343463729956007545768680110657102669697110418246", "price": "0.94", "size": "100", "side": "SELL", "hash": "9afd3f4ec01bd3038f0e61fcda2e63d41ec161db", "best_bid": "0.9", "best_ask": "0.91"}], "timestamp": "1769384331009", "event_type": "price_change"}}
{"_local_timestamp": "2026-01-25T23:38:51.171869+00:00", "data": {"market": "0x9086c36debbba7c4f515ea6e0937764b101a672ab9126edd47beb315fae32a5f", "price_changes": [{"asset_id": "90309620512318358478532881212285829690853597566117567936348371694520222272837", "price": "0.06", "size": "300", "side": "BUY", "hash": "8583c060eafccd94a9e2a1e234ce3a0ce6089212", "best_bid": "0.09", "best_ask": "0.1"}, {"asset_id": "114257893546944041419030008424343463729956007545768680110657102669697110418246", "price": "0.94", "size": "300", "side": "SELL", "hash": "25fc5950e1495d861c837a7ccd2ec5bf90851d48", "best_bid": "0.9", "best_ask": "0.91"}], "timestamp": "1769384331087", "event_type": "price_change"}}
{"_local_timestamp": "2026-01-25T23:38:51.632262+00:00", "data": {"market": "0x9086c36debbba7c4f515ea6e0937764b101a672ab9126edd47beb315fae32a5f", "price_changes": [{"asset_id": "114257893546944041419030008424343463729956007545768680110657102669697110418246", "price": "0.87", "size": "5", "side": "BUY", "hash": "b598bad2755ecd14d3922dd20cc2187732470f4a", "best_bid": "0.9", "best_ask": "0.91"}, {"asset_id": "90309620512318358478532881212285829690853597566117567936348371694520222272837", "price": "0.13", "size": "5", "side": "SELL", "hash": "b1c5a91a8a8ce608bf0102864ff77698b8f4c7eb", "best_bid": "0.09", "best_ask": "0.1"}], "timestamp": "1769384331557", "event_type": "price_change"}}
{"_local_timestamp": "2026-01-25T23:38:51.641955+00:00", "data": {"market": "0x9086c36debbba7c4f515ea6e0937764b101a672ab9126edd47beb315fae32a5f", "price_changes": [{"asset_id": "114257893546944041419030008424343463729956007545768680110657102669697110418246", "price": "0.88", "size": "1571.81", "side": "BUY", "hash": "91475277b44f8006bb877fcbdc2451c1302ebc62", "best_bid": "0.9", "best_ask": "0.91"}, {"asset_id": "90309620512318358478532881212285829690853597566117567936348371694520222272837", "price": "0.12", "size": "1571.81", "side": "SELL", "hash": "a910c92ca3672be993be4cb86aa68fdc3f0960ce", "best_bid": "0.09", "best_ask": "0.1"}], "timestamp": "1769384331566", "event_type": "price_change"}}
{"_local_timestamp": "2026-01-25T23:38:51.837720+00:00", "data": {"market": "0x9086c36debbba7c4f515ea6e0937764b101a672ab9126edd47beb315fae32a5f", "price_changes": [{"asset_id": "90309620512318358478532881212285829690853597566117567936348371694520222272837", "price": "0.08", "size": "141.73", "side": "BUY", "hash": "f439c65f7538474ece8a537213e1eb597b9c83e8", "best_bid": "0.09", "best_ask": "0.1"}, {"asset_id": "114257893546944041419030008424343463729956007545768680110657102669697110418246", "price": "0.92", "size": "141.73", "side": "SELL", "hash": "5b48139112208d1a56012640f586484c61090526", "best_bid": "0.9", "best_ask": "0.91"}], "timestamp": "1769384331764", "event_type": "price_change"}}
{"_local_timestamp": "2026-01-25T23:38:51.863994+00:00", "data": {"market": "0x9086c36debbba7c4f515ea6e0937764b101a672ab9126edd47beb315fae32a5f", "price_changes": [{"asset_id": "90309620512318358478532881212285829690853597566117567936348371694520222272837", "price": "0.08", "size": "51.37", "side": "BUY", "hash": "dbf167433f9d1437e32d03c11ff79d3d67cedf71", "best_bid": "0.09", "best_ask": "0.1"}, {"asset_id": "114257893546944041419030008424343463729956007545768680110657102669697110418246", "price": "0.92", "size": "51.37", "side": "SELL", "hash": "913bb3b8760f01c3c7b126207be984d722c57cd4", "best_bid": "0.9", "best_ask": "0.91"}], "timestamp": "1769384331797", "event_type": "price_change"}}
{"_local_timestamp": "2026-01-25T23:38:53.182829+00:00", "data": {"market": "0x9086c36debbba7c4f515ea6e0937764b101a672ab9126edd47beb315fae32a5f", "price_changes": [{"asset_id": "114257893546944041419030008424343463729956007545768680110657102669697110418246", "price": "0.86", "size": "205", "side": "BUY", "hash": "1991b914006d859dc59bf2b14ba50e3dc2568de1", "best_bid": "0.9", "best_ask": "0.91"}, {"asset_id": "90309620512318358478532881212285829690853597566117567936348371694520222272837", "price": "0.14", "size": "205", "side": "SELL", "hash": "dedf540c2926c33b33f57300a196c4a99d7865a8", "best_bid": "0.09", "best_ask": "0.1"}], "timestamp": "1769384333105", "event_type": "price_change"}}
{"_local_timestamp": "2026-01-25T23:38:53.188296+00:00", "data": {"market": "0x9086c36debbba7c4f515ea6e0937764b101a672ab9126edd47beb315fae32a5f", "price_changes": [{"asset_id": "90309620512318358478532881212285829690853597566117567936348371694520222272837", "price": "0.05", "size": "205", "side": "BUY", "hash": "7c6a941cd30cfdca0a4c0a6f06da03373a39a065", "best_bid": "0.09", "best_ask": "0.1"}, {"asset_id": "114257893546944041419030008424343463729956007545768680110657102669697110418246", "price": "0.95", "size": "205", "side": "SELL", "hash": "90867e56f58f0230da2ce8eb7b73d7279e4617d7", "best_bid": "0.9", "best_ask": "0.91"}], "timestamp": "1769384333106", "event_type": "price_change"}}
{"_local_timestamp": "2026-01-25T23:38:53.189001+00:00", "data": {"market": "0x9086c36debbba7c4f515ea6e0937764b101a672ab9126edd47beb315fae32a5f", "price_changes": [{"asset_id": "114257893546944041419030008424343463729956007545768680110657102669697110418246", "price": "0.87", "size": "205", "side": "BUY", "hash": "3d05855bc815ccb9f8bd9958fa9881bc1e5a76f5", "best_bid": "0.9", "best_ask": "0.91"}, {"asset_id": "90309620512318358478532881212285829690853597566117567936348371694520222272837", "price": "0.13", "size": "205", "side": "SELL", "hash": "a9099c721a1ea996a0596ea6e2860dae6de03776", "best_bid": "0.09", "best_ask": "0.1"}], "timestamp": "1769384333106", "event_type": "price_change"}}
{"_local_timestamp": "2026-01-25T23:39:05.826643+00:00", "data": {"market": "0x9086c36debbba7c4f515ea6e0937764b101a672ab9126edd47beb315fae32a5f", "price_changes": [{"asset_id": "90309620512318358478532881212285829690853597566117567936348371694520222272837", "price": "0.08", "size": "96.55", "side": "BUY", "hash": "8eb5eb51b9be5a22d052a22574cf7cb323e95097", "best_bid": "0.09", "best_ask": "0.1"}, {"asset_id": "114257893546944041419030008424343463729956007545768680110657102669697110418246", "price": "0.92", "size": "96.55", "side": "SELL", "hash": "c31a67338d32ff46515a9027ece0bdf51eafa65f", "best_bid": "0.9", "best_ask": "0.91"}], "timestamp": "1769384345756", "event_type": "price_change"}}
{"_local_timestamp": "2026-01-25T23:39:05.872695+00:00", "data": {"market": "0x9086c36debbba7c4f515ea6e0937764b101a672ab9126edd47beb315fae32a5f", "price_changes": [{"asset_id": "90309620512318358478532881212285829690853597566117567936348371694520222272837", "price": "0.08", "size": "141.73", "side": "BUY", "hash": "bd9da2e68f4feb988552468a53c6c3f2603ca286", "best_bid": "0.09", "best_ask": "0.1"}, {"asset_id": "114257893546944041419030008424343463729956007545768680110657102669697110418246", "price": "0.92", "size": "141.73", "side": "SELL", "hash": "abb306e6a354f3e8e0dc52fe5ccae45f23c159fa", "best_bid": "0.9", "best_ask": "0.91"}], "timestamp": "1769384345791", "event_type": "price_change"}}
{"_local_timestamp": "2026-01-25T23:39:05.873072+00:00", "data": {"market": "0x9086c36debbba7c4f515ea6e0937764b101a672ab9126edd47beb315fae32a5f", "price_changes": [{"asset_id": "90309620512318358478532881212285829690853597566117567936348371694520222272837", "price": "0.08", "size": "186.91", "side": "BUY", "hash": "c498c7f0ce88d4c8463c5bd10cefaf29ede6b376", "best_bid": "0.09", "best_ask": "0.1"}, {"asset_id": "114257893546944041419030008424343463729956007545768680110657102669697110418246", "price": "0.92", "size": "186.91", "side": "SELL", "hash": "6e617fc0573ea8911de16d16b4a876aada8511cf", "best_bid": "0.9", "best_ask": "0.91"}], "timestamp": "1769384345792", "event_type": "price_change"}}
{"_local_timestamp": "2026-01-25T23:39:05.873954+00:00", "data": {"market": "0x9086c36debbba7c4f515ea6e0937764b101a672ab9126edd47beb315fae32a5f", "price_changes": [{"asset_id": "90309620512318358478532881212285829690853597566117567936348371694520222272837", "price": "0.08", "size": "232.09", "side": "BUY", "hash": "0a2750ee2e2f21479590d22637b987c5b533e059", "best_bid": "0.09", "best_ask": "0.1"}, {"asset_id": "114257893546944041419030008424343463729956007545768680110657102669697110418246", "price": "0.92", "size": "232.09", "side": "SELL", "hash": "e2191f4a36c638f2d24ac483fd56bd2c813501d9", "best_bid": "0.9", "best_ask": "0.91"}], "timestamp": "1769384345792", "event_type": "price_change"}}
{"_local_timestamp": "2026-01-25T23:39:40.448112+00:00", "data": {"market": "0x9086c36debbba7c4f515ea6e0937764b101a672ab9126edd47beb315fae32a5f", "price_changes": [{"asset_id": "90309620512318358478532881212285829690853597566117567936348371694520222272837", "price": "0.06", "size": "350", "side": "BUY", "hash": "dd5bb104b60f1268096e7e79845671d1440858aa", "best_bid": "0.09", "best_ask": "0.1"}, {"asset_id": "114257893546944041419030008424343463729956007545768680110657102669697110418246", "price": "0.94", "size": "350", "side": "SELL", "hash": "b48f00aa62a23770bac8e6d38095b25cf0fba5f5", "best_bid": "0.9", "best_ask": "0.91"}], "timestamp": "1769384380375", "event_type": "price_change"}}
{"_local_timestamp": "2026-01-25T23:39:40.475304+00:00", "data": {"market": "0x9086c36debbba7c4f515ea6e0937764b101a672ab9126edd47beb315fae32a5f", "price_changes": [{"asset_id": "90309620512318358478532881212285829690853597566117567936348371694520222272837", "price": "0.06", "size": "150", "side": "BUY", "hash": "da725441a230e5c9bfdf7e44f58c437fa459fa2a", "best_bid": "0.09", "best_ask": "0.1"}, {"asset_id": "114257893546944041419030008424343463729956007545768680110657102669697110418246", "price": "0.94", "size": "150", "side": "SELL", "hash": "33db48a7e4a647b3bf1637adea089515da2b2efc", "best_bid": "0.9", "best_ask": "0.91"}], "timestamp": "1769384380399", "event_type": "price_change"}}
{"_local_timestamp": "2026-01-25T23:39:40.475731+00:00", "data": {"market": "0x9086c36debbba7c4f515ea6e0937764b101a672ab9126edd47beb315fae32a5f", "price_changes": [{"asset_id": "90309620512318358478532881212285829690853597566117567936348371694520222272837", "price": "0.05", "size": "5", "side": "BUY", "hash": "da725441a230e5c9bfdf7e44f58c437fa459fa2a", "best_bid": "0.09", "best_ask": "0.1"}, {"asset_id": "114257893546944041419030008424343463729956007545768680110657102669697110418246", "price": "0.95", "size": "5", "side": "SELL", "hash": "33db48a7e4a647b3bf1637adea089515da2b2efc", "best_bid": "0.9", "best_ask": "0.91"}], "timestamp": "1769384380399", "event_type": "price_change"}}
{"_local_timestamp": "2026-01-25T23:39:40.476049+00:00", "data": {"market": "0x9086c36debbba7c4f515ea6e0937764b101a672ab9126edd47beb315fae32a5f", "price_changes": [{"asset_id": "114257893546944041419030008424343463729956007545768680110657102669697110418246", "price": "0.86", "size": "5", "side": "BUY", "hash": "ffabac3afe0e39706ed62199265491e2c093cfc7", "best_bid": "0.9", "best_ask": "0.91"}, {"asset_id": "90309620512318358478532881212285829690853597566117567936348371694520222272837", "price": "0.14", "size": "5", "side": "SELL", "hash": "a8a95e3805ebc7927ccd09b3302219f88674b923", "best_bid": "0.09", "best_ask": "0.1"}], "timestamp": "1769384380400", "event_type": "price_change"}}
{"_local_timestamp": "2026-01-25T23:39:40.476461+00:00", "data": {"market": "0x9086c36debbba7c4f515ea6e0937764b101a672ab9126edd47beb315fae32a5f", "price_changes": [{"asset_id": "114257893546944041419030008424343463729956007545768680110657102669697110418246", "price": "0.87", "size": "5", "side": "BUY", "hash": "ffabac3afe0e39706ed62199265491e2c093cfc7", "best_bid": "0.9", "best_ask": "0.91"}, {"asset_id": "90309620512318358478532881212285829690853597566117567936348371694520222272837", "price": "0.13", "size": "5", "side": "SELL", "hash": "a8a95e3805ebc7927ccd09b3302219f88674b923", "best_bid": "0.09", "best_ask": "0.1"}], "timestamp": "1769384380400", "event_type": "price_change"}}
{"_local_timestamp": "2026-01-25T23:39:40.507186+00:00", "data": {"market": "0x9086c36debbba7c4f515ea6e0937764b101a672ab9126edd47beb315fae32a5f", "price_changes": [{"asset_id": "90309620512318358478532881212285829690853597566117567936348371694520222272837", "price": "0.04", "size": "216.21", "side": "BUY", "hash": "66b919235bfa6125070c9a9b507cf0f90cef248e", "best_bid": "0.09", "best_ask": "0.1"}, {"asset_id": "114257893546944041419030008424343463729956007545768680110657102669697110418246", "price": "0.96", "size": "216.21", "side": "SELL", "hash": "e0eb652327d11e729525376014076a284b8b6448", "best_bid": "0.9", "best_ask": "0.91"}], "timestamp": "1769384380440", "event_type": "price_change"}}
{"_local_timestamp": "2026-01-25T23:39:42.501020+00:00", "data": {"market": "0x9086c36debbba7c4f515ea6e0937764b101a672ab9126edd47beb315fae32a5f", "price_changes": [{"asset_id": "90309620512318358478532881212285829690853597566117567936348371694520222272837", "price": "0.04", "size": "16.21", "side": "BUY", "hash": "64f69e9daceaf3a448c355674b2cd06f442ef78a", "best_bid": "0.09", "best_ask": "0.1"}, {"asset_id": "114257893546944041419030008424343463729956007545768680110657102669697110418246", "price": "0.96", "size": "16.21", "side": "SELL", "hash": "80bf0243bdd2490e6f2885210f72626498105f5b", "best_bid": "0.9", "best_ask": "0.91"}], "timestamp": "1769384382425", "event_type": "price_change"}}
