{"_local_timestamp": "2026-01-25T23:34:07.552204+00:00", "data": [{"market": "0xd1412197d1785ccbd8f637a5fee457cf94a6ab845c752b879a2ab1c020423216", "asset_id": "48198663273513522990189110659462524470841329555589026699447156332709689265551", "timestamp": "1769384030373", "hash": "caf7f4a31e20bc9bd41a275f5e7e60b0a2a2d511", "bids": [{"price": "0.01", "size": "196.53"}, {"price": "0.02", "size": "150"}, {"price": "0.03", "size": "358.1"}, {"price": "0.04", "size": "500"}, {"price": "0.05", "size": "200"}, {"price": "0.06", "size": "9.85"}, {"price": "0.08", "size": "114"}, {"price": "0.09", "size": "5.77"}, {"price": "0.1", "size": "130"}, {"price": "0.13", "size": "10"}], "asks": [{"price": "0.99", "size": "2794.93"}, {"price": "0.98", "size": "150"}, {"price": "0.97", "size": "166.67"}, {"price": "0.96", "size": "6.81"}, {"price": "0.9", "size": "600"}, {"price": "0.89", "size": "5.25"}, {"price": "0.83", "size": "300"}, {"price": "0.81", "size": "200"}, {"price": "0.8", "size": "725"}, {"price": "0.78", "size": "75"}, {"price": "0.77", "size": "47.82"}, {"price": "0.7", "size": "600"}, {"price": "0.69", "size": "250"}, {"price": "0.68", "size": "40.62"}, {"price": "0.46", "size": "10"}, {"price": "0.4", "size": "8.33"}, {"price": "0.39", "size": "5"}], "event_type": "book", "last_trade_price": ""}, {"market": "0xd1412197d1785ccbd8f637a5fee457cf94a6ab845c752b879a2ab1c020423216", "asset_id": "49118076071902115778633982321113716330109291880816472852370016071262109227559", "timestamp": "1769384030373", "hash": "4b4df2b555411b1ecfd565d11ae7e7c4cd760018", "bids": [{"price": "0.01", "size": "2794.93"}, {"price": "0.02", "size": "150"}, {"price": "0.03", "size": "166.67"}, {"price": "0.04", "size": "6.81"}, {"price": "0.1", "size": "600"}, {"price": "0.11", "size": "5.25"}, {"price": "0.17", "size": "300"}, {"price": "0.19", "size": "200"}, {"price": "0.2", "size": "725"}, {"price": "0.22", "size": "75"}, {"price": "0.23", "size": "47.82"}, {"price": "0.3", "size": "600"}, {"price": "0.31", "size": "250"}, {"price": "0.32", "size": "40.62"}, {"price": "0.54", "size": "10"}, {"price": "0.6", "size": "8.33"}, {"price": "0.61", "size": "5"}], "asks": [{"price": "0.99", "size": "196.53"}, {"price": "0.98", "size": "150"}, {"price": "0.97", "size": "358.1"}, {"price": "0.96", "size": "500"}, {"price": "0.95", "size": "200"}, {"price": "0.94", "size": "9.85"}, {"price": "0.92", "size": "114"}, {"price": "0.91", "size": "5.77"}, {"price": "0.9", "size": "130"}, {"price": "0.87", "size": "10"}], "event_type": "book", "last_trade_price": ""}]}
{"_local_timestamp": "2026-01-25T23:34:17.452848+00:00", "data": {"market": "0xd1412197d1785ccbd8f637a5fee457cf94a6ab845c752b879a2ab1c020423216", "price_changes": [{"asset_id": "49118076071902115778633982321113716330109291880816472852370016071262109227559", "price": "0.6", "size": "0", "side": "BUY", "hash": "6e73db62c26bd3ede25e8ef01e04658f6f801252", "best_bid": "0.61", "best_ask": "0.87"}, {"asset_id": "48198663273513522990189110659462524470841329555589026699447156332709689265551", "price": "0.4", "size": "0", "side": "SELL", "hash": "6bb2618e583cce574555ed53e0411d646ddcabd6", "best_bid": "0.13", "best_ask": "0.39"}], "timestamp": "1769384057379", "event_type": "price_change"}}
{"_local_timestamp": "2026-01-25T23:34:17.874415+00:00", "data": {"market": "0xd1412197d1785ccbd8f637a5fee457cf94a6ab845c752b879a2ab1c020423216", "price_changes": [{"asset_id": "48198663273513522990189110659462524470841329555589026699447156332709689265551", "price": "0.39", "size": "0", "side": "SELL", "hash": "ba85949e273c02238d03810662f74ed595e96f84", "best_bid": "0.13", "best_ask": "0.46"}, {"asset_id": "49118076071902115778633982321113716330109291880816472852370016071262109227559", "price": "0.61", "size": "0", "side": "BUY", "hash": "06cdfd4b4edfef36584000938f73de8105f7c358", "best_bid": "0.54", "best_ask": "0.87"}], "timestamp": "1769384057804", "event_type": "price_change"}}
{"_local_timestamp": "2026-01-25T23:34:17.965344+00:00", "data": {"market": "0xd1412197d1785ccbd8f637a5fee457cf94a6ab845c752b879a2ab1c020423216", "price_changes": [{"asset_id": "48198663273513522990189110659462524470841329555589026699447156332709689265551", "price": "0.45", "size": "5", "side": "SELL", "hash": "f431cad1486b158248c8d72fc717fc0e9e020038", "best_bid": "0.13", "best_ask": "0.45"}, {"asset_id": "49118076071902115778633982321113716330109291880816472852370016071262109227559", "price": "0.55", "size": "5", "side": "BUY", "hash": "a4917f10c2fb69411f8adee7894af20dd66d18cc", "best_bid": "0.55", "best_ask": "0.87"}], "timestamp": "1769384057883", "event_type": "price_change"}}
{"_local_timestamp": "2026-01-25T23:34:44.718095+00:00", "data": {"market": "0xd1412197d1785ccbd8f637a5fee457cf94a6ab845c752b879a2ab1c020423216", "price_changes": [{"asset_id": "49118076071902115778633982321113716330109291880816472852370016071262109227559", "price": "0.56", "size": "8.92", "side": "BUY", "hash": "f375ab46a9c226512a03163b08802869ea38f0de", "best_bid": "0.56", "best_ask": "0.87"}, {"asset_id": "48198663273513522990189110659462524470841329555589026699447156332709689265551", "price": "0.44", "size": "8.92", "side": "SELL", "hash": "698585457562ecb11e6a0839daa596c76db7da7c", "best_bid": "0.13", "best_ask": "0.44"}], "timestamp": "1769384084643", "event_type": "price_change"}}
{"_local_timestamp": "2026-01-25T23:34:45.492476+00:00", "data": {"market": "0xd1412197d1785ccbd8f637a5fee457cf94a6ab845c752b879a2ab1c020423216", "price_changes": [{"asset_id": "48198663273513522990189110659462524470841329555589026699447156332709689265551", "price": "0.45", "size": "0", "side": "SELL", "hash": "28a8bf7290a6553c02f7ce90c82c6a4f9693da60", "best_bid": "0.13", "best_ask": "0.44"}, {"asset_id": "49118076071902115778633982321113716330109291880816472852370016071262109227559", "price": "0.55", "size": "0", "side": "BUY", "hash": "2db6a4af37aede86e38fd8229e1c6b9bc5f32b56", "best_bid": "0.56", "best_ask": "0.87"}], "timestamp": "1769384085420", "event_type": "price_change"}}
{"_local_timestamp": "2026-01-25T23:34:45.641046+00:00", "data": {"market": "0xd1412197d1785ccbd8f637a5fee457cf94a6ab845c752b879a2ab1c020423216", "price_changes": [{"asset_id": "48198663273513522990189110659462524470841329555589026699447156332709689265551", "price": "0.43", "size": "5", "side": "SELL", "hash": "4097494e711b6c4fa8b34977ef77c07155fd4aa6", "best_bid": "0.13", "best_ask": "0.43"}, {"asset_id": "49118076071902115778633982321113716330109291880816472852370016071262109227559", "price": "0.57", "size": "5", "side": "BUY", "hash": "8484be28dba9776df0be71ab6805feca9bdce7d2", "best_bid": "0.57", "best_ask": "0.87"}], "timestamp": "1769384085569", "event_type": "price_change"}}
{"_local_timestamp": "2026-01-25T23:35:12.406211+00:00", "data": {"market": "0xd1412197d1785ccbd8f637a5fee457cf94a6ab845c752b879a2ab1c020423216", "price_changes": [{"asset_id": "49118076071902115778633982321113716330109291880816472852370016071262109227559", "price": "0.56", "size": "0", "side": "BUY", "hash": "a69dcc33783a0ee5cd97212dae0b5162b7c89725", "best_bid": "0.57", "best_ask": "0.87"}, {"asset_id": "48198663273513522990189110659462524470841329555589026699447156332709689265551", "price": "0.44", "size": "0", "side": "SELL", "hash": "7054a4fc884a276fdb1b6c9f41117f601c7ee3a3", "best_bid": "0.13", "best_ask": "0.43"}], "timestamp": "1769384112211", "event_type": "price_change"}}
{"_local_timestamp": "2026-01-25T23:35:12.455412+00:00", "data": {"market": "0xd1412197d1785ccbd8f637a5fee457cf94a6ab845c752b879a2ab1c020423216", "price_changes": [{"asset_id": "49118076071902115778633982321113716330109291880816472852370016071262109227559", "price": "0.58", "size": "8.62", "side": "BUY", "hash": "34bfce52f256a6dea3dd16e4f9b5e7e0e3fc8c40", "best_bid": "0.58", "best_ask": "0.87"}, {"asset_id": "48198663273513522990189110659462524470841329555589026699447156332709689265551", "price": "0.42", "size": "8.62", "side": "SELL", "hash": "d91c7c35306594d598303a2e329505af9771481a", "best_bid": "0.13", "best_ask": "0.42"}], "timestamp": "1769384112266", "event_type": "price_change"}}
{"_local_timestamp": "2026-01-25T23:35:12.560222+00:00", "data": {"market": "0xd1412197d1785ccbd8f637a5fee457cf94a6ab845c752b879a2ab1c020423216", "price_changes": [{"asset_id": "48198663273513522990189110659462524470841329555589026699447156332709689265551", "price": "0.43", "size": "0", "side": "SELL", "hash": "ff331b7add720ff38ec2d208b9e962feeef84581", "best_bid": "0.13", "best_ask": "0.42"}, {"asset_id": "49118076071902115778633982321113716330109291880816472852370016071262109227559", "price": "0.57", "size": "0", "side": "BUY", "hash": "e495b70949cd4a529e76df8141f5907023db56ed", "best_bid": "0.58", "best_ask": "0.87"}], "timestamp": "1769384112370", "event_type": "price_change"}}
{"_local_timestamp": "2026-01-25T23:35:12.691564+00:00", "data": {"market": "0xd1412197d1785ccbd8f637a5fee457cf94a6ab845c752b879a2ab1c020423216", "price_changes": [{"asset_id": "48198663273513522990189110659462524470841329555589026699447156332709689265551", "price": "0.45", "size": "5", "side": "SELL", "hash": "7650f0c25732cb5b4a62a2f4ba0bd8b117fd7ff2", "best_bid": "0.13", "best_ask": "0.42"}, {"asset_id": "49118076071902115778633982321113716330109291880816472852370016071262109227559", "price": "0.55", "size": "5", "side": "BUY", "hash": "70ec7ece64f4f288d5917b96c6e5c3f52d82a98a", "best_bid": "0.58", "best_ask": "0.87"}], "timestamp": "1769384112476", "event_type": "price_change"}}
{"_local_timestamp": "2026-01-25T23:35:13.979970+00:00", "data": {"market": "0xd1412197d1785ccbd8f637a5fee457cf94a6ab845c752b879a2ab1c020423216", "price_changes": [{"asset_id": "48198663273513522990189110659462524470841329555589026699447156332709689265551", "price": "0.45", "size": "0", "side": "SELL", "hash": "6ad8d034fc0d1cc457fa9ea40018f8f6fd6818fe", "best_bid": "0.13", "best_ask": "0.42"}, {"asset_id": "49118076071902115778633982321113716330109291880816472852370016071262109227559", "price": "0.55", "size": "0", "side": "BUY", "hash": "3cf0a9536ea03f251f24bafa9a76af753e33a5ad", "best_bid": "0.58", "best_ask": "0.87"}], "timestamp": "1769384113763", "event_type": "price_change"}}
{"_local_timestamp": "2026-01-25T23:35:14.061761+00:00", "data": {"market": "0xd1412197d1785ccbd8f637a5fee457cf94a6ab845c752b879a2ab1c020423216", "price_changes": [{"asset_id": "48198663273513522990189110659462524470841329555589026699447156332709689265551", "price": "0.41", "size": "5", "side": "SELL", "hash": "34706da2e848c984cf4a5fea26e6088ce1234882", "best_bid": "0.13", "best_ask": "0.41"}, {"asset_id": "49118076071902115778633982321113716330109291880816472852370016071262109227559", "price": "0.59", "size": "5", "side": "BUY", "hash": "b8f93cc7a4a744a28c2330ddebea0d3386356eea", "best_bid": "0.59", "best_ask": "0.87"}], "timestamp": "1769384113852", "event_type": "price_change"}}
{"_local_timestamp": "2026-01-25T23:35:39.921376+00:00", "data": {"market": "0xd1412197d1785ccbd8f637a5fee457cf94a6ab845c752b879a2ab1c020423216", "price_changes": [{"asset_id": "49118076071902115778633982321113716330109291880816472852370016071262109227559", "price": "0.58", "size": "0", "side": "BUY", "hash": "8568b2c4a6729669e5ea8cdda5b9157e75116da6", "best_bid": "0.59", "best_ask": "0.87"}, {"asset_id": "48198663273513522990189110659462524470841329555589026699447156332709689265551", "price": "0.42", "size": "0", "side": "SELL", "hash": "ca29d106175db69d24efce3a2507770f84dba5dd", "best_bid": "0.13", "best_ask": "0.41"}], "timestamp": "1769384139848", "event_type": "price_change"}}
{"_local_timestamp": "2026-01-25T23:35:39.983143+00:00", "data": {"market": "0xd1412197d1785ccbd8f637a5fee457cf94a6ab845c752b879a2ab1c020423216", "price_changes": [{"asset_id": "49118076071902115778633982321113716330109291880816472852370016071262109227559", "price": "0.6", "size": "8.33", "side": "BUY", "hash": "823a19ea7f6012e8709450e65bc6d22504c7c137", "best_bid": "0.6", "best_ask": "0.87"}, {"asset_id": "48198663273513522990189110659462524470841329555589026699447156332709689265551", "price": "0.4", "size": "8.33", "side": "SELL", "hash": "29e1451df21e1b87b57f087ad8ab288e5cf6f24d", "best_bid": "0.13", "best_ask": "0.4"}], "timestamp": "1769384139911", "event_type": "price_change"}}
{"_local_timestamp": "2026-01-25T23:35:40.512344+00:00", "data": {"market": "0xd1412197d1785ccbd8f637a5fee457cf94a6ab845c752b879a2ab1c020423216", "price_changes": [{"asset_id": "48198663273513522990189110659462524470841329555589026699447156332709689265551", "price": "0.41", "size": "0", "side": "SELL", "hash": "c0a7902311c04ab1a42e066550902a8bd038c053", "best_bid": "0.13", "best_ask": "0.4"}, {"asset_id": "49118076071902115778633982321113716330109291880816472852370016071262109227559", "price": "0.59", "size": "0", "side": "BUY", "hash": "17a915ed178361375508725f939c3bce581e6b73", "best_bid": "0.6", "best_ask": "0.87"}], "timestamp": "1769384140445", "event_type": "price_change"}}
{"_local_timestamp": "2026-01-25T23:35:40.618313+00:00", "data": {"market": "0xd1412197d1785ccbd8f637a5fee457cf94a6ab845c752b879a2ab1c020423216", "price_changes": [{"asset_id": "48198663273513522990189110659462524470841329555589026699447156332709689265551", "price": "0.39", "size": "5", "side": "SELL", "hash": "79649cd993d93752283a3d4416a3e1e49972acdd", "best_bid": "0.13", "best_ask": "0.39"}, {"asset_id": "49118076071902115778633982321113716330109291880816472852370016071262109227559", "price": "0.61", "size": "5", "side": "BUY", "hash": "e47e7ecb9c7938748f1f092f13939f74ace9670e", "best_bid": "0.61", "best_ask": "0.87"}], "timestamp": "1769384140549", "event_type": "price_change"}}
{"_local_timestamp": "2026-01-25T23:36:07.735038+00:00", "data": {"market": "0xd1412197d1785ccbd8f637a5fee457cf94a6ab845c752b879a2ab1c020423216", "price_changes": [{"asset_id": "49118076071902115778633982321113716330109291880816472852370016071262109227559", "price": "0.6", "size": "0", "side": "BUY", "hash": "4b0395f9987e254310b0873119914b49cb6cf6ff", "best_bid": "0.61", "best_ask": "0.87"}, {"asset_id": "48198663273513522990189110659462524470841329555589026699447156332709689265551", "price": "0.4", "size": "0", "side": "SELL", "hash": "13cdf2b06c043b6c31d84fd02d83a574ad02e806", "best_bid": "0.13", "best_ask": "0.39"}], "timestamp": "1769384167665", "event_type": "price_change"}}
{"_local_timestamp": "2026-01-25T23:36:08.429059+00:00", "data": {"market": "0xd1412197d1785ccbd8f637a5fee457cf94a6ab845c752b879a2ab1c020423216", "price_changes": [{"asset_id": "48198663273513522990189110659462524470841329555589026699447156332709689265551", "price": "0.39", "size": "0", "side": "SELL", "hash": "3ac3aa2a27c43e573b9660458e56c6a0f2c61045", "best_bid": "0.13", "best_ask": "0.46"}, {"asset_id": "49118076071902115778633982321113716330109291880816472852370016071262109227559", "price": "0.61", "size": "0", "side": "BUY", "hash": "d8367cfd6e3f6cc94424f972aa12f0e564705cdd", "best_bid": "0.54", "best_ask": "0.87"}], "timestamp": "1769384168360", "event_type": "price_change"}}
{"_local_timestamp": "2026-01-25T23:36:08.528992+00:00", "data": {"market": "0xd1412197d1785ccbd8f637a5fee457cf94a6ab845c752b879a2ab1c020423216", "price_changes": [{"asset_id": "48198663273513522990189110659462524470841329555589026699447156332709689265551", "price": "0.45", "size": "5", "side": "SELL", "hash": "900f877b99aece5d20e392bc43db3d21e8de0534", "best_bid": "0.13", "best_ask": "0.45"}, {"asset_id": "49118076071902115778633982321113716330109291880816472852370016071262109227559", "price": "0.55", "size": "5", "side": "BUY", "hash": "a2ef9f43f2cc93d6b9e09c01f6689395f5d85930", "best_bid": "0.55", "best_ask": "0.87"}], "timestamp": "1769384168465", "event_type": "price_change"}}
{"_local_timestamp": "2026-01-25T23:36:35.397903+00:00", "data": {"market": "0xd1412197d1785ccbd8f637a5fee457cf94a6ab845c752b879a2ab1c020423216", "price_changes": [{"asset_id": "49118076071902115778633982321113716330109291880816472852370016071262109227559", "price": "0.56", "size": "8.92", "side": "BUY", "hash": "d723cc6c86de153be80d27f37c8b4227fc59c4b1", "best_bid": "0.56", "best_ask": "0.87"}, {"asset_id": "48198663273513522990189110659462524470841329555589026699447156332709689265551", "price": "0.44", "size": "8.92", "side": "SELL", "hash": "4d9097aa233cff5defcd58760d7d2b8a735c6b45", "best_bid": "0.13", "best_ask": "0.44"}], "timestamp": "1769384195332", "event_type": "price_change"}}
{"_local_timestamp": "2026-01-25T23:36:41.099544+00:00", "data": {"market": "0xd1412197d1785ccbd8f637a5fee457cf94a6ab845c752b879a2ab1c020423216", "price_changes": [{"asset_id": "48198663273513522990189110659462524470841329555589026699447156332709689265551", "price": "0.45", "size": "0", "side": "SELL", "hash": "422650209c78cb0aa4af3833d270958892c562e3", "best_bid": "0.13", "best_ask": "0.44"}, {"asset_id": "49118076071902115778633982321113716330109291880816472852370016071262109227559", "price": "0.55", "size": "0", "side": "BUY", "hash": "dc767e8b198717e39d30a57f700b75dbdbcace83", "best_bid": "0.56", "best_ask": "0.87"}], "timestamp": "1769384201005", "event_type": "price_change"}}
{"_local_timestamp": "2026-01-25T23:36:41.237860+00:00", "data": {"market": "0xd1412197d1785ccbd8f637a5fee457cf94a6ab845c752b879a2ab1c020423216", "price_changes": [{"asset_id": "48198663273513522990189110659462524470841329555589026699447156332709689265551", "price": "0.43", "size": "5", "side": "SELL", "hash": "3451c3bcc08e278fd1c0224894fa2aa1ceeba11d", "best_bid": "0.13", "best_ask": "0.43"}, {"asset_id": "49118076071902115778633982321113716330109291880816472852370016071262109227559", "price": "0.57", "size": "5", "side": "BUY", "hash": "1b6b273f49e2de8c10ba94da0ba3d116e16a1b5b", "best_bid": "0.57", "best_ask": "0.87"}], "timestamp": "1769384201168", "event_type": "price_change"}}
