{"_local_timestamp": "2026-01-25T23:34:02.642557+00:00", "data": [{"market": "0x16a67626ffd7a22cd5a3a0c378cea79fd94cd66d79db4877a6492c9db8a069eb", "asset_id": "89425585128814090174487403320335053482292664960203686888109194568852453675157", "timestamp": "1769384018973", "hash": "4cd1584bd3d395fcc7817870f328c43e36a2977f", "bids": [{"price": "0.01", "size": "2990.61"}, {"price": "0.02", "size": "2850"}, {"price": "0.03", "size": "11.13"}, {"price": "0.05", "size": "600"}, {"price": "0.07", "size": "200"}, {"price": "0.1", "size": "600"}, {"price": "0.11", "size": "5.09"}, {"price": "0.17", "size": "300"}, {"price": "0.19", "size": "200"}, {"price": "0.2", "size": "725"}, {"price": "0.22", "size": "75"}, {"price": "0.24", "size": "54.16"}, {"price": "0.25", "size": "44"}, {"price": "0.3", "size": "600"}, {"price": "0.31", "size": "327.03"}, {"price": "0.32", "size": "200"}, {"price": "0.45", "size": "50"}], "asks": [{"price": "0.99", "size": "794.79"}, {"price": "0.98", "size": "863.72"}, {"price": "0.97", "size": "200"}, {"price": "0.96", "size": "14.44"}, {"price": "0.94", "size": "285.73"}, {"price": "0.93", "size": "52.29"}], "event_type": "book", "last_trade_price": ""}, {"market": "0x16a67626ffd7a22cd5a3a0c378cea79fd94cd66d79db4877a6492c9db8a069eb", "asset_id": "44960051374137791601268833492432817662579923132049628047412915553047448680444", "timestamp": "1769384018973", "hash": "57800a3cc6af51d0f35fa302254509f0d1c570f4", "bids": [{"price": "0.01", "size": "794.79"}, {"price": "0.02", "size": "863.72"}, {"price": "0.03", "size": "200"}, {"price": "0.04", "size": "14.44"}, {"price": "0.06", "size": "285.73"}, {"price": "0.07", "size": "52.29"}], "asks": [{"price": "0.99", "size": "2990.61"}, {"price": "0.98", "size": "2850"}, {"price": "0.97", "size": "11.13"}, {"price": "0.95", "size": "600"}, {"price": "0.93", "size": "200"}, {"price": "0.9", "size": "600"}, {"price": "0.89", "size": "5.09"}, {"price": "0.83", "size": "300"}, {"price": "0.81", "size": "200"}, {"price": "0.8", "size": "725"}, {"price": "0.78", "size": "75"}, {"price": "0.76", "size": "54.16"}, {"price": "0.75", "size": "44"}, {"price": "0.7", "size": "600"}, {"price": "0.69", "size": "327.03"}, {"price": "0.68", "size": "200"}, {"price": "0.55", "size": "50"}], "event_type": "book", "last_trade_price": ""}]}
{"_local_timestamp": "2026-01-25T23:34:04.719499+00:00", "data": {"market": "0x16a67626ffd7a22cd5a3a0c378cea79fd94cd66d79db4877a6492c9db8a069eb", "price_changes": [{"asset_id": "89425585128814090174487403320335053482292664960203686888109194568852453675157", "price": "0.07", "size": "0", "side": "BUY", "hash": "cafb9234cd85f00c784d9163d54703aae5925a4b", "best_bid": "0.45", "best_ask": "0.93"}, {"asset_id": "44960051374137791601268833492432817662579923132049628047412915553047448680444", "price": "0.93", "size": "0", "side": "SELL", "hash": "f43ef360266a6ac5f3dca61cde88147b3040787b", "best_bid": "0.07", "best_ask": "0.55"}], "timestamp": "1769384044651", "event_type": "price_change"}}
{"_local_timestamp": "2026-01-25T23:34:04.721532+00:00", "data": {"market": "0x16a67626ffd7a22cd5a3a0c378cea79fd94cd66d79db4877a6492c9db8a069eb", "price_changes": [{"asset_id": "89425585128814090174487403320335053482292664960203686888109194568852453675157", "price": "0.08", "size": "200", "side": "BUY", "hash": "7c63e96a36d685819bac91888fa570cecd145e4b", "best_bid": "0.45", "best_ask": "0.93"}, {"asset_id": "44960051374137791601268833492432817662579923132049628047412915553047448680444", "price": "0.92", "size": "200", "side": "SELL", "hash": "7c5cb3cb18dd5fb71d97f1f8baa4f410463bc58a", "best_bid": "0.07", "best_ask": "0.55"}], "timestamp": "1769384044652", "event_type": "price_change"}}
{"_local_timestamp": "2026-01-25T23:34:04.993755+00:00", "data": {"market": "0x16a67626ffd7a22cd5a3a0c378cea79fd94cd66d79db4877a6492c9db8a069eb", "price_changes": [{"asset_id": "89425585128814090174487403320335053482292664960203686888109194568852453675157", "price": "0.01", "size": "4989.72", "side": "BUY", "hash": "80a9a83b9c13e38393c3f50084fb813dcf0e38a3", "best_bid": "0.45", "best_ask": "0.93"}, {"asset_id": "44960051374137791601268833492432817662579923132049628047412915553047448680444", "price": "0.99", "size": "4989.72", "side": "SELL", "hash": "3b75274272b4b734da1e22c9a3f3bb0091fd20bf", "best_bid": "0.07", "best_ask": "0.55"}], "timestamp": "1769384044909", "event_type": "price_change"}}
{"_local_timestamp": "2026-01-25T23:34:06.342948+00:00", "data": {"market": "0x16a67626ffd7a22cd5a3a0c378cea79fd94cd66d79db4877a6492c9db8a069eb", "price_changes": [{"asset_id": "89425585128814090174487403320335053482292664960203686888109194568852453675157", "price": "0.01", "size": "7988.83", "side": "BUY", "hash": "67d83cfa90641036495133732aeda1d74ddcd5da", "best_bid": "0.45", "best_ask": "0.93"}, {"asset_id": "44960051374137791601268833492432817662579923132049628047412915553047448680444", "price": "0.99", "size": "7988.83", "side": "SELL", "hash": "bf2ccb9e1a03b56bcfbb2948dff26653cc466bde", "best_bid": "0.07", "best_ask": "0.55"}], "timestamp": "1769384046276", "event_type": "price_change"}}
{"_local_timestamp": "2026-01-25T23:34:06.347183+00:00", "data": {"market": "0x16a67626ffd7a22cd5a3a0c378cea79fd94cd66d79db4877a6492c9db8a069eb", "price_changes": [{"asset_id": "89425585128814090174487403320335053482292664960203686888109194568852453675157", "price": "0.01", "size": "10987.94", "side": "BUY", "hash": "5531fcad8793e19b0df26fc1975bc0dd7e8859e8", "best_bid": "0.45", "best_ask": "0.93"}, {"asset_id": "44960051374137791601268833492432817662579923132049628047412915553047448680444", "price": "0.99", "size": "10987.94", "side": "SELL", "hash": "e0c02552685f2040a87cb110b8290faabb46360c", "best_bid": "0.07", "best_ask": "0.55"}], "timestamp": "1769384046277", "event_type": "price_change"}}
{"_local_timestamp": "2026-01-25T23:34:06.349255+00:00", "data": {"market": "0x16a67626ffd7a22cd5a3a0c378cea79fd94cd66d79db4877a6492c9db8a069eb", "price_changes": [{"asset_id": "89425585128814090174487403320335053482292664960203686888109194568852453675157", "price": "0.01", "size": "12987.05", "side": "BUY", "hash": "bfe4673b8ccb7d70a753753ca541c3fc86486395", "best_bid": "0.45", "best_ask": "0.93"}, {"asset_id": "44960051374137791601268833492432817662579923132049628047412915553047448680444", "price": "0.99", "size": "12987.05", "side": "SELL", "hash": "e050c18e3af33a5f4d05a5bba23234a5a2856882", "best_bid": "0.07", "best_ask": "0.55"}], "timestamp": "1769384046279", "event_type": "price_change"}}
{"_local_timestamp": "2026-01-25T23:34:06.596923+00:00", "data": {"market": "0x16a67626ffd7a22cd5a3a0c378cea79fd94cd66d79db4877a6492c9db8a069eb", "price_changes": [{"asset_id": "89425585128814090174487403320335053482292664960203686888109194568852453675157", "price": "0.01", "size": "15986.16", "side": "BUY", "hash": "cf35a6a2f4e60a9a50ff96514a016f30eee5a566", "best_bid": "0.45", "best_ask": "0.93"}, {"asset_id": "44960051374137791601268833492432817662579923132049628047412915553047448680444", "price": "0.99", "size": "15986.16", "side": "SELL", "hash": "f122ff54e87ab8cb8d70eded23d928489bcbfecb", "best_bid": "0.07", "best_ask": "0.55"}], "timestamp": "1769384046523", "event_type": "price_change"}}
{"_local_timestamp": "2026-01-25T23:34:16.602725+00:00", "data": {"market": "0x16a67626ffd7a22cd5a3a0c378cea79fd94cd66d79db4877a6492c9db8a069eb", "price_changes": [{"asset_id": "44960051374137791601268833492432817662579923132049628047412915553047448680444", "price": "0.08", "size": "50", "side": "BUY", "hash": "744197b07bc8f383cd02c1a36beae7ee82f3ca55", "best_bid": "0.08", "best_ask": "0.55"}, {"asset_id": "89425585128814090174487403320335053482292664960203686888109194568852453675157", "price": "0.92", "size": "50", "side": "SELL", "hash": "94dbc17a0a10e53062ff9dabab77fee8691c2e80", "best_bid": "0.45", "best_ask": "0.92"}], "timestamp": "1769384056520", "event_type": "price_change"}}
{"_local_timestamp": "2026-01-25T23:34:16.665666+00:00", "data": {"market": "0x16a67626ffd7a22cd5a3a0c378cea79fd94cd66d79db4877a6492c9db8a069eb", "price_changes": [{"asset_id": "89425585128814090174487403320335053482292664960203686888109194568852453675157", "price": "0.01", "size": "13987.05", "side": "BUY", "hash": "39db5921e1eb13cc107d2ba363a33beae5183674", "best_bid": "0.45", "best_ask": "0.92"}, {"asset_id": "44960051374137791601268833492432817662579923132049628047412915553047448680444", "price": "0.99", "size": "13987.05", "side": "SELL", "hash": "72a8ef1a7a1840b9404c418b48668bf7f47c3048", "best_bid": "0.08", "best_ask": "0.55"}], "timestamp": "1769384056590", "event_type": "price_change"}}
{"_local_timestamp": "2026-01-25T23:34:16.697075+00:00", "data": {"market": "0x16a67626ffd7a22cd5a3a0c378cea79fd94cd66d79db4877a6492c9db8a069eb", "price_changes": [{"asset_id": "89425585128814090174487403320335053482292664960203686888109194568852453675157", "price": "0.03", "size": "2010.24", "side": "BUY", "hash": "233eb0ba057aba26a7f7fb0c85c857e1f07c6b58", "best_bid": "0.45", "best_ask": "0.92"}, {"asset_id": "44960051374137791601268833492432817662579923132049628047412915553047448680444", "price": "0.97", "size": "2010.24", "side": "SELL", "hash": "aa1a7ec8cc5473afa68d13f64907d4e3961f0930", "best_bid": "0.08", "best_ask": "0.55"}], "timestamp": "1769384056622", "event_type": "price_change"}}
{"_local_timestamp": "2026-01-25T23:34:16.698503+00:00", "data": {"market": "0x16a67626ffd7a22cd5a3a0c378cea79fd94cd66d79db4877a6492c9db8a069eb", "price_changes": [{"asset_id": "89425585128814090174487403320335053482292664960203686888109194568852453675157", "price": "0.02", "size": "4849.11", "side": "BUY", "hash": "0260cc01d9502cf0469189cbf6f4716a84c7960e", "best_bid": "0.45", "best_ask": "0.92"}, {"asset_id": "44960051374137791601268833492432817662579923132049628047412915553047448680444", "price": "0.98", "size": "4849.11", "side": "SELL", "hash": "fafb31bf01bb444f694b59715f4adb92c739e2a4", "best_bid": "0.08", "best_ask": "0.55"}], "timestamp": "1769384056625", "event_type": "price_change"}}
{"_local_timestamp": "2026-01-25T23:35:43.225439+00:00", "data": {"market": "0x16a67626ffd7a22cd5a3a0c378cea79fd94cd66d79db4877a6492c9db8a069eb", "price_changes": [{"asset_id": "89425585128814090174487403320335053482292664960203686888109194568852453675157", "price": "0.01", "size": "13981.6", "side": "BUY", "hash": "2a090fe25c3d8ac3f4e3c9f68312fd554d1f8b71", "best_bid": "0.45", "best_ask": "0.92"}, {"asset_id": "44960051374137791601268833492432817662579923132049628047412915553047448680444", "price": "0.99", "size": "13981.6", "side": "SELL", "hash": "3f8d3da0f9a8d3ec9484fee62bb09b5cc576ba28", "best_bid": "0.08", "best_ask": "0.55"}], "timestamp": "1769384143155", "event_type": "price_change"}}
{"_local_timestamp": "2026-01-25T23:35:43.226400+00:00", "data": {"market": "0x16a67626ffd7a22cd5a3a0c378cea79fd94cd66d79db4877a6492c9db8a069eb", "price_changes": [{"asset_id": "89425585128814090174487403320335053482292664960203686888109194568852453675157", "price": "0.03", "size": "1999.11", "side": "BUY", "hash": "2a090fe25c3d8ac3f4e3c9f68312fd554d1f8b71", "best_bid": "0.45", "best_ask": "0.92"}, {"asset_id": "44960051374137791601268833492432817662579923132049628047412915553047448680444", "price": "0.97", "size": "1999.11", "side": "SELL", "hash": "3f8d3da0f9a8d3ec9484fee62bb09b5cc576ba28", "best_bid": "0.08", "best_ask": "0.55"}], "timestamp": "1769384143155", "event_type": "price_change"}}
{"_local_timestamp": "2026-01-25T23:35:44.263383+00:00", "data": {"market": "0x16a67626ffd7a22cd5a3a0c378cea79fd94cd66d79db4877a6492c9db8a069eb", "price_changes": [{"asset_id": "89425585128814090174487403320335053482292664960203686888109194568852453675157", "price": "0.02", "size": "4854.21", "side": "BUY", "hash": "92cc083032ca4c650e9ee8a2575a51c42e07cd14", "best_bid": "0.45", "best_ask": "0.92"}, {"asset_id": "44960051374137791601268833492432817662579923132049628047412915553047448680444", "price": "0.98", "size": "4854.21", "side": "SELL", "hash": "7ad2228811e45c99a432e5f7f4ee8217c07f71fb", "best_bid": "0.08", "best_ask": "0.55"}], "timestamp": "1769384144192", "event_type": "price_change"}}
{"_local_timestamp": "2026-01-25T23:35:44.263770+00:00", "data": {"market": "0x16a67626ffd7a22cd5a3a0c378cea79fd94cd66d79db4877a6492c9db8a069eb", "price_changes": [{"asset_id": "89425585128814090174487403320335053482292664960203686888109194568852453675157", "price": "0.04", "size": "7.16", "side": "BUY", "hash": "500a569899fec949c5e666eb4a973218a70688f9", "best_bid": "0.45", "best_ask": "0.92"}, {"asset_id": "44960051374137791601268833492432817662579923132049628047412915553047448680444", "price": "0.96", "size": "7.16", "side": "SELL", "hash": "5b252354259bc2775ab898ff75cdc695c6b5a533", "best_bid": "0.08", "best_ask": "0.55"}], "timestamp": "1769384144193", "event_type": "price_change"}}
{"_local_timestamp": "2026-01-25T23:36:23.078459+00:00", "data": {"market": "0x16a67626ffd7a22cd5a3a0c378cea79fd94cd66d79db4877a6492c9db8a069eb", "price_changes": [{"asset_id": "89425585128814090174487403320335053482292664960203686888109194568852453675157", "price": "0.45", "size": "0", "side": "BUY", "hash": "0ce3487ccb4b3aae544d2c8a0d271c5b18802094", "best_bid": "0.32", "best_ask": "0.92"}, {"asset_id": "44960051374137791601268833492432817662579923132049628047412915553047448680444", "price": "0.55", "size": "0", "side": "SELL", "hash": "c3c3ffd31eefeed81c17180b8e26c4f1678bfaa0", "best_bid": "0.08", "best_ask": "0.68"}], "timestamp": "1769384183000", "event_type": "price_change"}}
{"_local_timestamp": "2026-01-25T23:36:58.184260+00:00", "data": {"market": "0x16a67626ffd7a22cd5a3a0c378cea79fd94cd66d79db4877a6492c9db8a069eb", "price_changes": [{"asset_id": "89425585128814090174487403320335053482292664960203686888109194568852453675157", "price": "0.31", "size": "27.03", "side": "BUY", "hash": "018a578c6ac53c6d0d3a1675122e2346e1394aae", "best_bid": "0.32", "best_ask": "0.92"}, {"asset_id": "44960051374137791601268833492432817662579923132049628047412915553047448680444", "price": "0.69", "size": "27.03", "side": "SELL", "hash": "563d3d5acc3d225f6e7f619491aa23801e7aefd5", "best_bid": "0.08", "best_ask": "0.68"}], "timestamp": "1769384218085", "event_type": "price_change"}}
{"_local_timestamp": "2026-01-25T23:36:58.237140+00:00", "data": {"market": "0x16a67626ffd7a22cd5a3a0c378cea79fd94cd66d79db4877a6492c9db8a069eb", "price_changes": [{"asset_id": "44960051374137791601268833492432817662579923132049628047412915553047448680444", "price": "0.06", "size": "35.73", "side": "BUY", "hash": "ed17d98397b9505470ba9c85d8d54fc539dee42c", "best_bid": "0.08", "best_ask": "0.68"}, {"asset_id": "89425585128814090174487403320335053482292664960203686888109194568852453675157", "price": "0.94", "size": "35.73", "side": "SELL", "hash": "1b2f187e37604673163d5d903955450fd8fbdf18", "best_bid": "0.32", "best_ask": "0.92"}], "timestamp": "1769384218091", "event_type": "price_change"}}
{"_local_timestamp": "2026-01-25T23:37:50.692577+00:00", "data": {"market": "0x16a67626ffd7a22cd5a3a0c378cea79fd94cd66d79db4877a6492c9db8a069eb", "price_changes": [{"asset_id": "89425585128814090174487403320335053482292664960203686888109194568852453675157", "price": "0.45", "size": "50", "side": "BUY", "hash": "c50b66f5f9f73910745dd61d3db7b22406358d63", "best_bid": "0.45", "best_ask": "0.92"}, {"asset_id": "44960051374137791601268833492432817662579923132049628047412915553047448680444", "price": "0.55", "size": "50", "side": "SELL", "hash": "7c0fb7729d7054690594bd155fd7845494172d81", "best_bid": "0.08", "best_ask": "0.55"}], "timestamp": "1769384270616", "event_type": "price_change"}}
{"_local_timestamp": "2026-01-25T23:37:52.567203+00:00", "data": {"market": "0x16a67626ffd7a22cd5a3a0c378cea79fd94cd66d79db4877a6492c9db8a069eb", "price_changes": [{"asset_id": "44960051374137791601268833492432817662579923132049628047412915553047448680444", "price": "0.07", "size": "194.29", "side": "BUY", "hash": "bbe90018ba9083325e6d0df1e8112cb46d5285b3", "best_bid": "0.08", "best_ask": "0.55"}, {"asset_id": "89425585128814090174487403320335053482292664960203686888109194568852453675157", "price": "0.93", "size": "194.29", "side": "SELL", "hash": "22a4cda251c4469a7b3a7d7c4ceb500377b79f7b", "best_bid": "0.45", "best_ask": "0.92"}], "timestamp": "1769384272488", "event_type": "price_change"}}
{"_local_timestamp": "2026-01-25T23:37:52.567670+00:00", "data": {"market": "0x16a67626ffd7a22cd5a3a0c378cea79fd94cd66d79db4877a6492c9db8a069eb", "price_changes": [{"asset_id": "89425585128814090174487403320335053482292664960203686888109194568852453675157", "price": "0.32", "size": "363", "side": "BUY", "hash": "99910624f6703c559adf001e48341c76f09efbd9", "best_bid": "0.45", "best_ask": "0.92"}, {"asset_id": "44960051374137791601268833492432817662579923132049628047412915553047448680444", "price": "0.68", "size": "363", "side": "SELL", "hash": "3f3b3665e6ae6c349f2934640cb3c6ad6aa21911", "best_bid": "0.08", "best_ask": "0.55"}], "timestamp": "1769384272491", "event_type": "price_change"}}
{"_local_timestamp": "2026-01-25T23:37:57.397574+00:00", "data": {"market": "0x16a67626ffd7a22cd5a3a0c378cea79fd94cd66d79db4877a6492c9db8a069eb", "price_changes": [{"asset_id": "89425585128814090174487403320335053482292664960203686888109194568852453675157", "price": "0.46", "size": "10.86", "side": "BUY", "hash": "93cbbc54996d1642d1889b6d089469b98edaded3", "best_bid": "0.46", "best_ask": "0.92"}, {"asset_id": "44960051374137791601268833492432817662579923132049628047412915553047448680444", "price": "0.54", "size": "10.86", "side": "SELL", "hash": "1d7cbd0fb118cfe428da6807647acc4a7cb05f5f", "best_bid": "0.08", "best_ask": "0.54"}], "timestamp": "1769384277323", "event_type": "price_change"}}
{"_local_timestamp": "2026-01-25T23:38:15.097276+00:00", "data": {"market": "0x16a67626ffd7a22cd5a3a0c378cea79fd94cd66d79db4877a6492c9db8a069eb", "price_changes": [{"asset_id": "44960051374137791601268833492432817662579923132049628047412915553047448680444", "price": "0.08", "size": "0", "side": "BUY", "hash": "59a69166e21d7a9563847186c7982e309a49dc24", "best_bid": "0.07", "best_ask": "0.54"}, {"asset_id": "89425585128814090174487403320335053482292664960203686888109194568852453675157", "price": "0.92", "size": "0", "side": "SELL", "hash": "69a6972db93996fbac955187310479c103d2e528", "best_bid": "0.46", "best_ask": "0.93"}], "timestamp": "1769384295001", "event_type": "price_change"}}
{"_local_timestamp": "2026-01-25T23:39:55.990599+00:00", "data": {"market": "0x16a67626ffd7a22cd5a3a0c378cea79fd94cd66d79db4877a6492c9db8a069eb", "price_changes": [{"asset_id": "44960051374137791601268833492432817662579923132049628047412915553047448680444", "price": "0.08", "size": "50", "side": "BUY", "hash": "ab67d4757407bcd24111402536a874c718fb0b25", "best_bid": "0.08", "best_ask": "0.54"}, {"asset_id": "89425585128814090174487403320335053482292664960203686888109194568852453675157", "price": "0.92", "size": "50", "side": "SELL", "hash": "3bda27b60643d8021fa4a557f81e56aec04b7cc3", "best_bid": "0.46", "best_ask": "0.92"}], "timestamp": "1769384395916", "event_type": "price_change"}}
{"_local_timestamp": "2026-01-25T23:40:10.343651+00:00", "data": {"market": "0x16a67626ffd7a22cd5a3a0c378cea79fd94cd66d79db4877a6492c9db8a069eb", "price_changes": [{"asset_id": "89425585128814090174487403320335053482292664960203686888109194568852453675157", "price": "0.46", "size": "0", "side": "BUY", "hash": "abea400443a328e659fc08a296b4d29ff1bf84b0", "best_bid": "0.45", "best_ask": "0.92"}, {"asset_id": "44960051374137791601268833492432817662579923132049628047412915553047448680444", "price": "0.54", "size": "0", "side": "SELL", "hash": "b596c6fe520eed282497bb63ed85a0c2c8a5071f", "best_bid": "0.08", "best_ask": "0.55"}], "timestamp": "1769384410261", "event_type": "price_change"}}
