{"_local_timestamp": "2026-01-25T23:34:28.861655+00:00", "data": [{"market": "0x946e937dd543d522f26675de159a81b671baf2673494cfe892d72f59b6a48d65", "asset_id": "32326797912692418881793085135004847069627417506373303910110643211151890932437", "timestamp": "1769384068481", "hash": "e920e4c01c250a318212386a9de13a7a84b0750c", "bids": [{"price": "0.01", "size": "138.18"}, {"price": "0.02", "size": "76.07"}, {"price": "0.04", "size": "21.16"}, {"price": "0.44", "size": "1100"}], "asks": [{"price": "0.99", "size": "138.12"}, {"price": "0.98", "size": "76.01"}, {"price": "0.96", "size": "21.21"}, {"price": "0.55", "size": "1000"}, {"price": "0.54", "size": "100"}], "event_type": "book", "last_trade_price": ""}, {"market": "0x2f38e972648214a9faf442dfb13a3306ba2767ca2b43185da164e054283808bf", "asset_id": "14522595131049267236332195965642891656236962715258897042595810607889013649709", "timestamp": "1769384067758", "hash": "9c8c5dba2a191f0b7c78bb924753a00ce6ac4985", "bids": [{"price": "0.01", "size": "1890.01"}, {"price": "0.02", "size": "1000"}, {"price": "0.03", "size": "10.41"}, {"price": "0.04", "size": "2625"}, {"price": "0.06", "size": "1000"}, {"price": "0.08", "size": "68.75"}, {"price": "0.09", "size": "206.52"}, {"price": "0.1", "size": "103"}, {"price": "0.11", "size": "200"}, {"price": "0.35", "size": "205"}, {"price": "0.36", "size": "1183"}, {"price": "0.37", "size": "5"}, {"price": "0.38", "size": "74"}], "asks": [{"price": "0.99", "size": "1890.1"}, {"price": "0.98", "size": "1000"}, {"price": "0.97", "size": "9.45"}, {"price": "0.96", "size": "2300"}, {"price": "0.95", "size": "800"}, {"price": "0.91", "size": "344.44"}, {"price": "0.9", "size": "200"}, {"price": "0.89", "size": "1005.59"}, {"price": "0.88", "size": "300"}, {"price": "0.8", "size": "700"}, {"price": "0.75", "size": "400"}, {"price": "0.74", "size": "200"}, {"price": "0.7", "size": "300"}, {"price": "0.67", "size": "300"}, {"price": "0.64", "size": "187"}, {"price": "0.48", "size": "1105"}, {"price": "0.46", "size": "5"}, {"price": "0.45", "size": "5"}, {"price": "0.42", "size": "5"}], "event_type": "book", "last_trade_price": "0.380"}, {"market": "0x87c844b30b587e7fd0fa9de1e6cbd8ceda173ff3d773ec5fca345047e97663c5", "asset_id": "81328461840865453437537555939823283523335876676600916477509008200626009722000", "timestamp": "1769384062002", "hash": "d2a5ce4477ccb386ff324b25d082d4e515ea1bf3", "bids": [{"price": "0.01", "size": "138.15"}, {"price": "0.02", "size": "76.04"}, {"price": "0.04", "size": "21.19"}, {"price": "0.43", "size": "500"}, {"price": "0.45", "size": "100"}], "asks": [{"price": "0.99", "size": "138.12"}, {"price": "0.98", "size": "118.44"}, {"price": "0.55", "size": "500"}, {"price": "0.54", "size": "100"}], "event_type": "book", "last_trade_price": ""}, {"market": "0x87c844b30b587e7fd0fa9de1e6cbd8ceda173ff3d773ec5fca345047e97663c5", "asset_id": "27477604225498520875722470451761249779556987401301302829297066492819524175988", "timestamp": "1769384062002", "hash": "319e675622b1ce3f71481b716bf4fb5a82fd148e", "bids": [{"price": "0.01", "size": "138.12"}, {"price": "0.02", "size": "118.44"}, {"price": "0.45", "size": "500"}, {"price": "0.46", "size": "100"}], "asks": [{"price": "0.99", "size": "138.15"}, {"price": "0.98", "size": "76.04"}, {"price": "0.96", "size": "21.19"}, {"price": "0.57", "size": "500"}, {"price": "0.55", "size": "100"}], "event_type": "book", "last_trade_price": ""}, {"market": "0x946e937dd543d522f26675de159a81b671baf2673494cfe892d72f59b6a48d65", "asset_id": "30096860216428751849752731020220240501257311873820387581706587487048682309490", "timestamp": "1769384068481", "hash": "9544568e97e9e8d06cd402a7f26fd5e2905a4bc1", "bids": [{"price": "0.01", "size": "138.12"}, {"price": "0.02", "size": "76.01"}, {"price": "0.04", "size": "21.21"}, {"price": "0.45", "size": "1000"}, {"price": "0.46", "size": "100"}], "asks": [{"price": "0.99", "size": "138.18"}, {"price": "0.98", "size": "76.07"}, {"price": "0.96", "size": "21.16"}, {"price": "0.56", "size": "1100"}], "event_type": "book", "last_trade_price": ""}, {"market": "0xc713ebea2d3f3c75c22f360a55ceff5347416bc9ca58fdf77aab197792b8d912", "asset_id": "83235839729762820596328567738200871340764884192429856507108774760505261237496", "timestamp": "1769383649236", "hash": "521bd5e8bc6b81c67ac1992a1ab38da9eeb66595", "bids": [{"price": "0.01", "size": "138.12"}, {"price": "0.02", "size": "118.44"}, {"price": "0.46", "size": "100"}], "asks": [{"price": "0.99", "size": "138.18"}, {"price": "0.98", "size": "118.41"}, {"price": "0.56", "size": "100"}], "event_type": "book", "last_trade_price": ""}, {"market": "0xc713ebea2d3f3c75c22f360a55ceff5347416bc9ca58fdf77aab197792b8d912", "asset_id": "80284667136460174211607827009360915516808713819381922734543063233622845321786", "timestamp": "1769383649236", "hash": "069d5bfb4d6e4ea6e030c990efc182741681bdc3", "bids": [{"price": "0.01", "size": "138.18"}, {"price": "0.02", "size": "118.41"}, {"price": "0.44", "size": "100"}], "asks": [{"price": "0.99", "size": "138.12"}, {"price": "0.98", "size": "118.44"}, {"price": "0.54", "size": "100"}], "event_type": "book", "last_trade_price": ""}, {"market": "0x2f38e972648214a9faf442dfb13a3306ba2767ca2b43185da164e054283808bf", "asset_id": "53686121198056356961708765230174235914321565963241610922776651877875433998743", "timestamp": "1769384067758", "hash": "9ab899e0dff51e159b7359a9828d90074b5c9d53", "bids": [{"price": "0.01", "size": "1890.1"}, {"price": "0.02", "size": "1000"}, {"price": "0.03", "size": "9.45"}, {"price": "0.04", "size": "2300"}, {"price": "0.05", "size": "800"}, {"price": "0.09", "size": "344.44"}, {"price": "0.1", "size": "200"}, {"price": "0.11", "size": "1005.59"}, {"price": "0.12", "size": "300"}, {"price": "0.2", "size": "700"}, {"price": "0.25", "size": "400"}, {"price": "0.26", "size": "200"}, {"price": "0.3", "size": "300"}, {"price": "0.33", "size": "300"}, {"price": "0.36", "size": "187"}, {"price": "0.52", "size": "1105"}, {"price": "0.54", "size": "5"}, {"price": "0.55", "size": "5"}, {"price": "0.58", "size": "5"}], "asks": [{"price": "0.99", "size": "1890.01"}, {"price": "0.98", "size": "1000"}, {"price": "0.97", "size": "10.41"}, {"price": "0.96", "size": "2625"}, {"price": "0.94", "size": "1000"}, {"price": "0.92", "size": "68.75"}, {"price": "0.91", "size": "206.52"}, {"price": "0.9", "size": "103"}, {"price": "0.89", "size": "200"}, {"price": "0.65", "size": "205"}, {"price": "0.64", "size": "1183"}, {"price": "0.63", "size": "5"}, {"price": "0.62", "size": "74"}], "event_type": "book", "last_trade_price": "0.380"}]}
{"_local_timestamp": "2026-01-25T23:34:28.891582+00:00", "data": {"market": "0x946e937dd543d522f26675de159a81b671baf2673494cfe892d72f59b6a48d65", "price_changes": [{"asset_id": "30096860216428751849752731020220240501257311873820387581706587487048682309490", "price": "0.45", "size": "1000", "side": "BUY", "hash": "53c43d9d7a5013053cbda6624747dfb93cf71fc7", "best_bid": "0.46", "best_ask": "0.56"}, {"asset_id": "32326797912692418881793085135004847069627417506373303910110643211151890932437", "price": "0.55", "size": "1000", "side": "SELL", "hash": "2421d6049c5fc3ae045e3ad785f44a72ae1ebef5", "best_bid": "0.44", "best_ask": "0.54"}], "timestamp": "1769384068480", "event_type": "price_change"}}
{"_local_timestamp": "2026-01-25T23:34:28.894807+00:00", "data": {"market": "0x946e937dd543d522f26675de159a81b671baf2673494cfe892d72f59b6a48d65", "price_changes": [{"asset_id": "32326797912692418881793085135004847069627417506373303910110643211151890932437", "price": "0.44", "size": "1100", "side": "BUY", "hash": "e920e4c01c250a318212386a9de13a7a84b0750c", "best_bid": "0.44", "best_ask": "0.54"}, {"asset_id": "30096860216428751849752731020220240501257311873820387581706587487048682309490", "price": "0.56", "size": "1100", "side": "SELL", "hash": "9544568e97e9e8d06cd402a7f26fd5e2905a4bc1", "best_bid": "0.46", "best_ask": "0.56"}], "timestamp": "1769384068481", "event_type": "price_change"}}
{"_local_timestamp": "2026-01-25T23:34:29.164785+00:00", "data": {"market": "0x946e937dd543d522f26675de159a81b671baf2673494cfe892d72f59b6a48d65", "price_changes": [{"asset_id": "32326797912692418881793085135004847069627417506373303910110643211151890932437", "price": "0.44", "size": "600", "side": "BUY", "hash": "89895313d700248418922a50285153410ee9d101", "best_bid": "0.44", "best_ask": "0.54"}, {"asset_id": "30096860216428751849752731020220240501257311873820387581706587487048682309490", "price": "0.56", "size": "600", "side": "SELL", "hash": "97484e7bf5d77fc73338d23307feff3f9473a686", "best_bid": "0.46", "best_ask": "0.56"}], "timestamp": "1769384069001", "event_type": "price_change"}}
{"_local_timestamp": "2026-01-25T23:34:29.172459+00:00", "data": {"market": "0x946e937dd543d522f26675de159a81b671baf2673494cfe892d72f59b6a48d65", "price_changes": [{"asset_id": "30096860216428751849752731020220240501257311873820387581706587487048682309490", "price": "0.45", "size": "500", "side": "BUY", "hash": "d89be8fa451324d5c19cd955cf00c5e4c3f1f2ce", "best_bid": "0.46", "best_ask": "0.56"}, {"asset_id": "32326797912692418881793085135004847069627417506373303910110643211151890932437", "price": "0.55", "size": "500", "side": "SELL", "hash": "118ad4ddc3de8a487a6a07ae64c7e376fcf2a586", "best_bid": "0.44", "best_ask": "0.54"}], "timestamp": "1769384069004", "event_type": "price_change"}}
{"_local_timestamp": "2026-01-25T23:34:34.294101+00:00", "data": {"market": "0x2f38e972648214a9faf442dfb13a3306ba2767ca2b43185da164e054283808bf", "price_changes": [{"asset_id": "53686121198056356961708765230174235914321565963241610922776651877875433998743", "price": "0.36", "size": "0", "side": "BUY", "hash": "8223b84e8c75ac48784f8c458762e88b1a493d21", "best_bid": "0.58", "best_ask": "0.62"}, {"asset_id": "14522595131049267236332195965642891656236962715258897042595810607889013649709", "price": "0.64", "size": "0", "side": "SELL", "hash": "ae187f6cfc2603bb9da918dbcc7688dbb307b666", "best_bid": "0.38", "best_ask": "0.42"}], "timestamp": "1769384074212", "event_type": "price_change"}}
{"_local_timestamp": "2026-01-25T23:34:34.300128+00:00", "data": {"market": "0x2f38e972648214a9faf442dfb13a3306ba2767ca2b43185da164e054283808bf", "price_changes": [{"asset_id": "53686121198056356961708765230174235914321565963241610922776651877875433998743", "price": "0.35", "size": "183", "side": "BUY", "hash": "dde6ebd11d406c45bcc0538c2ddd28e28ce876e9", "best_bid": "0.58", "best_ask": "0.62"}, {"asset_id": "14522595131049267236332195965642891656236962715258897042595810607889013649709", "price": "0.65", "size": "183", "side": "SELL", "hash": "fde9c9dda0e7b2b2ee9b14970969f84fbf3134ac", "best_bid": "0.38", "best_ask": "0.42"}], "timestamp": "1769384074214", "event_type": "price_change"}}
{"_local_timestamp": "2026-01-25T23:34:36.283180+00:00", "data": {"market": "0x2f38e972648214a9faf442dfb13a3306ba2767ca2b43185da164e054283808bf", "price_changes": [{"asset_id": "53686121198056356961708765230174235914321565963241610922776651877875433998743", "price": "0.35", "size": "0", "side": "BUY", "hash": "2a3b0abaf816b0d8e80833b2a124fe4350200286", "best_bid": "0.58", "best_ask": "0.62"}, {"asset_id": "14522595131049267236332195965642891656236962715258897042595810607889013649709", "price": "0.65", "size": "0", "side": "SELL", "hash": "4af91531620da7968997704303b9f880d97132ba", "best_bid": "0.38", "best_ask": "0.42"}], "timestamp": "1769384076215", "event_type": "price_change"}}
{"_local_timestamp": "2026-01-25T23:34:36.283627+00:00", "data": {"market": "0x2f38e972648214a9faf442dfb13a3306ba2767ca2b43185da164e054283808bf", "price_changes": [{"asset_id": "53686121198056356961708765230174235914321565963241610922776651877875433998743", "price": "0.36", "size": "183", "side": "BUY", "hash": "344f01d2640f46d365a2b2bc8fe152cfa7d9c0b9", "best_bid": "0.58", "best_ask": "0.62"}, {"asset_id": "14522595131049267236332195965642891656236962715258897042595810607889013649709", "price": "0.64", "size": "183", "side": "SELL", "hash": "dfa4ebf57d895d2c90b1e2f070e5e096133007ad", "best_bid": "0.38", "best_ask": "0.42"}], "timestamp": "1769384076216", "event_type": "price_change"}}
{"_local_timestamp": "2026-01-25T23:34:39.059482+00:00", "data": {"market": "0x2f38e972648214a9faf442dfb13a3306ba2767ca2b43185da164e054283808bf", "price_changes": [{"asset_id": "53686121198056356961708765230174235914321565963241610922776651877875433998743", "price": "0.09", "size": "144.44", "side": "BUY", "hash": "ed1e50e05653f297c0722a62e47e4d1ac8e87da2", "best_bid": "0.58", "best_ask": "0.62"}, {"asset_id": "14522595131049267236332195965642891656236962715258897042595810607889013649709", "price": "0.91", "size": "144.44", "side": "SELL", "hash": "1ea6db58c7dbc3771def9841c41eef899eeee3c4", "best_bid": "0.38", "best_ask": "0.42"}], "timestamp": "1769384078974", "event_type": "price_change"}}
{"_local_timestamp": "2026-01-25T23:34:39.357537+00:00", "data": {"market": "0x2f38e972648214a9faf442dfb13a3306ba2767ca2b43185da164e054283808bf", "price_changes": [{"asset_id": "53686121198056356961708765230174235914321565963241610922776651877875433998743", "price": "0.1", "size": "400", "side": "BUY", "hash": "d65b73cbceab50720973225e26c2a4b67f30e7a4", "best_bid": "0.58", "best_ask": "0.62"}, {"asset_id": "14522595131049267236332195965642891656236962715258897042595810607889013649709", "price": "0.9", "size": "400", "side": "SELL", "hash": "7311acb66a1857efe619a410f35bd0946e5579fd", "best_bid": "0.38", "best_ask": "0.42"}], "timestamp": "1769384079219", "event_type": "price_change"}}
{"_local_timestamp": "2026-01-25T23:34:43.166977+00:00", "data": {"market": "0x2f38e972648214a9faf442dfb13a3306ba2767ca2b43185da164e054283808bf", "price_changes": [{"asset_id": "14522595131049267236332195965642891656236962715258897042595810607889013649709", "price": "0.11", "size": "300", "side": "BUY", "hash": "a00c7c7d912a33d3703f5df49fbdcffb5076af62", "best_bid": "0.38", "best_ask": "0.42"}, {"asset_id": "53686121198056356961708765230174235914321565963241610922776651877875433998743", "price": "0.89", "size": "300", "side": "SELL", "hash": "a7d0d4d6c90c399b4ecb88a56f919aff162561df", "best_bid": "0.58", "best_ask": "0.62"}], "timestamp": "1769384083073", "event_type": "price_change"}}
{"_local_timestamp": "2026-01-25T23:34:43.190753+00:00", "data": {"market": "0x2f38e972648214a9faf442dfb13a3306ba2767ca2b43185da164e054283808bf", "price_changes": [{"asset_id": "14522595131049267236332195965642891656236962715258897042595810607889013649709", "price": "0.09", "size": "6.52", "side": "BUY", "hash": "495c665d4c46b64f20580da82a09999841788ff8", "best_bid": "0.38", "best_ask": "0.42"}, {"asset_id": "53686121198056356961708765230174235914321565963241610922776651877875433998743", "price": "0.91", "size": "6.52", "side": "SELL", "hash": "6ba0f08f622af2054ee6aa9ca04f0c6936c5dcc7", "best_bid": "0.58", "best_ask": "0.62"}], "timestamp": "1769384083120", "event_type": "price_change"}}
{"_local_timestamp": "2026-01-25T23:34:56.241541+00:00", "data": {"market": "0x2f38e972648214a9faf442dfb13a3306ba2767ca2b43185da164e054283808bf", "price_changes": [{"asset_id": "53686121198056356961708765230174235914321565963241610922776651877875433998743", "price": "0.36", "size": "0", "side": "BUY", "hash": "a6f05d1549169b2b50c7410c5fc25907ddba3505", "best_bid": "0.58", "best_ask": "0.62"}, {"asset_id": "14522595131049267236332195965642891656236962715258897042595810607889013649709", "price": "0.64", "size": "0", "side": "SELL", "hash": "43344253ef258058e492403539d0160d08321737", "best_bid": "0.38", "best_ask": "0.42"}], "timestamp": "1769384096091", "event_type": "price_change"}}
{"_local_timestamp": "2026-01-25T23:34:56.242464+00:00", "data": {"market": "0x2f38e972648214a9faf442dfb13a3306ba2767ca2b43185da164e054283808bf", "price_changes": [{"asset_id": "53686121198056356961708765230174235914321565963241610922776651877875433998743", "price": "0.35", "size": "183", "side": "BUY", "hash": "1ffbe327d53b1626a3867a8fc57b424e7c1ae62f", "best_bid": "0.58", "best_ask": "0.62"}, {"asset_id": "14522595131049267236332195965642891656236962715258897042595810607889013649709", "price": "0.65", "size": "183", "side": "SELL", "hash": "8d5b205d096669151e53a10ad0d7b84aef506414", "best_bid": "0.38", "best_ask": "0.42"}], "timestamp": "1769384096092", "event_type": "price_change"}}
{"_local_timestamp": "2026-01-25T23:35:17.223285+00:00", "data": {"market": "0xc713ebea2d3f3c75c22f360a55ceff5347416bc9ca58fdf77aab197792b8d912", "price_changes": [{"asset_id": "80284667136460174211607827009360915516808713819381922734543063233622845321786", "price": "0.02", "size": "71", "side": "BUY", "hash": "7d0220055f203c201fb35878895b833ca95685c3", "best_bid": "0.44", "best_ask": "0.54"}, {"asset_id": "83235839729762820596328567738200871340764884192429856507108774760505261237496", "price": "0.98", "size": "71", "side": "SELL", "hash": "26b978f2859a3a73a61c33f5c2367d30a64fd915", "best_bid": "0.46", "best_ask": "0.56"}], "timestamp": "1769384117145", "event_type": "price_change"}}
{"_local_timestamp": "2026-01-25T23:35:17.224529+00:00", "data": {"market": "0x946e937dd543d522f26675de159a81b671baf2673494cfe892d72f59b6a48d65", "price_changes": [{"asset_id": "32326797912692418881793085135004847069627417506373303910110643211151890932437", "price": "0.02", "size": "71", "side": "BUY", "hash": "a0604d5f298a176ede30a725a6c3a1c9799f7366", "best_bid": "0.44", "best_ask": "0.54"}, {"asset_id": "30096860216428751849752731020220240501257311873820387581706587487048682309490", "price": "0.98", "size": "71", "side": "SELL", "hash": "f801af8a349f7d53a5961bea31376bc5f67fdce9", "best_bid": "0.46", "best_ask": "0.56"}], "timestamp": "1769384117145", "event_type": "price_change"}}
{"_local_timestamp": "2026-01-25T23:35:17.224848+00:00", "data": {"market": "0xc713ebea2d3f3c75c22f360a55ceff5347416bc9ca58fdf77aab197792b8d912", "price_changes": [{"asset_id": "83235839729762820596328567738200871340764884192429856507108774760505261237496", "price": "0.02", "size": "71", "side": "BUY", "hash": "86424088ff6ee370b6cba61a593c5c290b5cedde", "best_bid": "0.46", "best_ask": "0.56"}, {"asset_id": "80284667136460174211607827009360915516808713819381922734543063233622845321786", "price": "0.98", "size": "71", "side": "SELL", "hash": "65812158da1d15dd8be56aaba1d38da4f0cd119e", "best_bid": "0.44", "best_ask": "0.54"}], "timestamp": "1769384117145", "event_type": "price_change"}}
{"_local_timestamp": "2026-01-25T23:35:17.225213+00:00", "data": {"market": "0x946e937dd543d522f26675de159a81b671baf2673494cfe892d72f59b6a48d65", "price_changes": [{"asset_id": "32326797912692418881793085135004847069627417506373303910110643211151890932437", "price": "0.04", "size": "0", "side": "BUY", "hash": "a0604d5f298a176ede30a725a6c3a1c9799f7366", "best_bid": "0.44", "best_ask": "0.54"}, {"asset_id": "30096860216428751849752731020220240501257311873820387581706587487048682309490", "price": "0.96", "size": "0", "side": "SELL", "hash": "f801af8a349f7d53a5961bea31376bc5f67fdce9", "best_bid": "0.46", "best_ask": "0.56"}], "timestamp": "1769384117145", "event_type": "price_change"}}
{"_local_timestamp": "2026-01-25T23:35:17.225507+00:00", "data": {"market": "0x946e937dd543d522f26675de159a81b671baf2673494cfe892d72f59b6a48d65", "price_changes": [{"asset_id": "30096860216428751849752731020220240501257311873820387581706587487048682309490", "price": "0.02", "size": "71", "side": "BUY", "hash": "a7663efa556fe41c9c1b22f6cf7dc3b71195043f", "best_bid": "0.46", "best_ask": "0.56"}, {"asset_id": "32326797912692418881793085135004847069627417506373303910110643211151890932437", "price": "0.98", "size": "71", "side": "SELL", "hash": "18316fbfe237b1589e4b791237943ad13f2013bf", "best_bid": "0.44", "best_ask": "0.54"}], "timestamp": "1769384117145", "event_type": "price_change"}}
{"_local_timestamp": "2026-01-25T23:35:17.225792+00:00", "data": {"market": "0x946e937dd543d522f26675de159a81b671baf2673494cfe892d72f59b6a48d65", "price_changes": [{"asset_id": "30096860216428751849752731020220240501257311873820387581706587487048682309490", "price": "0.04", "size": "0", "side": "BUY", "hash": "a7663efa556fe41c9c1b22f6cf7dc3b71195043f", "best_bid": "0.46", "best_ask": "0.56"}, {"asset_id": "32326797912692418881793085135004847069627417506373303910110643211151890932437", "price": "0.96", "size": "0", "side": "SELL", "hash": "18316fbfe237b1589e4b791237943ad13f2013bf", "best_bid": "0.44", "best_ask": "0.54"}], "timestamp": "1769384117145", "event_type": "price_change"}}
{"_local_timestamp": "2026-01-25T23:35:17.639987+00:00", "data": {"market": "0x87c844b30b587e7fd0fa9de1e6cbd8ceda173ff3d773ec5fca345047e97663c5", "price_changes": [{"asset_id": "27477604225498520875722470451761249779556987401301302829297066492819524175988", "price": "0.02", "size": "71", "side": "BUY", "hash": "23d810658a3562ee8c80de46d3729e769aff488e", "best_bid": "0.46", "best_ask": "0.55"}, {"asset_id": "81328461840865453437537555939823283523335876676600916477509008200626009722000", "price": "0.98", "size": "71", "side": "SELL", "hash": "8e38e2175f9e1d0f864b195aad094cf6a5921d4b", "best_bid": "0.45", "best_ask": "0.54"}], "timestamp": "1769384117570", "event_type": "price_change"}}
{"_local_timestamp": "2026-01-25T23:35:17.640375+00:00", "data": {"market": "0x87c844b30b587e7fd0fa9de1e6cbd8ceda173ff3d773ec5fca345047e97663c5", "price_changes": [{"asset_id": "81328461840865453437537555939823283523335876676600916477509008200626009722000", "price": "0.02", "size": "71", "side": "BUY", "hash": "831e867f6588de0d3123941da0172f7377ddce8f", "best_bid": "0.45", "best_ask": "0.54"}, {"asset_id": "27477604225498520875722470451761249779556987401301302829297066492819524175988", "price": "0.98", "size": "71", "side": "SELL", "hash": "fd1acf78f7bb72b60e826c5a902bc3bc7c04a428", "best_bid": "0.46", "best_ask": "0.55"}], "timestamp": "1769384117570", "event_type": "price_change"}}
{"_local_timestamp": "2026-01-25T23:35:17.640684+00:00", "data": {"market": "0x87c844b30b587e7fd0fa9de1e6cbd8ceda173ff3d773ec5fca345047e97663c5", "price_changes": [{"asset_id": "81328461840865453437537555939823283523335876676600916477509008200626009722000", "price": "0.04", "size": "0", "side": "BUY", "hash": "831e867f6588de0d3123941da0172f7377ddce8f", "best_bid": "0.45", "best_ask": "0.54"}, {"asset_id": "27477604225498520875722470451761249779556987401301302829297066492819524175988", "price": "0.96", "size": "0", "side": "SELL", "hash": "fd1acf78f7bb72b60e826c5a902bc3bc7c04a428", "best_bid": "0.46", "best_ask": "0.55"}], "timestamp": "1769384117570", "event_type": "price_change"}}
{"_local_timestamp": "2026-01-25T23:35:18.940230+00:00", "data": {"market": "0xc713ebea2d3f3c75c22f360a55ceff5347416bc9ca58fdf77aab197792b8d912", "price_changes": [{"asset_id": "80284667136460174211607827009360915516808713819381922734543063233622845321786", "price": "0.01", "size": "143.63", "side": "BUY", "hash": "1876245758aec182fa34f1cf959ce0f12e4e8892", "best_bid": "0.44", "best_ask": "0.54"}, {"asset_id": "83235839729762820596328567738200871340764884192429856507108774760505261237496", "price": "0.99", "size": "143.63", "side": "SELL", "hash": "50281fa12fb92537c0204889ea825d67183d4d7b", "best_bid": "0.46", "best_ask": "0.56"}], "timestamp": "1769384118871", "event_type": "price_change"}}
{"_local_timestamp": "2026-01-25T23:35:18.940630+00:00", "data": {"market": "0x946e937dd543d522f26675de159a81b671baf2673494cfe892d72f59b6a48d65", "price_changes": [{"asset_id": "30096860216428751849752731020220240501257311873820387581706587487048682309490", "price": "0.03", "size": "29.82", "side": "BUY", "hash": "db10a97e45b67b01378be8b39b653e1a550b375a", "best_bid": "0.46", "best_ask": "0.56"}, {"asset_id": "32326797912692418881793085135004847069627417506373303910110643211151890932437", "price": "0.97", "size": "29.82", "side": "SELL", "hash": "cb3febcaf73ed82da64e729fdec265b9dd413f2c", "best_bid": "0.44", "best_ask": "0.54"}], "timestamp": "1769384118871", "event_type": "price_change"}}
{"_local_timestamp": "2026-01-25T23:35:18.957285+00:00", "data": {"market": "0xc713ebea2d3f3c75c22f360a55ceff5347416bc9ca58fdf77aab197792b8d912", "price_changes": [{"asset_id": "80284667136460174211607827009360915516808713819381922734543063233622845321786", "price": "0.03", "size": "29.78", "side": "BUY", "hash": "377497a6f711df6773997b21d40807092db2f082", "best_bid": "0.44", "best_ask": "0.54"}, {"asset_id": "83235839729762820596328567738200871340764884192429856507108774760505261237496", "price": "0.97", "size": "29.78", "side": "SELL", "hash": "38b924c6f57309a1b50aa591cf3ed1fd3820635e", "best_bid": "0.46", "best_ask": "0.56"}], "timestamp": "1769384118872", "event_type": "price_change"}}
{"_local_timestamp": "2026-01-25T23:35:18.957971+00:00", "data": {"market": "0x946e937dd543d522f26675de159a81b671baf2673494cfe892d72f59b6a48d65", "price_changes": [{"asset_id": "32326797912692418881793085135004847069627417506373303910110643211151890932437", "price": "0.03", "size": "29.78", "side": "BUY", "hash": "13a26effd44579a70f96ec2d8d60ae5b2d2c8152", "best_bid": "0.44", "best_ask": "0.54"}, {"asset_id": "30096860216428751849752731020220240501257311873820387581706587487048682309490", "price": "0.97", "size": "29.78", "side": "SELL", "hash": "3e106b31e1f615a7b9ddd9346832b80a163792f0", "best_bid": "0.46", "best_ask": "0.56"}], "timestamp": "1769384118872", "event_type": "price_change"}}
{"_local_timestamp": "2026-01-25T23:35:18.958368+00:00", "data": {"market": "0xc713ebea2d3f3c75c22f360a55ceff5347416bc9ca58fdf77aab197792b8d912", "price_changes": [{"asset_id": "83235839729762820596328567738200871340764884192429856507108774760505261237496", "price": "0.01", "size": "143.51", "side": "BUY", "hash": "adfc499f60ec9920c7c0d2438612f256497f793e", "best_bid": "0.46", "best_ask": "0.56"}, {"asset_id": "80284667136460174211607827009360915516808713819381922734543063233622845321786", "price": "0.99", "size": "143.51", "side": "SELL", "hash": "4798456e7c5584f8a196c2c33bbb518ab3de832a", "best_bid": "0.44", "best_ask": "0.54"}], "timestamp": "1769384118873", "event_type": "price_change"}}
{"_local_timestamp": "2026-01-25T23:35:18.958789+00:00", "data": {"market": "0x946e937dd543d522f26675de159a81b671baf2673494cfe892d72f59b6a48d65", "price_changes": [{"asset_id": "30096860216428751849752731020220240501257311873820387581706587487048682309490", "price": "0.01", "size": "143.51", "side": "BUY", "hash": "c86fe1b3e4b0e868eb555370f0aebda25834d2ea", "best_bid": "0.46", "best_ask": "0.56"}, {"asset_id": "32326797912692418881793085135004847069627417506373303910110643211151890932437", "price": "0.99", "size": "143.51", "side": "SELL", "hash": "aa948cc87245fb0e00f500cf7a7440fe1000411f", "best_bid": "0.44", "best_ask": "0.54"}], "timestamp": "1769384118873", "event_type": "price_change"}}
{"_local_timestamp": "2026-01-25T23:35:18.959142+00:00", "data": {"market": "0xc713ebea2d3f3c75c22f360a55ceff5347416bc9ca58fdf77aab197792b8d912", "price_changes": [{"asset_id": "83235839729762820596328567738200871340764884192429856507108774760505261237496", "price": "0.03", "size": "29.82", "side": "BUY", "hash": "0c0172a5fc5bc494a9eb9573c0188f9f37944bc8", "best_bid": "0.46", "best_ask": "0.56"}, {"asset_id": "80284667136460174211607827009360915516808713819381922734543063233622845321786", "price": "0.97", "size": "29.82", "side": "SELL", "hash": "42a2229839ac42d3b34d6c737de7a5282e6a2c15", "best_bid": "0.44", "best_ask": "0.54"}], "timestamp": "1769384118873", "event_type": "price_change"}}
{"_local_timestamp": "2026-01-25T23:35:18.959463+00:00", "data": {"market": "0x946e937dd543d522f26675de159a81b671baf2673494cfe892d72f59b6a48d65", "price_changes": [{"asset_id": "32326797912692418881793085135004847069627417506373303910110643211151890932437", "price": "0.01", "size": "143.63", "side": "BUY", "hash": "5d355287ef786f381c529785944972e15118c4d1", "best_bid": "0.44", "best_ask": "0.54"}, {"asset_id": "30096860216428751849752731020220240501257311873820387581706587487048682309490", "price": "0.99", "size": "143.63", "side": "SELL", "hash": "7a72f277d47e2fc040e822bdf55e1cafaea93f06", "best_bid": "0.46", "best_ask": "0.56"}], "timestamp": "1769384118874", "event_type": "price_change"}}
{"_local_timestamp": "2026-01-25T23:35:19.473429+00:00", "data": {"market": "0x87c844b30b587e7fd0fa9de1e6cbd8ceda173ff3d773ec5fca345047e97663c5", "price_changes": [{"asset_id": "27477604225498520875722470451761249779556987401301302829297066492819524175988", "price": "0.01", "size": "143.51", "side": "BUY", "hash": "474edf3550c24f5ee5872b3f7a59ba6af979f076", "best_bid": "0.46", "best_ask": "0.55"}, {"asset_id": "81328461840865453437537555939823283523335876676600916477509008200626009722000", "price": "0.99", "size": "143.51", "side": "SELL", "hash": "0ed4d3d73e196a61863b3b356a0dff98739ddcc4", "best_bid": "0.45", "best_ask": "0.54"}], "timestamp": "1769384119398", "event_type": "price_change"}}
{"_local_timestamp": "2026-01-25T23:35:19.474415+00:00", "data": {"market": "0x87c844b30b587e7fd0fa9de1e6cbd8ceda173ff3d773ec5fca345047e97663c5", "price_changes": [{"asset_id": "27477604225498520875722470451761249779556987401301302829297066492819524175988", "price": "0.03", "size": "29.82", "side": "BUY", "hash": "dae6129949bdc1bf15cc55b3edb020e655d4b55c", "best_bid": "0.46", "best_ask": "0.55"}, {"asset_id": "81328461840865453437537555939823283523335876676600916477509008200626009722000", "price": "0.97", "size": "29.82", "side": "SELL", "hash": "b75e3a4d844187a7a2995e8e94cef3d7102ce0f9", "best_bid": "0.45", "best_ask": "0.54"}], "timestamp": "1769384119399", "event_type": "price_change"}}
{"_local_timestamp": "2026-01-25T23:35:19.474841+00:00", "data": {"market": "0x87c844b30b587e7fd0fa9de1e6cbd8ceda173ff3d773ec5fca345047e97663c5", "price_changes": [{"asset_id": "81328461840865453437537555939823283523335876676600916477509008200626009722000", "price": "0.01", "size": "143.57", "side": "BUY", "hash": "87de57280f18a6971ae3a0cf047e4f7e8ee9c5d1", "best_bid": "0.45", "best_ask": "0.54"}, {"asset_id": "27477604225498520875722470451761249779556987401301302829297066492819524175988", "price": "0.99", "size": "143.57", "side": "SELL", "hash": "ad8483744f42081325b7101eba87e7b8ae829286", "best_bid": "0.46", "best_ask": "0.55"}], "timestamp": "1769384119400", "event_type": "price_change"}}
{"_local_timestamp": "2026-01-25T23:35:19.475246+00:00", "data": {"market": "0x87c844b30b587e7fd0fa9de1e6cbd8ceda173ff3d773ec5fca345047e97663c5", "price_changes": [{"asset_id": "81328461840865453437537555939823283523335876676600916477509008200626009722000", "price": "0.03", "size": "29.8", "side": "BUY", "hash": "f481d27ad89304f66288d96c795d645f09d9daab", "best_bid": "0.45", "best_ask": "0.54"}, {"asset_id": "27477604225498520875722470451761249779556987401301302829297066492819524175988", "price": "0.97", "size": "29.8", "side": "SELL", "hash": "b7bf8538f507d5c3e2aa51024b5197608130dd69", "best_bid": "0.46", "best_ask": "0.55"}], "timestamp": "1769384119401", "event_type": "price_change"}}
