{"_local_timestamp": "2026-01-25T23:41:02.693668+00:00", "data": [{"market": "0x09a666b396fe2d109eb5d7f2ceb2503e44af24533ad4a7ef032f32b7eda6dc62", "asset_id": "96159090155296538158413431087000397979926596731893161029991660218094383454255", "timestamp": "1769384461066", "hash": "403da392a8b5349e69179055611b4e2c3850522d", "bids": [{"price": "0.001", "size": "1000"}, {"price": "0.54", "size": "6"}, {"price": "0.561", "size": "6"}, {"price": "0.575", "size": "6"}, {"price": "0.576", "size": "64"}, {"price": "0.847", "size": "12.6"}, {"price": "0.848", "size": "22.01"}, {"price": "0.854", "size": "8.4"}], "asks": [{"price": "0.999", "size": "134"}], "event_type": "book", "last_trade_price": "0.003"}, {"market": "0x09a666b396fe2d109eb5d7f2ceb2503e44af24533ad4a7ef032f32b7eda6dc62", "asset_id": "98606197491205967200700640359464086313480576537360039938434591761091984923719", "timestamp": "1769384461066", "hash": "d5325183dc05884a3849c9299587b32c9ecb2046", "bids": [{"price": "0.001", "size": "134"}], "asks": [{"price": "0.999", "size": "1000"}, {"price": "0.46", "size": "6"}, {"price": "0.439", "size": "6"}, {"price": "0.425", "size": "6"}, {"price": "0.424", "size": "64"}, {"price": "0.153", "size": "12.6"}, {"price": "0.152", "size": "22.01"}, {"price": "0.146", "size": "8.4"}], "event_type": "book", "last_trade_price": "0.003"}]}
{"_local_timestamp": "2026-01-25T23:41:24.289702+00:00", "data": {"market": "0x09a666b396fe2d109eb5d7f2ceb2503e44af24533ad4a7ef032f32b7eda6dc62", "price_changes": [{"asset_id": "98606197491205967200700640359464086313480576537360039938434591761091984923719", "price": "0.146", "size": "0", "side": "SELL", "hash": "bc66fbd78616a3d8fad79118a24fdf8d22229b98", "best_bid": "0.001", "best_ask": "0.152"}, {"asset_id": "96159090155296538158413431087000397979926596731893161029991660218094383454255", "price": "0.854", "size": "0", "side": "BUY", "hash": "49862cc48775d31610708729d799dbbcb6034f91", "best_bid": "0.848", "best_ask": "0.999"}], "timestamp": "1769384484200", "event_type": "price_change"}}
{"_local_timestamp": "2026-01-25T23:41:24.732294+00:00", "data": {"market": "0x09a666b396fe2d109eb5d7f2ceb2503e44af24533ad4a7ef032f32b7eda6dc62", "price_changes": [{"asset_id": "98606197491205967200700640359464086313480576537360039938434591761091984923719", "price": "0.145", "size": "8.4", "side": "SELL", "hash": "25da9aa5f98430ecea1b7b9010adb34b1608ebd4", "best_bid": "0.001", "best_ask": "0.145"}, {"asset_id": "96159090155296538158413431087000397979926596731893161029991660218094383454255", "price": "0.855", "size": "8.4", "side": "BUY", "hash": "9e85c9ab76088b5e9f45cb078a84cf0e5ada5914", "best_bid": "0.855", "best_ask": "0.999"}], "timestamp": "1769384484647", "event_type": "price_change"}}
{"_local_timestamp": "2026-01-25T23:41:44.504075+00:00", "data": {"market": "0x09a666b396fe2d109eb5d7f2ceb2503e44af24533ad4a7ef032f32b7eda6dc62", "price_changes": [{"asset_id": "98606197491205967200700640359464086313480576537360039938434591761091984923719", "price": "0.145", "size": "0", "side": "SELL", "hash": "2bf019dc77c8d79999d680c2084ed32606e5f4e5", "best_bid": "0.001", "best_ask": "0.152"}, {"asset_id": "96159090155296538158413431087000397979926596731893161029991660218094383454255", "price": "0.855", "size": "0", "side": "BUY", "hash": "19cb5029a8dcc9f07e7b37817faa9ec4c22ecec8", "best_bid": "0.848", "best_ask": "0.999"}], "timestamp": "1769384504426", "event_type": "price_change"}}
{"_local_timestamp": "2026-01-25T23:41:44.927752+00:00", "data": {"market": "0x09a666b396fe2d109eb5d7f2ceb2503e44af24533ad4a7ef032f32b7eda6dc62", "price_changes": [{"asset_id": "98606197491205967200700640359464086313480576537360039938434591761091984923719", "price": "0.144", "size": "8.4", "side": "SELL", "hash": "5c8ccbcfbf8de632e02da4d2830332726a0ad51f", "best_bid": "0.001", "best_ask": "0.144"}, {"asset_id": "96159090155296538158413431087000397979926596731893161029991660218094383454255", "price": "0.856", "size": "8.4", "side": "BUY", "hash": "8ae61870fd53376e6f217a09ffea0a249f7b7480", "best_bid": "0.856", "best_ask": "0.999"}], "timestamp": "1769384504854", "event_type": "price_change"}}
{"_local_timestamp": "2026-01-25T23:42:04.670248+00:00", "data": {"market": "0x09a666b396fe2d109eb5d7f2ceb2503e44af24533ad4a7ef032f32b7eda6dc62", "price_changes": [{"asset_id": "98606197491205967200700640359464086313480576537360039938434591761091984923719", "price": "0.144", "size": "0", "side": "SELL", "hash": "93ad6e3966c1f0c9501b01775db4127462b75316", "best_bid": "0.001", "best_ask": "0.152"}, {"asset_id": "96159090155296538158413431087000397979926596731893161029991660218094383454255", "price": "0.856", "size": "0", "side": "BUY", "hash": "731df58ae7cc66fea05aaf0e6523cb74c375e0c1", "best_bid": "0.848", "best_ask": "0.999"}], "timestamp": "1769384524599", "event_type": "price_change"}}
{"_local_timestamp": "2026-01-25T23:42:05.156535+00:00", "data": {"market": "0x09a666b396fe2d109eb5d7f2ceb2503e44af24533ad4a7ef032f32b7eda6dc62", "price_changes": [{"asset_id": "98606197491205967200700640359464086313480576537360039938434591761091984923719", "price": "0.143", "size": "8.4", "side": "SELL", "hash": "317b4b3321a8bf0dcab964caeb6e126c2180835c", "best_bid": "0.001", "best_ask": "0.143"}, {"asset_id": "96159090155296538158413431087000397979926596731893161029991660218094383454255", "price": "0.857", "size": "8.4", "side": "BUY", "hash": "327f1d7bb4af65b603cc4b8a66cb9b0cc87c0dba", "best_bid": "0.857", "best_ask": "0.999"}], "timestamp": "1769384525026", "event_type": "price_change"}}
{"_local_timestamp": "2026-01-25T23:42:26.117401+00:00", "data": {"market": "0x09a666b396fe2d109eb5d7f2ceb2503e44af24533ad4a7ef032f32b7eda6dc62", "price_changes": [{"asset_id": "98606197491205967200700640359464086313480576537360039938434591761091984923719", "price": "0.143", "size": "0", "side": "SELL", "hash": "978ed0039e06b0a7563b5ee96d3b9abcbd2ae56f", "best_bid": "0.001", "best_ask": "0.152"}, {"asset_id": "96159090155296538158413431087000397979926596731893161029991660218094383454255", "price": "0.857", "size": "0", "side": "BUY", "hash": "44030e0ef6051574d8851b9fb20337246af9cd56", "best_bid": "0.848", "best_ask": "0.999"}], "timestamp": "1769384545894", "event_type": "price_change"}}
{"_local_timestamp": "2026-01-25T23:42:26.504788+00:00", "data": {"market": "0x09a666b396fe2d109eb5d7f2ceb2503e44af24533ad4a7ef032f32b7eda6dc62", "price_changes": [{"asset_id": "98606197491205967200700640359464086313480576537360039938434591761091984923719", "price": "0.142", "size": "8.4", "side": "SELL", "hash": "792c9e5374d7d527cad9eff2070e6c713994ae87", "best_bid": "0.001", "best_ask": "0.142"}, {"asset_id": "96159090155296538158413431087000397979926596731893161029991660218094383454255", "price": "0.858", "size": "8.4", "side": "BUY", "hash": "233a449a358ccdee9cad68ffcf85e11e0a830184", "best_bid": "0.858", "best_ask": "0.999"}], "timestamp": "1769384546298", "event_type": "price_change"}}
{"_local_timestamp": "2026-01-25T23:42:48.061348+00:00", "data": {"market": "0x09a666b396fe2d109eb5d7f2ceb2503e44af24533ad4a7ef032f32b7eda6dc62", "price_changes": [{"asset_id": "98606197491205967200700640359464086313480576537360039938434591761091984923719", "price": "0.142", "size": "0", "side": "SELL", "hash": "17e3edb0b83b178ad630d08da25547c054817a37", "best_bid": "0.001", "best_ask": "0.152"}, {"asset_id": "96159090155296538158413431087000397979926596731893161029991660218094383454255", "price": "0.858", "size": "0", "side": "BUY", "hash": "bd01ceae5dc476011a51792c9d37e394fbc9d54d", "best_bid": "0.848", "best_ask": "0.999"}], "timestamp": "1769384567935", "event_type": "price_change"}}
{"_local_timestamp": "2026-01-25T23:42:48.457075+00:00", "data": {"market": "0x09a666b396fe2d109eb5d7f2ceb2503e44af24533ad4a7ef032f32b7eda6dc62", "price_changes": [{"asset_id": "98606197491205967200700640359464086313480576537360039938434591761091984923719", "price": "0.141", "size": "8.4", "side": "SELL", "hash": "360298b297601b05086ab9abaecaf6a6482a9627", "best_bid": "0.001", "best_ask": "0.141"}, {"asset_id": "96159090155296538158413431087000397979926596731893161029991660218094383454255", "price": "0.859", "size": "8.4", "side": "BUY", "hash": "96a1f3785760f6c7ca74640f2a0c5e7183ae2c89", "best_bid": "0.859", "best_ask": "0.999"}], "timestamp": "1769384568335", "event_type": "price_change"}}
{"_local_timestamp": "2026-01-25T23:43:10.206432+00:00", "data": {"market": "0x09a666b396fe2d109eb5d7f2ceb2503e44af24533ad4a7ef032f32b7eda6dc62", "price_changes": [{"asset_id": "98606197491205967200700640359464086313480576537360039938434591761091984923719", "price": "0.141", "size": "0", "side": "SELL", "hash": "f86495bedb82a023208afd7796585135d6f44605", "best_bid": "0.001", "best_ask": "0.152"}, {"asset_id": "96159090155296538158413431087000397979926596731893161029991660218094383454255", "price": "0.859", "size": "0", "side": "BUY", "hash": "2c81c53fa7eea06305ce0484bc7ca599174e9163", "best_bid": "0.848", "best_ask": "0.999"}], "timestamp": "1769384590071", "event_type": "price_change"}}
{"_local_timestamp": "2026-01-25T23:43:10.717056+00:00", "data": {"market": "0x09a666b396fe2d109eb5d7f2ceb2503e44af24533ad4a7ef032f32b7eda6dc62", "price_changes": [{"asset_id": "98606197491205967200700640359464086313480576537360039938434591761091984923719", "price": "0.14", "size": "8.4", "side": "SELL", "hash": "19e6e0651ebf66c69618a0729fa7bf7bcd970911", "best_bid": "0.001", "best_ask": "0.14"}, {"asset_id": "96159090155296538158413431087000397979926596731893161029991660218094383454255", "price": "0.86", "size": "8.4", "side": "BUY", "hash": "b86d1a679d09b97ae0ea044eeefac4ca7685e111", "best_bid": "0.86", "best_ask": "0.999"}], "timestamp": "1769384590560", "event_type": "price_change"}}
{"_local_timestamp": "2026-01-25T23:43:32.651226+00:00", "data": {"market": "0x09a666b396fe2d109eb5d7f2ceb2503e44af24533ad4a7ef032f32b7eda6dc62", "price_changes": [{"asset_id": "98606197491205967200700640359464086313480576537360039938434591761091984923719", "price": "0.14", "size": "0", "side": "SELL", "hash": "e2da3184a6fed4453283931378c1b196796d8fb3", "best_bid": "0.001", "best_ask": "0.152"}, {"asset_id": "96159090155296538158413431087000397979926596731893161029991660218094383454255", "price": "0.86", "size": "0", "side": "BUY", "hash": "ee911322501f44c39fe9f313edbc3fc21e0af72b", "best_bid": "0.848", "best_ask": "0.999"}], "timestamp": "1769384612522", "event_type": "price_change"}}
{"_local_timestamp": "2026-01-25T23:43:33.157055+00:00", "data": {"market": "0x09a666b396fe2d109eb5d7f2ceb2503e44af24533ad4a7ef032f32b7eda6dc62", "price_changes": [{"asset_id": "98606197491205967200700640359464086313480576537360039938434591761091984923719", "price": "0.139", "size": "8.4", "side": "SELL", "hash": "86d30042229809a7a29157fbf5e07eb25d82b6b0", "best_bid": "0.001", "best_ask": "0.139"}, {"asset_id": "96159090155296538158413431087000397979926596731893161029991660218094383454255", "price": "0.861", "size": "8.4", "side": "BUY", "hash": "0631cc421585f29784bbc807686c354ff4b9382f", "best_bid": "0.861", "best_ask": "0.999"}], "timestamp": "1769384613031", "event_type": "price_change"}}
{"_local_timestamp": "2026-01-25T23:43:54.796620+00:00", "data": {"market": "0x09a666b396fe2d109eb5d7f2ceb2503e44af24533ad4a7ef032f32b7eda6dc62", "price_changes": [{"asset_id": "98606197491205967200700640359464086313480576537360039938434591761091984923719", "price": "0.139", "size": "0", "side": "SELL", "hash": "abbf1b25dce19d83547b190bdb0347694b35980d", "best_bid": "0.001", "best_ask": "0.152"}, {"asset_id": "96159090155296538158413431087000397979926596731893161029991660218094383454255", "price": "0.861", "size": "0", "side": "BUY", "hash": "e9b24a6ff8540b4b17a07e04e3842fc6a4ba3e02", "best_bid": "0.848", "best_ask": "0.999"}], "timestamp": "1769384634555", "event_type": "price_change"}}
{"_local_timestamp": "2026-01-25T23:43:55.207738+00:00", "data": {"market": "0x09a666b396fe2d109eb5d7f2ceb2503e44af24533ad4a7ef032f32b7eda6dc62", "price_changes": [{"asset_id": "98606197491205967200700640359464086313480576537360039938434591761091984923719", "price": "0.138", "size": "8.4", "side": "SELL", "hash": "9d6a33507ab07f594543e51e67e122e1cb5f65ec", "best_bid": "0.001", "best_ask": "0.138"}, {"asset_id": "96159090155296538158413431087000397979926596731893161029991660218094383454255", "price": "0.862", "size": "8.4", "side": "BUY", "hash": "609a0d24c48f437aa8e96f6e790461ec1a469762", "best_bid": "0.862", "best_ask": "0.999"}], "timestamp": "1769384634967", "event_type": "price_change"}}
{"_local_timestamp": "2026-01-25T23:44:15.534988+00:00", "data": {"market": "0x09a666b396fe2d109eb5d7f2ceb2503e44af24533ad4a7ef032f32b7eda6dc62", "price_changes": [{"asset_id": "98606197491205967200700640359464086313480576537360039938434591761091984923719", "price": "0.138", "size": "0", "side": "SELL", "hash": "e26613a657f16c7f6fc3aaee5bea244913cc9c5f", "best_bid": "0.001", "best_ask": "0.152"}, {"asset_id": "96159090155296538158413431087000397979926596731893161029991660218094383454255", "price": "0.862", "size": "0", "side": "BUY", "hash": "60b68562e54db1d59076990457966bf71d3353d4", "best_bid": "0.848", "best_ask": "0.999"}], "timestamp": "1769384655373", "event_type": "price_change"}}
{"_local_timestamp": "2026-01-25T23:44:15.940990+00:00", "data": {"market": "0x09a666b396fe2d109eb5d7f2ceb2503e44af24533ad4a7ef032f32b7eda6dc62", "price_changes": [{"asset_id": "98606197491205967200700640359464086313480576537360039938434591761091984923719", "price": "0.137", "size": "8.4", "side": "SELL", "hash": "5f5b206903bf0dc3936f1b562c5e5dec70d0254d", "best_bid": "0.001", "best_ask": "0.137"}, {"asset_id": "96159090155296538158413431087000397979926596731893161029991660218094383454255", "price": "0.863", "size": "8.4", "side": "BUY", "hash": "2978bc6c9b38076d0bbf0d22a9351ab6dbf33690", "best_bid": "0.863", "best_ask": "0.999"}], "timestamp": "1769384655792", "event_type": "price_change"}}
{"_local_timestamp": "2026-01-25T23:44:36.893390+00:00", "data": {"market": "0x09a666b396fe2d109eb5d7f2ceb2503e44af24533ad4a7ef032f32b7eda6dc62", "price_changes": [{"asset_id": "98606197491205967200700640359464086313480576537360039938434591761091984923719", "price": "0.137", "size": "0", "side": "SELL", "hash": "b5d24bdae9746a3698e96757561d9c6d83c7ce70", "best_bid": "0.001", "best_ask": "0.152"}, {"asset_id": "96159090155296538158413431087000397979926596731893161029991660218094383454255", "price": "0.863", "size": "0", "side": "BUY", "hash": "4c965057677c0ad3f0f19326007f1141441dbd89", "best_bid": "0.848", "best_ask": "0.999"}], "timestamp": "1769384676820", "event_type": "price_change"}}
{"_local_timestamp": "2026-01-25T23:44:37.350984+00:00", "data": {"market": "0x09a666b396fe2d109eb5d7f2ceb2503e44af24533ad4a7ef032f32b7eda6dc62", "price_changes": [{"asset_id": "98606197491205967200700640359464086313480576537360039938434591761091984923719", "price": "0.136", "size": "8.4", "side": "SELL", "hash": "dcaa31daf405ae9aa11290fe2baa7ef32d0d6e28", "best_bid": "0.001", "best_ask": "0.136"}, {"asset_id": "96159090155296538158413431087000397979926596731893161029991660218094383454255", "price": "0.864", "size": "8.4", "side": "BUY", "hash": "5127d7948faf8e94eadd26ebdfde463e6d466895", "best_bid": "0.864", "best_ask": "0.999"}], "timestamp": "1769384677276", "event_type": "price_change"}}
{"_local_timestamp": "2026-01-25T23:45:01.109035+00:00", "data": {"market": "0x09a666b396fe2d109eb5d7f2ceb2503e44af24533ad4a7ef032f32b7eda6dc62", "price_changes": [{"asset_id": "98606197491205967200700640359464086313480576537360039938434591761091984923719", "price": "0.136", "size": "0", "side": "SELL", "hash": "031578dacf7d320b3da22c1b864b7f9b25bf196e", "best_bid": "0.001", "best_ask": "0.152"}, {"asset_id": "96159090155296538158413431087000397979926596731893161029991660218094383454255", "price": "0.864", "size": "0", "side": "BUY", "hash": "d8a398925ba28c19690d7940f63f4903ff607b67", "best_bid": "0.848", "best_ask": "0.999"}], "timestamp": "1769384701028", "event_type": "price_change"}}
{"_local_timestamp": "2026-01-25T23:45:01.654788+00:00", "data": {"market": "0x09a666b396fe2d109eb5d7f2ceb2503e44af24533ad4a7ef032f32b7eda6dc62", "price_changes": [{"asset_id": "98606197491205967200700640359464086313480576537360039938434591761091984923719", "price": "0.135", "size": "8.4", "side": "SELL", "hash": "92ed37fd8011dfd198d04080bc1668c3ce4ef724", "best_bid": "0.001", "best_ask": "0.135"}, {"asset_id": "96159090155296538158413431087000397979926596731893161029991660218094383454255", "price": "0.865", "size": "8.4", "side": "BUY", "hash": "bc93cf9b08b0072364a4301f807f55d4bc61fbea", "best_bid": "0.865", "best_ask": "0.999"}], "timestamp": "1769384701589", "event_type": "price_change"}}
{"_local_timestamp": "2026-01-25T23:45:23.603904+00:00", "data": {"market": "0x09a666b396fe2d109eb5d7f2ceb2503e44af24533ad4a7ef032f32b7eda6dc62", "price_changes": [{"asset_id": "98606197491205967200700640359464086313480576537360039938434591761091984923719", "price": "0.135", "size": "0", "side": "SELL", "hash": "28d57225be96d66c93913653f38a191cd55834fb", "best_bid": "0.001", "best_ask": "0.152"}, {"asset_id": "96159090155296538158413431087000397979926596731893161029991660218094383454255", "price": "0.865", "size": "0", "side": "BUY", "hash": "ed28facbb51b7d52e39869a533d1c322735a5e65", "best_bid": "0.848", "best_ask": "0.999"}], "timestamp": "1769384723527", "event_type": "price_change"}}
{"_local_timestamp": "2026-01-25T23:45:24.051485+00:00", "data": {"market": "0x09a666b396fe2d109eb5d7f2ceb2503e44af24533ad4a7ef032f32b7eda6dc62", "price_changes": [{"asset_id": "98606197491205967200700640359464086313480576537360039938434591761091984923719", "price": "0.134", "size": "8.4", "side": "SELL", "hash": "c0c0ab1476dfe92b8e8d8957e46b6e5506f85c71", "best_bid": "0.001", "best_ask": "0.134"}, {"asset_id": "96159090155296538158413431087000397979926596731893161029991660218094383454255", "price": "0.866", "size": "8.4", "side": "BUY", "hash": "c1a215e51527ca9f8aedc40f2ba91c98ac5141f2", "best_bid": "0.866", "best_ask": "0.999"}], "timestamp": "1769384723975", "event_type": "price_change"}}
{"_local_timestamp": "2026-01-25T23:45:45.447116+00:00", "data": {"market": "0x09a666b396fe2d109eb5d7f2ceb2503e44af24533ad4a7ef032f32b7eda6dc62", "price_changes": [{"asset_id": "98606197491205967200700640359464086313480576537360039938434591761091984923719", "price": "0.134", "size": "0", "side": "SELL", "hash": "f7885c70fba82a116de878381fa9a473a094b0f6", "best_bid": "0.001", "best_ask": "0.152"}, {"asset_id": "96159090155296538158413431087000397979926596731893161029991660218094383454255", "price": "0.866", "size": "0", "side": "BUY", "hash": "a3e8cb6791f4eaf5c2a423507852e75994988817", "best_bid": "0.848", "best_ask": "0.999"}], "timestamp": "1769384745377", "event_type": "price_change"}}
{"_local_timestamp": "2026-01-25T23:45:45.885905+00:00", "data": {"market": "0x09a666b396fe2d109eb5d7f2ceb2503e44af24533ad4a7ef032f32b7eda6dc62", "price_changes": [{"asset_id": "98606197491205967200700640359464086313480576537360039938434591761091984923719", "price": "0.133", "size": "8.4", "side": "SELL", "hash": "b56126df6743fda3f1da417ebcd01242d8ea4759", "best_bid": "0.001", "best_ask": "0.133"}, {"asset_id": "96159090155296538158413431087000397979926596731893161029991660218094383454255", "price": "0.867", "size": "8.4", "side": "BUY", "hash": "07f1fecf6f7a02bd06d4729572545f17c1f242bd", "best_bid": "0.867", "best_ask": "0.999"}], "timestamp": "1769384745800", "event_type": "price_change"}}
{"_local_timestamp": "2026-01-25T23:46:05.884637+00:00", "data": {"market": "0x09a666b396fe2d109eb5d7f2ceb2503e44af24533ad4a7ef032f32b7eda6dc62", "price_changes": [{"asset_id": "98606197491205967200700640359464086313480576537360039938434591761091984923719", "price": "0.133", "size": "0", "side": "SELL", "hash": "28305af8de7167122454cd64a63ef5b7fc2cc099", "best_bid": "0.001", "best_ask": "0.152"}, {"asset_id": "96159090155296538158413431087000397979926596731893161029991660218094383454255", "price": "0.867", "size": "0", "side": "BUY", "hash": "69f15114288d8058662dfa102cef576212574fab", "best_bid": "0.848", "best_ask": "0.999"}], "timestamp": "1769384765789", "event_type": "price_change"}}
{"_local_timestamp": "2026-01-25T23:46:06.297301+00:00", "data": {"market": "0x09a666b396fe2d109eb5d7f2ceb2503e44af24533ad4a7ef032f32b7eda6dc62", "price_changes": [{"asset_id": "98606197491205967200700640359464086313480576537360039938434591761091984923719", "price": "0.132", "size": "8.4", "side": "SELL", "hash": "1c0b2b08eb314ce39969ecfd21709a7a31bc210f", "best_bid": "0.001", "best_ask": "0.132"}, {"asset_id": "96159090155296538158413431087000397979926596731893161029991660218094383454255", "price": "0.868", "size": "8.4", "side": "BUY", "hash": "30a870def17c4c049be50c4b86872de175aa32a6", "best_bid": "0.868", "best_ask": "0.999"}], "timestamp": "1769384766203", "event_type": "price_change"}}
{"_local_timestamp": "2026-01-25T23:46:27.033836+00:00", "data": {"market": "0x09a666b396fe2d109eb5d7f2ceb2503e44af24533ad4a7ef032f32b7eda6dc62", "price_changes": [{"asset_id": "98606197491205967200700640359464086313480576537360039938434591761091984923719", "price": "0.132", "size": "0", "side": "SELL", "hash": "eef2838780df46ed3efa55dd9fd3b8f3ba5a85ed", "best_bid": "0.001", "best_ask": "0.152"}, {"asset_id": "96159090155296538158413431087000397979926596731893161029991660218094383454255", "price": "0.868", "size": "0", "side": "BUY", "hash": "f7af3c55620d3ec5540a7a35bc12f9c933412d57", "best_bid": "0.848", "best_ask": "0.999"}], "timestamp": "1769384786924", "event_type": "price_change"}}
{"_local_timestamp": "2026-01-25T23:46:27.451812+00:00", "data": {"market": "0x09a666b396fe2d109eb5d7f2ceb2503e44af24533ad4a7ef032f32b7eda6dc62", "price_changes": [{"asset_id": "98606197491205967200700640359464086313480576537360039938434591761091984923719", "price": "0.131", "size": "8.4", "side": "SELL", "hash": "3e65bc7ee741596eb502ce02ab54f5bda0656753", "best_bid": "0.001", "best_ask": "0.131"}, {"asset_id": "96159090155296538158413431087000397979926596731893161029991660218094383454255", "price": "0.869", "size": "8.4", "side": "BUY", "hash": "14ba53527f92f8846ffb9d9195802a28f383b2a3", "best_bid": "0.869", "best_ask": "0.999"}], "timestamp": "1769384787374", "event_type": "price_change"}}
{"_local_timestamp": "2026-01-25T23:46:49.666258+00:00", "data": {"market": "0x09a666b396fe2d109eb5d7f2ceb2503e44af24533ad4a7ef032f32b7eda6dc62", "price_changes": [{"asset_id": "98606197491205967200700640359464086313480576537360039938434591761091984923719", "price": "0.131", "size": "0", "side": "SELL", "hash": "4c0140866babe7fff44572fc0f1e50865d649ad8", "best_bid": "0.001", "best_ask": "0.152"}, {"asset_id": "96159090155296538158413431087000397979926596731893161029991660218094383454255", "price": "0.869", "size": "0", "side": "BUY", "hash": "ccca67c9b9b454f459eef3b62c65894d32d588cf", "best_bid": "0.848", "best_ask": "0.999"}], "timestamp": "1769384809579", "event_type": "price_change"}}
{"_local_timestamp": "2026-01-25T23:46:50.156155+00:00", "data": {"market": "0x09a666b396fe2d109eb5d7f2ceb2503e44af24533ad4a7ef032f32b7eda6dc62", "price_changes": [{"asset_id": "98606197491205967200700640359464086313480576537360039938434591761091984923719", "price": "0.13", "size": "8.4", "side": "SELL", "hash": "b19450857482567179a9929ab668fc2c1f908cf0", "best_bid": "0.001", "best_ask": "0.13"}, {"asset_id": "96159090155296538158413431087000397979926596731893161029991660218094383454255", "price": "0.87", "size": "8.4", "side": "BUY", "hash": "ce4a64cd042acdad5f57cb63e367b3444739ea86", "best_bid": "0.87", "best_ask": "0.999"}], "timestamp": "1769384810004", "event_type": "price_change"}}
{"_local_timestamp": "2026-01-25T23:47:13.328219+00:00", "data": {"market": "0x09a666b396fe2d109eb5d7f2ceb2503e44af24533ad4a7ef032f32b7eda6dc62", "price_changes": [{"asset_id": "98606197491205967200700640359464086313480576537360039938434591761091984923719", "price": "0.13", "size": "0", "side": "SELL", "hash": "61bbd870d8be96e03e5e8ff5fc83ec9c75862c86", "best_bid": "0.001", "best_ask": "0.152"}, {"asset_id": "96159090155296538158413431087000397979926596731893161029991660218094383454255", "price": "0.87", "size": "0", "side": "BUY", "hash": "3d8f3e1da40d3c785b393810db6a531e88212d6f", "best_bid": "0.848", "best_ask": "0.999"}], "timestamp": "1769384833257", "event_type": "price_change"}}
{"_local_timestamp": "2026-01-25T23:47:13.783294+00:00", "data": {"market": "0x09a666b396fe2d109eb5d7f2ceb2503e44af24533ad4a7ef032f32b7eda6dc62", "price_changes": [{"asset_id": "98606197491205967200700640359464086313480576537360039938434591761091984923719", "price": "0.129", "size": "8.4", "side": "SELL", "hash": "4efd0e99b93140f4dce8b7d8107fc5f0cae83536", "best_bid": "0.001", "best_ask": "0.129"}, {"asset_id": "96159090155296538158413431087000397979926596731893161029991660218094383454255", "price": "0.871", "size": "8.4", "side": "BUY", "hash": "3241f96364e7916c5930024b5cdd3d595909d068", "best_bid": "0.871", "best_ask": "0.999"}], "timestamp": "1769384833713", "event_type": "price_change"}}
{"_local_timestamp": "2026-01-25T23:47:14.376355+00:00", "data": {"market": "0x09a666b396fe2d109eb5d7f2ceb2503e44af24533ad4a7ef032f32b7eda6dc62", "price_changes": [{"asset_id": "98606197491205967200700640359464086313480576537360039938434591761091984923719", "price": "0.152", "size": "9.41", "side": "SELL", "hash": "8aaf53e94a53c11b70bab8ae1b15a666f50af907", "best_bid": "0.001", "best_ask": "0.129"}, {"asset_id": "96159090155296538158413431087000397979926596731893161029991660218094383454255", "price": "0.848", "size": "9.41", "side": "BUY", "hash": "45c1b4f471534519ed29faaf354aafaa205e37f8", "best_bid": "0.871", "best_ask": "0.999"}], "timestamp": "1769384834310", "event_type": "price_change"}}
{"_local_timestamp": "2026-01-25T23:47:14.719700+00:00", "data": {"market": "0x09a666b396fe2d109eb5d7f2ceb2503e44af24533ad4a7ef032f32b7eda6dc62", "price_changes": [{"asset_id": "98606197491205967200700640359464086313480576537360039938434591761091984923719", "price": "0.128", "size": "12.6", "side": "SELL", "hash": "5ca6f7a24199b51480f1e6512342ae8d55a174d3", "best_bid": "0.001", "best_ask": "0.128"}, {"asset_id": "96159090155296538158413431087000397979926596731893161029991660218094383454255", "price": "0.872", "size": "12.6", "side": "BUY", "hash": "248dd254d80160c400f243a19ca9ef17f7b2622c", "best_bid": "0.872", "best_ask": "0.999"}], "timestamp": "1769384834647", "event_type": "price_change"}}
{"_local_timestamp": "2026-01-25T23:47:14.739198+00:00", "data": {"market": "0x09a666b396fe2d109eb5d7f2ceb2503e44af24533ad4a7ef032f32b7eda6dc62", "price_changes": [{"asset_id": "96159090155296538158413431087000397979926596731893161029991660218094383454255", "price": "0.576", "size": "0", "side": "BUY", "hash": "be9fe1b006a0f6613a7ac85d613778fc8d71cdfb", "best_bid": "0.872", "best_ask": "0.999"}, {"asset_id": "98606197491205967200700640359464086313480576537360039938434591761091984923719", "price": "0.424", "size": "0", "side": "SELL", "hash": "ee7b7d7ce86bf57ceb2216a44601e9d4716b4ecb", "best_bid": "0.001", "best_ask": "0.128"}], "timestamp": "1769384834675", "event_type": "price_change"}}
{"_local_timestamp": "2026-01-25T23:47:14.789067+00:00", "data": {"market": "0x09a666b396fe2d109eb5d7f2ceb2503e44af24533ad4a7ef032f32b7eda6dc62", "price_changes": [{"asset_id": "96159090155296538158413431087000397979926596731893161029991660218094383454255", "price": "0.873", "size": "43", "side": "BUY", "hash": "52c51853a77f8918a792d6e4277b75a2a94a1ff4", "best_bid": "0.873", "best_ask": "0.999"}, {"asset_id": "98606197491205967200700640359464086313480576537360039938434591761091984923719", "price": "0.127", "size": "43", "side": "SELL", "hash": "1bb4fa5421f7cf57d220456aae5b96beda006e94", "best_bid": "0.001", "best_ask": "0.127"}], "timestamp": "1769384834711", "event_type": "price_change"}}
{"_local_timestamp": "2026-01-25T23:47:15.146304+00:00", "data": {"market": "0x09a666b396fe2d109eb5d7f2ceb2503e44af24533ad4a7ef032f32b7eda6dc62", "price_changes": [{"asset_id": "98606197491205967200700640359464086313480576537360039938434591761091984923719", "price": "0.001", "size": "0", "side": "BUY", "hash": "31ed3d9f74c0927b875dea4c650d6a2ab01480f8", "best_bid": "0", "best_ask": "0.127"}, {"asset_id": "96159090155296538158413431087000397979926596731893161029991660218094383454255", "price": "0.999", "size": "0", "side": "SELL", "hash": "130ae95d38dc982c24a144257fe1024090dea418", "best_bid": "0.873", "best_ask": "1"}], "timestamp": "1769384835037", "event_type": "price_change"}}
{"_local_timestamp": "2026-01-25T23:47:15.456181+00:00", "data": {"market": "0x09a666b396fe2d109eb5d7f2ceb2503e44af24533ad4a7ef032f32b7eda6dc62", "price_changes": [{"asset_id": "98606197491205967200700640359464086313480576537360039938434591761091984923719", "price": "0.002", "size": "53.36", "side": "BUY", "hash": "069f9a68ea70fcbfb8ed9ec9d92b20b70ca18d40", "best_bid": "0.002", "best_ask": "0.127"}, {"asset_id": "96159090155296538158413431087000397979926596731893161029991660218094383454255", "price": "0.998", "size": "53.36", "side": "SELL", "hash": "cff9c41a2a43fbceef4d52bc4ebebb69391e693b", "best_bid": "0.873", "best_ask": "0.998"}], "timestamp": "1769384835384", "event_type": "price_change"}}
{"_local_timestamp": "2026-01-25T23:47:15.456716+00:00", "data": {"market": "0x09a666b396fe2d109eb5d7f2ceb2503e44af24533ad4a7ef032f32b7eda6dc62", "price_changes": [{"asset_id": "98606197491205967200700640359464086313480576537360039938434591761091984923719", "price": "0.001", "size": "27.26", "side": "BUY", "hash": "e317d1a68da125d2229c2c315ff8d44208ad5e5a", "best_bid": "0.002", "best_ask": "0.127"}, {"asset_id": "96159090155296538158413431087000397979926596731893161029991660218094383454255", "price": "0.999", "size": "27.26", "side": "SELL", "hash": "c6a9eef3b4f2e08ab2ef8616ab3a1eeb7cfcd66c", "best_bid": "0.873", "best_ask": "0.998"}], "timestamp": "1769384835385", "event_type": "price_change"}}
