{"_local_timestamp": "2026-01-25T23:34:28.861655+00:00", "data": [{"market": "0x946e937dd543d522f26675de159a81b671baf2673494cfe892d72f59b6a48d65", "asset_id": "32326797912692418881793085135004847069627417506373303910110643211151890932437", "timestamp": "1769384068481", "hash": "e920e4c01c250a318212386a9de13a7a84b0750c", "bids": [{"price": "0.01", "size": "138.18"}, {"price": "0.02", "size": "76.07"}, {"price": "0.04", "size": "21.16"}, {"price": "0.44", "size": "1100"}], "asks": [{"price": "0.99", "size": "138.12"}, {"price": "0.98", "size": "76.01"}, {"price": "0.96", "size": "21.21"}, {"price": "0.55", "size": "1000"}, {"price": "0.54", "size": "100"}], "event_type": "book", "last_trade_price": ""}, {"market": "0x2f38e972648214a9faf442dfb13a3306ba2767ca2b43185da164e054283808bf", "asset_id": "14522595131049267236332195965642891656236962715258897042595810607889013649709", "timestamp": "1769384067758", "hash": "9c8c5dba2a191f0b7c78bb924753a00ce6ac4985", "bids": [{"price": "0.01", "size": "1890.01"}, {"price": "0.02", "size": "1000"}, {"price": "0.03", "size": "10.41"}, {"price": "0.04", "size": "2625"}, {"price": "0.06", "size": "1000"}, {"price": "0.08", "size": "68.75"}, {"price": "0.09", "size": "206.52"}, {"price": "0.1", "size": "103"}, {"price": "0.11", "size": "200"}, {"price": "0.35", "size": "205"}, {"price": "0.36", "size": "1183"}, {"price": "0.37", "size": "5"}, {"price": "0.38", "size": "74"}], "asks": [{"price": "0.99", "size": "1890.1"}, {"price": "0.98", "size": "1000"}, {"price": "0.97", "size": "9.45"}, {"price": "0.96", "size": "2300"}, {"price": "0.95", "size": "800"}, {"price": "0.91", "size": "344.44"}, {"price": "0.9", "size": "200"}, {"price": "0.89", "size": "1005.59"}, {"price": "0.88", "size": "300"}, {"price": "0.8", "size": "700"}, {"price": "0.75", "size": "400"}, {"price": "0.74", "size": "200"}, {"price": "0.7", "size": "300"}, {"price": "0.67", "size": "300"}, {"price": "0.64", "size": "187"}, {"price": "0.48", "size": "1105"}, {"price": "0.46", "size": "5"}, {"price": "0.45", "size": "5"}, {"price": "0.42", "size": "5"}], "event_type": "book", "last_trade_price": "0.380"}, {"market": "0x87c844b30b587e7fd0fa9de1e6cbd8ceda173ff3d773ec5fca345047e97663c5", "asset_id": "81328461840865453437537555939823283523335876676600916477509008200626009722000", "timestamp": "1769384062002", "hash": "d2a5ce4477ccb386ff324b25d082d4e515ea1bf3", "bids": [{"price": "0.01", "size": "138.15"}, {"price": "0.02", "size": "76.04"}, {"price": "0.04", "size": "21.19"}, {"price": "0.43", "size": "500"}, {"price": "0.45", "size": "100"}], "asks": [{"price": "0.99", "size": "138.12"}, {"price": "0.98", "size": "118.44"}, {"price": "0.55", "size": "500"}, {"price": "0.54", "size": "100"}], "event_type": "book", "last_trade_price": ""}, {"market": "0x87c844b30b587e7fd0fa9de1e6cbd8ceda173ff3d773ec5fca345047e97663c5", "asset_id": "27477604225498520875722470451761249779556987401301302829297066492819524175988", "timestamp": "1769384062002", "hash": "319e675622b1ce3f71481b716bf4fb5a82fd148e", "bids": [{"price": "0.01", "size": "138.12"}, {"price": "0.02", "size": "118.44"}, {"price": "0.45", "size": "500"}, {"price": "0.46", "size": "100"}], "asks": [{"price": "0.99", "size": "138.15"}, {"price": "0.98", "size": "76.04"}, {"price": "0.96", "size": "21.19"}, {"price": "0.57", "size": "500"}, {"price": "0.55", "size": "100"}], "event_type": "book", "last_trade_price": ""}, {"market": "0x946e937dd543d522f26675de159a81b671baf2673494cfe892d72f59b6a48d65", "asset_id": "30096860216428751849752731020220240501257311873820387581706587487048682309490", "timestamp": "1769384068481", "hash": "9544568e97e9e8d06cd402a7f26fd5e2905a4bc1", "bids": [{"price": "0.01", "size": "138.12"}, {"price": "0.02", "size": "76.01"}, {"price": "0.04", "size": "21.21"}, {"price": "0.45", "size": "1000"}, {"price": "0.46", "size": "100"}], "asks": [{"price": "0.99", "size": "138.18"}, {"price": "0.98", "size": "76.07"}, {"price": "0.96", "size": "21.16"}, {"price": "0.56", "size": "1100"}], "event_type": "book", "last_trade_price": ""}, {"market": "0xc713ebea2d3f3c75c22f360a55ceff5347416bc9ca58fdf77aab197792b8d912", "asset_id": "83235839729762820596328567738200871340764884192429856507108774760505261237496", "timestamp": "1769383649236", "hash": "521bd5e8bc6b81c67ac1992a1ab38da9eeb66595", "bids": [{"price": "0.01", "size": "138.12"}, {"price": "0.02", "size": "118.44"}, {"price": "0.46", "size": "100"}], "asks": [{"price": "0.99", "size": "138.18"}, {"price": "0.98", "size": "118.41"}, {"price": "0.56", "size": "100"}], "event_type": "book", "last_trade_price": ""}, {"market": "0xc713ebea2d3f3c75c22f360a55ceff5347416bc9ca58fdf77aab197792b8d912", "asset_id": "80284667136460174211607827009360915516808713819381922734543063233622845321786", "timestamp": "1769383649236", "hash": "069d5bfb4d6e4ea6e030c990efc182741681bdc3", "bids": [{"price": "0.01", "size": "138.18"}, {"price": "0.02", "size": "118.41"}, {"price": "0.44", "size": "100"}], "asks": [{"price": "0.99", "size": "138.12"}, {"price": "0.98", "size": "118.44"}, {"price": "0.54", "size": "100"}], "event_type": "book", "last_trade_price": ""}, {"market": "0x2f38e972648214a9faf442dfb13a3306ba2767ca2b43185da164e054283808bf", "asset_id": "53686121198056356961708765230174235914321565963241610922776651877875433998743", "timestamp": "1769384067758", "hash": "9ab899e0dff51e159b7359a9828d90074b5c9d53", "bids": [{"price": "0.01", "size": "1890.1"}, {"price": "0.02", "size": "1000"}, {"price": "0.03", "size": "9.45"}, {"price": "0.04", "size": "2300"}, {"price": "0.05", "size": "800"}, {"price": "0.09", "size": "344.44"}, {"price": "0.1", "size": "200"}, {"price": "0.11", "size": "1005.59"}, {"price": "0.12", "size": "300"}, {"price": "0.2", "size": "700"}, {"price": "0.25", "size": "400"}, {"price": "0.26", "size": "200"}, {"price": "0.3", "size": "300"}, {"price": "0.33", "size": "300"}, {"price": "0.36", "size": "187"}, {"price": "0.52", "size": "1105"}, {"price": "0.54", "size": "5"}, {"price": "0.55", "size": "5"}, {"price": "0.58", "size": "5"}], "asks": [{"price": "0.99", "size": "1890.01"}, {"price": "0.98", "size": "1000"}, {"price": "0.97", "size": "10.41"}, {"price": "0.96", "size": "2625"}, {"price": "0.94", "size": "1000"}, {"price": "0.92", "size": "68.75"}, {"price": "0.91", "size": "206.52"}, {"price": "0.9", "size": "103"}, {"price": "0.89", "size": "200"}, {"price": "0.65", "size": "205"}, {"price": "0.64", "size": "1183"}, {"price": "0.63", "size": "5"}, {"price": "0.62", "size": "74"}], "event_type": "book", "last_trade_price": "0.380"}]}
{"_local_timestamp": "2026-01-25T23:34:28.891582+00:00", "data": {"market": "0x946e937dd543d522f26675de159a81b671baf2673494cfe892d72f59b6a48d65", "price_changes": [{"asset_id": "30096860216428751849752731020220240501257311873820387581706587487048682309490", "price": "0.45", "size": "1000", "side": "BUY", "hash": "53c43d9d7a5013053cbda6624747dfb93cf71fc7", "best_bid": "0.46", "best_ask": "0.56"}, {"asset_id": "32326797912692418881793085135004847069627417506373303910110643211151890932437", "price": "0.55", "size": "1000", "side": "SELL", "hash": "2421d6049c5fc3ae045e3ad785f44a72ae1ebef5", "best_bid": "0.44", "best_ask": "0.54"}], "timestamp": "1769384068480", "event_type": "price_change"}}
{"_local_timestamp": "2026-01-25T23:34:28.894807+00:00", "data": {"market": "0x946e937dd543d522f26675de159a81b671baf2673494cfe892d72f59b6a48d65", "price_changes": [{"asset_id": "32326797912692418881793085135004847069627417506373303910110643211151890932437", "price": "0.44", "size": "1100", "side": "BUY", "hash": "e920e4c01c250a318212386a9de13a7a84b0750c", "best_bid": "0.44", "best_ask": "0.54"}, {"asset_id": "30096860216428751849752731020220240501257311873820387581706587487048682309490", "price": "0.56", "size": "1100", "side": "SELL", "hash": "9544568e97e9e8d06cd402a7f26fd5e2905a4bc1", "best_bid": "0.46", "best_ask": "0.56"}], "timestamp": "1769384068481", "event_type": "price_change"}}
{"_local_timestamp": "2026-01-25T23:34:29.164785+00:00", "data": {"market": "0x946e937dd543d522f26675de159a81b671baf2673494cfe892d72f59b6a48d65", "price_changes": [{"asset_id": "32326797912692418881793085135004847069627417506373303910110643211151890932437", "price": "0.44", "size": "600", "side": "BUY", "hash": "89895313d700248418922a50285153410ee9d101", "best_bid": "0.44", "best_ask": "0.54"}, {"asset_id": "30096860216428751849752731020220240501257311873820387581706587487048682309490", "price": "0.56", "size": "600", "side": "SELL", "hash": "97484e7bf5d77fc73338d23307feff3f9473a686", "best_bid": "0.46", "best_ask": "0.56"}], "timestamp": "1769384069001", "event_type": "price_change"}}
{"_local_timestamp": "2026-01-25T23:34:29.172459+00:00", "data": {"market": "0x946e937dd543d522f26675de159a81b671baf2673494cfe892d72f59b6a48d65", "price_changes": [{"asset_id": "30096860216428751849752731020220240501257311873820387581706587487048682309490", "price": "0.45", "size": "500", "side": "BUY", "hash": "d89be8fa451324d5c19cd955cf00c5e4c3f1f2ce", "best_bid": "0.46", "best_ask": "0.56"}, {"asset_id": "32326797912692418881793085135004847069627417506373303910110643211151890932437", "price": "0.55", "size": "500", "side": "SELL", "hash": "118ad4ddc3de8a487a6a07ae64c7e376fcf2a586", "best_bid": "0.44", "best_ask": "0.54"}], "timestamp": "1769384069004", "event_type": "price_change"}}
{"_local_timestamp": "2026-01-25T23:34:34.294101+00:00", "data": {"market": "0x2f38e972648214a9faf442dfb13a3306ba2767ca2b43185da164e054283808bf", "price_changes": [{"asset_id": "53686121198056356961708765230174235914321565963241610922776651877875433998743", "price": "0.36", "size": "0", "side": "BUY", "hash": "8223b84e8c75ac48784f8c458762e88b1a493d21", "best_bid": "0.58", "best_ask": "0.62"}, {"asset_id": "14522595131049267236332195965642891656236962715258897042595810607889013649709", "price": "0.64", "size": "0", "side": "SELL", "hash": "ae187f6cfc2603bb9da918dbcc7688dbb307b666", "best_bid": "0.38", "best_ask": "0.42"}], "timestamp": "1769384074212", "event_type": "price_change"}}
{"_local_timestamp": "2026-01-25T23:34:34.300128+00:00", "data": {"market": "0x2f38e972648214a9faf442dfb13a3306ba2767ca2b43185da164e054283808bf", "price_changes": [{"asset_id": "53686121198056356961708765230174235914321565963241610922776651877875433998743", "price": "0.35", "size": "183", "side": "BUY", "hash": "dde6ebd11d406c45bcc0538c2ddd28e28ce876e9", "best_bid": "0.58", "best_ask": "0.62"}, {"asset_id": "14522595131049267236332195965642891656236962715258897042595810607889013649709", "price": "0.65", "size": "183", "side": "SELL", "hash": "fde9c9dda0e7b2b2ee9b14970969f84fbf3134ac", "best_bid": "0.38", "best_ask": "0.42"}], "timestamp": "1769384074214", "event_type": "price_change"}}
{"_local_timestamp": "2026-01-25T23:34:36.283180+00:00", "data": {"market": "0x2f38e972648214a9faf442dfb13a3306ba2767ca2b43185da164e054283808bf", "price_changes": [{"asset_id": "53686121198056356961708765230174235914321565963241610922776651877875433998743", "price": "0.35", "size": "0", "side": "BUY", "hash": "2a3b0abaf816b0d8e80833b2a124fe4350200286", "best_bid": "0.58", "best_ask": "0.62"}, {"asset_id": "14522595131049267236332195965642891656236962715258897042595810607889013649709", "price": "0.65", "size": "0", "side": "SELL", "hash": "4af91531620da7968997704303b9f880d97132ba", "best_bid": "0.38", "best_ask": "0.42"}], "timestamp": "1769384076215", "event_type": "price_change"}}
{"_local_timestamp": "2026-01-25T23:34:36.283627+00:00", "data": {"market": "0x2f38e972648214a9faf442dfb13a3306ba2767ca2b43185da164e054283808bf", "price_changes": [{"asset_id": "53686121198056356961708765230174235914321565963241610922776651877875433998743", "price": "0.36", "size": "183", "side": "BUY", "hash": "344f01d2640f46d365a2b2bc8fe152cfa7d9c0b9", "best_bid": "0.58", "best_ask": "0.62"}, {"asset_id": "14522595131049267236332195965642891656236962715258897042595810607889013649709", "price": "0.64", "size": "183", "side": "SELL", "hash": "dfa4ebf57d895d2c90b1e2f070e5e096133007ad", "best_bid": "0.38", "best_ask": "0.42"}], "timestamp": "1769384076216", "event_type": "price_change"}}
{"_local_timestamp": "2026-01-25T23:34:39.059482+00:00", "data": {"market": "0x2f38e972648214a9faf442dfb13a3306ba2767ca2b43185da164e054283808bf", "price_changes": [{"asset_id": "53686121198056356961708765230174235914321565963241610922776651877875433998743", "price": "0.09", "size": "144.44", "side": "BUY", "hash": "ed1e50e05653f297c0722a62e47e4d1ac8e87da2", "best_bid": "0.58", "best_ask": "0.62"}, {"asset_id": "14522595131049267236332195965642891656236962715258897042595810607889013649709", "price": "0.91", "size": "144.44", "side": "SELL", "hash": "1ea6db58c7dbc3771def9841c41eef899eeee3c4", "best_bid": "0.38", "best_ask": "0.42"}], "timestamp": "1769384078974", "event_type": "price_change"}}
{"_local_timestamp": "2026-01-25T23:34:39.357537+00:00", "data": {"market": "0x2f38e972648214a9faf442dfb13a3306ba2767ca2b43185da164e054283808bf", "price_changes": [{"asset_id": "53686121198056356961708765230174235914321565963241610922776651877875433998743", "price": "0.1", "size": "400", "side": "BUY", "hash": "d65b73cbceab50720973225e26c2a4b67f30e7a4", "best_bid": "0.58", "best_ask": "0.62"}, {"asset_id": "14522595131049267236332195965642891656236962715258897042595810607889013649709", "price": "0.9", "size": "400", "side": "SELL", "hash": "7311acb66a1857efe619a410f35bd0946e5579fd", "best_bid": "0.38", "best_ask": "0.42"}], "timestamp": "1769384079219", "event_type": "price_change"}}
{"_local_timestamp": "2026-01-25T23:34:43.166977+00:00", "data": {"market": "0x2f38e972648214a9faf442dfb13a3306ba2767ca2b43185da164e054283808bf", "price_changes": [{"asset_id": "14522595131049267236332195965642891656236962715258897042595810607889013649709", "price": "0.11", "size": "300", "side": "BUY", "hash": "a00c7c7d912a33d3703f5df49fbdcffb5076af62", "best_bid": "0.38", "best_ask": "0.42"}, {"asset_id": "53686121198056356961708765230174235914321565963241610922776651877875433998743", "price": "0.89", "size": "300", "side": "SELL", "hash": "a7d0d4d6c90c399b4ecb88a56f919aff162561df", "best_bid": "0.58", "best_ask": "0.62"}], "timestamp": "1769384083073", "event_type": "price_change"}}
{"_local_timestamp": "2026-01-25T23:34:43.190753+00:00", "data": {"market": "0x2f38e972648214a9faf442dfb13a3306ba2767ca2b43185da164e054283808bf", "price_changes": [{"asset_id": "14522595131049267236332195965642891656236962715258897042595810607889013649709", "price": "0.09", "size": "6.52", "side": "BUY", "hash": "495c665d4c46b64f20580da82a09999841788ff8", "best_bid": "0.38", "best_ask": "0.42"}, {"asset_id": "53686121198056356961708765230174235914321565963241610922776651877875433998743", "price": "0.91", "size": "6.52", "side": "SELL", "hash": "6ba0f08f622af2054ee6aa9ca04f0c6936c5dcc7", "best_bid": "0.58", "best_ask": "0.62"}], "timestamp": "1769384083120", "event_type": "price_change"}}
{"_local_timestamp": "2026-01-25T23:34:56.241541+00:00", "data": {"market": "0x2f38e972648214a9faf442dfb13a3306ba2767ca2b43185da164e054283808bf", "price_changes": [{"asset_id": "53686121198056356961708765230174235914321565963241610922776651877875433998743", "price": "0.36", "size": "0", "side": "BUY", "hash": "a6f05d1549169b2b50c7410c5fc25907ddba3505", "best_bid": "0.58", "best_ask": "0.62"}, {"asset_id": "14522595131049267236332195965642891656236962715258897042595810607889013649709", "price": "0.64", "size": "0", "side": "SELL", "hash": "43344253ef258058e492403539d0160d08321737", "best_bid": "0.38", "best_ask": "0.42"}], "timestamp": "1769384096091", "event_type": "price_change"}}
{"_local_timestamp": "2026-01-25T23:34:56.242464+00:00", "data": {"market": "0x2f38e972648214a9faf442dfb13a3306ba2767ca2b43185da164e054283808bf", "price_changes": [{"asset_id": "53686121198056356961708765230174235914321565963241610922776651877875433998743", "price": "0.35", "size": "183", "side": "BUY", "hash": "1ffbe327d53b1626a3867a8fc57b424e7c1ae62f", "best_bid": "0.58", "best_ask": "0.62"}, {"asset_id": "14522595131049267236332195965642891656236962715258897042595810607889013649709", "price": "0.65", "size": "183", "side": "SELL", "hash": "8d5b205d096669151e53a10ad0d7b84aef506414", "best_bid": "0.38", "best_ask": "0.42"}], "timestamp": "1769384096092", "event_type": "price_change"}}
{"_local_timestamp": "2026-01-25T23:35:17.223285+00:00", "data": {"market": "0xc713ebea2d3f3c75c22f360a55ceff5347416bc9ca58fdf77aab197792b8d912", "price_changes": [{"asset_id": "80284667136460174211607827009360915516808713819381922734543063233622845321786", "price": "0.02", "size": "71", "side": "BUY", "hash": "7d0220055f203c201fb35878895b833ca95685c3", "best_bid": "0.44", "best_ask": "0.54"}, {"asset_id": "83235839729762820596328567738200871340764884192429856507108774760505261237496", "price": "0.98", "size": "71", "side": "SELL", "hash": "26b978f2859a3a73a61c33f5c2367d30a64fd915", "best_bid": "0.46", "best_ask": "0.56"}], "timestamp": "1769384117145", "event_type": "price_change"}}
{"_local_timestamp": "2026-01-25T23:35:17.224529+00:00", "data": {"market": "0x946e937dd543d522f26675de159a81b671baf2673494cfe892d72f59b6a48d65", "price_changes": [{"asset_id": "32326797912692418881793085135004847069627417506373303910110643211151890932437", "price": "0.02", "size": "71", "side": "BUY", "hash": "a0604d5f298a176ede30a725a6c3a1c9799f7366", "best_bid": "0.44", "best_ask": "0.54"}, {"asset_id": "30096860216428751849752731020220240501257311873820387581706587487048682309490", "price": "0.98", "size": "71", "side": "SELL", "hash": "f801af8a349f7d53a5961bea31376bc5f67fdce9", "best_bid": "0.46", "best_ask": "0.56"}], "timestamp": "1769384117145", "event_type": "price_change"}}
{"_local_timestamp": "2026-01-25T23:35:17.224848+00:00", "data": {"market": "0xc713ebea2d3f3c75c22f360a55ceff5347416bc9ca58fdf77aab197792b8d912", "price_changes": [{"asset_id": "83235839729762820596328567738200871340764884192429856507108774760505261237496", "price": "0.02", "size": "71", "side": "BUY", "hash": "86424088ff6ee370b6cba61a593c5c290b5cedde", "best_bid": "0.46", "best_ask": "0.56"}, {"asset_id": "80284667136460174211607827009360915516808713819381922734543063233622845321786", "price": "0.98", "size": "71", "side": "SELL", "hash": "65812158da1d15dd8be56aaba1d38da4f0cd119e", "best_bid": "0.44", "best_ask": "0.54"}], "timestamp": "1769384117145", "event_type": "price_change"}}
{"_local_timestamp": "2026-01-25T23:35:17.225213+00:00", "data": {"market": "0x946e937dd543d522f26675de159a81b671baf2673494cfe892d72f59b6a48d65", "price_changes": [{"asset_id": "32326797912692418881793085135004847069627417506373303910110643211151890932437", "price": "0.04", "size": "0", "side": "BUY", "hash": "a0604d5f298a176ede30a725a6c3a1c9799f7366", "best_bid": "0.44", "best_ask": "0.54"}, {"asset_id": "30096860216428751849752731020220240501257311873820387581706587487048682309490", "price": "0.96", "size": "0", "side": "SELL", "hash": "f801af8a349f7d53a5961bea31376bc5f67fdce9", "best_bid": "0.46", "best_ask": "0.56"}], "timestamp": "1769384117145", "event_type": "price_change"}}
{"_local_timestamp": "2026-01-25T23:35:17.225507+00:00", "data": {"market": "0x946e937dd543d522f26675de159a81b671baf2673494cfe892d72f59b6a48d65", "price_changes": [{"asset_id": "30096860216428751849752731020220240501257311873820387581706587487048682309490", "price": "0.02", "size": "71", "side": "BUY", "hash": "a7663efa556fe41c9c1b22f6cf7dc3b71195043f", "best_bid": "0.46", "best_ask": "0.56"}, {"asset_id": "32326797912692418881793085135004847069627417506373303910110643211151890932437", "price": "0.98", "size": "71", "side": "SELL", "hash": "18316fbfe237b1589e4b791237943ad13f2013bf", "best_bid": "0.44", "best_ask": "0.54"}], "timestamp": "1769384117145", "event_type": "price_change"}}
{"_local_timestamp": "2026-01-25T23:35:17.225792+00:00", "data": {"market": "0x946e937dd543d522f26675de159a81b671baf2673494cfe892d72f59b6a48d65", "price_changes": [{"asset_id": "30096860216428751849752731020220240501257311873820387581706587487048682309490", "price": "0.04", "size": "0", "side": "BUY", "hash": "a7663efa556fe41c9c1b22f6cf7dc3b71195043f", "best_bid": "0.46", "best_ask": "0.56"}, {"asset_id": "32326797912692418881793085135004847069627417506373303910110643211151890932437", "price": "0.96", "size": "0", "side": "SELL", "hash": "18316fbfe237b1589e4b791237943ad13f2013bf", "best_bid": "0.44", "best_ask": "0.54"}], "timestamp": "1769384117145", "event_type": "price_change"}}
{"_local_timestamp": "2026-01-25T23:35:17.639987+00:00", "data": {"market": "0x87c844b30b587e7fd0fa9de1e6cbd8ceda173ff3d773ec5fca345047e97663c5", "price_changes": [{"asset_id": "27477604225498520875722470451761249779556987401301302829297066492819524175988", "price": "0.02", "size": "71", "side": "BUY", "hash": "23d810658a3562ee8c80de46d3729e769aff488e", "best_bid": "0.46", "best_ask": "0.55"}, {"asset_id": "81328461840865453437537555939823283523335876676600916477509008200626009722000", "price": "0.98", "size": "71", "side": "SELL", "hash": "8e38e2175f9e1d0f864b195aad094cf6a5921d4b", "best_bid": "0.45", "best_ask": "0.54"}], "timestamp": "1769384117570", "event_type": "price_change"}}
{"_local_timestamp": "2026-01-25T23:35:17.640375+00:00", "data": {"market": "0x87c844b30b587e7fd0fa9de1e6cbd8ceda173ff3d773ec5fca345047e97663c5", "price_changes": [{"asset_id": "81328461840865453437537555939823283523335876676600916477509008200626009722000", "price": "0.02", "size": "71", "side": "BUY", "hash": "831e867f6588de0d3123941da0172f7377ddce8f", "best_bid": "0.45", "best_ask": "0.54"}, {"asset_id": "27477604225498520875722470451761249779556987401301302829297066492819524175988", "price": "0.98", "size": "71", "side": "SELL", "hash": "fd1acf78f7bb72b60e826c5a902bc3bc7c04a428", "best_bid": "0.46", "best_ask": "0.55"}], "timestamp": "1769384117570", "event_type": "price_change"}}
{"_local_timestamp": "2026-01-25T23:35:17.640684+00:00", "data": {"market": "0x87c844b30b587e7fd0fa9de1e6cbd8ceda173ff3d773ec5fca345047e97663c5", "price_changes": [{"asset_id": "81328461840865453437537555939823283523335876676600916477509008200626009722000", "price": "0.04", "size": "0", "side": "BUY", "hash": "831e867f6588de0d3123941da0172f7377ddce8f", "best_bid": "0.45", "best_ask": "0.54"}, {"asset_id": "27477604225498520875722470451761249779556987401301302829297066492819524175988", "price": "0.96", "size": "0", "side": "SELL", "hash": "fd1acf78f7bb72b60e826c5a902bc3bc7c04a428", "best_bid": "0.46", "best_ask": "0.55"}], "timestamp": "1769384117570", "event_type": "price_change"}}
{"_local_timestamp": "2026-01-25T23:35:18.940230+00:00", "data": {"market": "0xc713ebea2d3f3c75c22f360a55ceff5347416bc9ca58fdf77aab197792b8d912", "price_changes": [{"asset_id": "80284667136460174211607827009360915516808713819381922734543063233622845321786", "price": "0.01", "size": "143.63", "side": "BUY", "hash": "1876245758aec182fa34f1cf959ce0f12e4e8892", "best_bid": "0.44", "best_ask": "0.54"}, {"asset_id": "83235839729762820596328567738200871340764884192429856507108774760505261237496", "price": "0.99", "size": "143.63", "side": "SELL", "hash": "50281fa12fb92537c0204889ea825d67183d4d7b", "best_bid": "0.46", "best_ask": "0.56"}], "timestamp": "1769384118871", "event_type": "price_change"}}
{"_local_timestamp": "2026-01-25T23:35:18.940630+00:00", "data": {"market": "0x946e937dd543d522f26675de159a81b671baf2673494cfe892d72f59b6a48d65", "price_changes": [{"asset_id": "30096860216428751849752731020220240501257311873820387581706587487048682309490", "price": "0.03", "size": "29.82", "side": "BUY", "hash": "db10a97e45b67b01378be8b39b653e1a550b375a", "best_bid": "0.46", "best_ask": "0.56"}, {"asset_id": "32326797912692418881793085135004847069627417506373303910110643211151890932437", "price": "0.97", "size": "29.82", "side": "SELL", "hash": "cb3febcaf73ed82da64e729fdec265b9dd413f2c", "best_bid": "0.44", "best_ask": "0.54"}], "timestamp": "1769384118871", "event_type": "price_change"}}
{"_local_timestamp": "2026-01-25T23:35:18.957285+00:00", "data": {"market": "0xc713ebea2d3f3c75c22f360a55ceff5347416bc9ca58fdf77aab197792b8d912", "price_changes": [{"asset_id": "80284667136460174211607827009360915516808713819381922734543063233622845321786", "price": "0.03", "size": "29.78", "side": "BUY", "hash": "377497a6f711df6773997b21d40807092db2f082", "best_bid": "0.44", "best_ask": "0.54"}, {"asset_id": "83235839729762820596328567738200871340764884192429856507108774760505261237496", "price": "0.97", "size": "29.78", "side": "SELL", "hash": "38b924c6f57309a1b50aa591cf3ed1fd3820635e", "best_bid": "0.46", "best_ask": "0.56"}], "timestamp": "1769384118872", "event_type": "price_change"}}
{"_local_timestamp": "2026-01-25T23:35:18.957971+00:00", "data": {"market": "0x946e937dd543d522f26675de159a81b671baf2673494cfe892d72f59b6a48d65", "price_changes": [{"asset_id": "32326797912692418881793085135004847069627417506373303910110643211151890932437", "price": "0.03", "size": "29.78", "side": "BUY", "hash": "13a26effd44579a70f96ec2d8d60ae5b2d2c8152", "best_bid": "0.44", "best_ask": "0.54"}, {"asset_id": "30096860216428751849752731020220240501257311873820387581706587487048682309490", "price": "0.97", "size": "29.78", "side": "SELL", "hash": "3e106b31e1f615a7b9ddd9346832b80a163792f0", "best_bid": "0.46", "best_ask": "0.56"}], "timestamp": "1769384118872", "event_type": "price_change"}}
{"_local_timestamp": "2026-01-25T23:35:18.958368+00:00", "data": {"market": "0xc713ebea2d3f3c75c22f360a55ceff5347416bc9ca58fdf77aab197792b8d912", "price_changes": [{"asset_id": "83235839729762820596328567738200871340764884192429856507108774760505261237496", "price": "0.01", "size": "143.51", "side": "BUY", "hash": "adfc499f60ec9920c7c0d2438612f256497f793e", "best_bid": "0.46", "best_ask": "0.56"}, {"asset_id": "80284667136460174211607827009360915516808713819381922734543063233622845321786", "price": "0.99", "size": "143.51", "side": "SELL", "hash": "4798456e7c5584f8a196c2c33bbb518ab3de832a", "best_bid": "0.44", "best_ask": "0.54"}], "timestamp": "1769384118873", "event_type": "price_change"}}
{"_local_timestamp": "2026-01-25T23:35:18.958789+00:00", "data": {"market": "0x946e937dd543d522f26675de159a81b671baf2673494cfe892d72f59b6a48d65", "price_changes": [{"asset_id": "30096860216428751849752731020220240501257311873820387581706587487048682309490", "price": "0.01", "size": "143.51", "side": "BUY", "hash": "c86fe1b3e4b0e868eb555370f0aebda25834d2ea", "best_bid": "0.46", "best_ask": "0.56"}, {"asset_id": "32326797912692418881793085135004847069627417506373303910110643211151890932437", "price": "0.99", "size": "143.51", "side": "SELL", "hash": "aa948cc87245fb0e00f500cf7a7440fe1000411f", "best_bid": "0.44", "best_ask": "0.54"}], "timestamp": "1769384118873", "event_type": "price_change"}}
{"_local_timestamp": "2026-01-25T23:35:18.959142+00:00", "data": {"market": "0xc713ebea2d3f3c75c22f360a55ceff5347416bc9ca58fdf77aab197792b8d912", "price_changes": [{"asset_id": "83235839729762820596328567738200871340764884192429856507108774760505261237496", "price": "0.03", "size": "29.82", "side": "BUY", "hash": "0c0172a5fc5bc494a9eb9573c0188f9f37944bc8", "best_bid": "0.46", "best_ask": "0.56"}, {"asset_id": "80284667136460174211607827009360915516808713819381922734543063233622845321786", "price": "0.97", "size": "29.82", "side": "SELL", "hash": "42a2229839ac42d3b34d6c737de7a5282e6a2c15", "best_bid": "0.44", "best_ask": "0.54"}], "timestamp": "1769384118873", "event_type": "price_change"}}
{"_local_timestamp": "2026-01-25T23:35:18.959463+00:00", "data": {"market": "0x946e937dd543d522f26675de159a81b671baf2673494cfe892d72f59b6a48d65", "price_changes": [{"asset_id": "32326797912692418881793085135004847069627417506373303910110643211151890932437", "price": "0.01", "size": "143.63", "side": "BUY", "hash": "5d355287ef786f381c529785944972e15118c4d1", "best_bid": "0.44", "best_ask": "0.54"}, {"asset_id": "30096860216428751849752731020220240501257311873820387581706587487048682309490", "price": "0.99", "size": "143.63", "side": "SELL", "hash": "7a72f277d47e2fc040e822bdf55e1cafaea93f06", "best_bid": "0.46", "best_ask": "0.56"}], "timestamp": "1769384118874", "event_type": "price_change"}}
{"_local_timestamp": "2026-01-25T23:35:19.473429+00:00", "data": {"market": "0x87c844b30b587e7fd0fa9de1e6cbd8ceda173ff3d773ec5fca345047e97663c5", "price_changes": [{"asset_id": "27477604225498520875722470451761249779556987401301302829297066492819524175988", "price": "0.01", "size": "143.51", "side": "BUY", "hash": "474edf3550c24f5ee5872b3f7a59ba6af979f076", "best_bid": "0.46", "best_ask": "0.55"}, {"asset_id": "81328461840865453437537555939823283523335876676600916477509008200626009722000", "price": "0.99", "size": "143.51", "side": "SELL", "hash": "0ed4d3d73e196a61863b3b356a0dff98739ddcc4", "best_bid": "0.45", "best_ask": "0.54"}], "timestamp": "1769384119398", "event_type": "price_change"}}
{"_local_timestamp": "2026-01-25T23:35:19.474415+00:00", "data": {"market": "0x87c844b30b587e7fd0fa9de1e6cbd8ceda173ff3d773ec5fca345047e97663c5", "price_changes": [{"asset_id": "27477604225498520875722470451761249779556987401301302829297066492819524175988", "price": "0.03", "size": "29.82", "side": "BUY", "hash": "dae6129949bdc1bf15cc55b3edb020e655d4b55c", "best_bid": "0.46", "best_ask": "0.55"}, {"asset_id": "81328461840865453437537555939823283523335876676600916477509008200626009722000", "price": "0.97", "size": "29.82", "side": "SELL", "hash": "b75e3a4d844187a7a2995e8e94cef3d7102ce0f9", "best_bid": "0.45", "best_ask": "0.54"}], "timestamp": "1769384119399", "event_type": "price_change"}}
{"_local_timestamp": "2026-01-25T23:35:19.474841+00:00", "data": {"market": "0x87c844b30b587e7fd0fa9de1e6cbd8ceda173ff3d773ec5fca345047e97663c5", "price_changes": [{"asset_id": "81328461840865453437537555939823283523335876676600916477509008200626009722000", "price": "0.01", "size": "143.57", "side": "BUY", "hash": "87de57280f18a6971ae3a0cf047e4f7e8ee9c5d1", "best_bid": "0.45", "best_ask": "0.54"}, {"asset_id": "27477604225498520875722470451761249779556987401301302829297066492819524175988", "price": "0.99", "size": "143.57", "side": "SELL", "hash": "ad8483744f42081325b7101eba87e7b8ae829286", "best_bid": "0.46", "best_ask": "0.55"}], "timestamp": "1769384119400", "event_type": "price_change"}}
{"_local_timestamp": "2026-01-25T23:35:19.475246+00:00", "data": {"market": "0x87c844b30b587e7fd0fa9de1e6cbd8ceda173ff3d773ec5fca345047e97663c5", "price_changes": [{"asset_id": "81328461840865453437537555939823283523335876676600916477509008200626009722000", "price": "0.03", "size": "29.8", "side": "BUY", "hash": "f481d27ad89304f66288d96c795d645f09d9daab", "best_bid": "0.45", "best_ask": "0.54"}, {"asset_id": "27477604225498520875722470451761249779556987401301302829297066492819524175988", "price": "0.97", "size": "29.8", "side": "SELL", "hash": "b7bf8538f507d5c3e2aa51024b5197608130dd69", "best_bid": "0.46", "best_ask": "0.55"}], "timestamp": "1769384119401", "event_type": "price_change"}}
{"_local_timestamp": "2026-01-25T23:35:21.362211+00:00", "data": {"market": "0x87c844b30b587e7fd0fa9de1e6cbd8ceda173ff3d773ec5fca345047e97663c5", "price_changes": [{"asset_id": "27477604225498520875722470451761249779556987401301302829297066492819524175988", "price": "0.45", "size": "1000", "side": "BUY", "hash": "5b76f164468dfdd3cde0705e752fcf7d7ec798e6", "best_bid": "0.46", "best_ask": "0.55"}, {"asset_id": "81328461840865453437537555939823283523335876676600916477509008200626009722000", "price": "0.55", "size": "1000", "side": "SELL", "hash": "20aa0cb1ada2213ce9c9982b64d24a785359d9ca", "best_bid": "0.45", "best_ask": "0.54"}], "timestamp": "1769384121299", "event_type": "price_change"}}
{"_local_timestamp": "2026-01-25T23:35:21.365563+00:00", "data": {"market": "0x2f38e972648214a9faf442dfb13a3306ba2767ca2b43185da164e054283808bf", "price_changes": [{"asset_id": "53686121198056356961708765230174235914321565963241610922776651877875433998743", "price": "0.52", "size": "2105", "side": "BUY", "hash": "e06bcc42942b90be68040a2c4a022512b3e07b97", "best_bid": "0.58", "best_ask": "0.62"}, {"asset_id": "14522595131049267236332195965642891656236962715258897042595810607889013649709", "price": "0.48", "size": "2105", "side": "SELL", "hash": "d2a29c3a07d403b207f45324e826f6e62b690cff", "best_bid": "0.38", "best_ask": "0.42"}], "timestamp": "1769384121299", "event_type": "price_change"}}
{"_local_timestamp": "2026-01-25T23:35:21.365920+00:00", "data": {"market": "0x2f38e972648214a9faf442dfb13a3306ba2767ca2b43185da164e054283808bf", "price_changes": [{"asset_id": "14522595131049267236332195965642891656236962715258897042595810607889013649709", "price": "0.36", "size": "2183", "side": "BUY", "hash": "9823bd4adbebbcc5b2f2a342906e59d943d70a91", "best_bid": "0.38", "best_ask": "0.42"}, {"asset_id": "53686121198056356961708765230174235914321565963241610922776651877875433998743", "price": "0.64", "size": "2183", "side": "SELL", "hash": "f7d624ef41e253e72962f46c4974654322b82d5a", "best_bid": "0.58", "best_ask": "0.62"}], "timestamp": "1769384121300", "event_type": "price_change"}}
{"_local_timestamp": "2026-01-25T23:35:21.366294+00:00", "data": {"market": "0x87c844b30b587e7fd0fa9de1e6cbd8ceda173ff3d773ec5fca345047e97663c5", "price_changes": [{"asset_id": "81328461840865453437537555939823283523335876676600916477509008200626009722000", "price": "0.43", "size": "1000", "side": "BUY", "hash": "8696317a8c1d2fb7bdb4d03fbc13bc651b359545", "best_bid": "0.45", "best_ask": "0.54"}, {"asset_id": "27477604225498520875722470451761249779556987401301302829297066492819524175988", "price": "0.57", "size": "1000", "side": "SELL", "hash": "c10ca781d89d1af7c3ccbc2d3957accaea153b16", "best_bid": "0.46", "best_ask": "0.55"}], "timestamp": "1769384121300", "event_type": "price_change"}}
{"_local_timestamp": "2026-01-25T23:35:22.065683+00:00", "data": {"market": "0x87c844b30b587e7fd0fa9de1e6cbd8ceda173ff3d773ec5fca345047e97663c5", "price_changes": [{"asset_id": "81328461840865453437537555939823283523335876676600916477509008200626009722000", "price": "0.43", "size": "500", "side": "BUY", "hash": "7a6a4c198f7783c5467f1d46e86544aac87c802d", "best_bid": "0.45", "best_ask": "0.54"}, {"asset_id": "27477604225498520875722470451761249779556987401301302829297066492819524175988", "price": "0.57", "size": "500", "side": "SELL", "hash": "23defe041368ac5874e787cdbcf52f6eb8c225d2", "best_bid": "0.46", "best_ask": "0.55"}], "timestamp": "1769384122000", "event_type": "price_change"}}
{"_local_timestamp": "2026-01-25T23:35:22.077442+00:00", "data": {"market": "0x2f38e972648214a9faf442dfb13a3306ba2767ca2b43185da164e054283808bf", "price_changes": [{"asset_id": "14522595131049267236332195965642891656236962715258897042595810607889013649709", "price": "0.36", "size": "1183", "side": "BUY", "hash": "aefa9da71406203a9949975b042c5b661b046b2a", "best_bid": "0.38", "best_ask": "0.42"}, {"asset_id": "53686121198056356961708765230174235914321565963241610922776651877875433998743", "price": "0.64", "size": "1183", "side": "SELL", "hash": "22aae56424c58f087c6f8dfdafb340f377274b09", "best_bid": "0.58", "best_ask": "0.62"}], "timestamp": "1769384122001", "event_type": "price_change"}}
{"_local_timestamp": "2026-01-25T23:35:22.093475+00:00", "data": {"market": "0x2f38e972648214a9faf442dfb13a3306ba2767ca2b43185da164e054283808bf", "price_changes": [{"asset_id": "53686121198056356961708765230174235914321565963241610922776651877875433998743", "price": "0.52", "size": "1105", "side": "BUY", "hash": "285d4ba1b359fa86c2daa1b45ec001745e38f927", "best_bid": "0.58", "best_ask": "0.62"}, {"asset_id": "14522595131049267236332195965642891656236962715258897042595810607889013649709", "price": "0.48", "size": "1105", "side": "SELL", "hash": "d028520f9242c44eedd0dcd8950c23b133a0ae69", "best_bid": "0.38", "best_ask": "0.42"}], "timestamp": "1769384122003", "event_type": "price_change"}}
{"_local_timestamp": "2026-01-25T23:35:22.101031+00:00", "data": {"market": "0x87c844b30b587e7fd0fa9de1e6cbd8ceda173ff3d773ec5fca345047e97663c5", "price_changes": [{"asset_id": "27477604225498520875722470451761249779556987401301302829297066492819524175988", "price": "0.45", "size": "500", "side": "BUY", "hash": "2ecc6cdc553e4cc6d1b7e0a839a930b6553a0cd4", "best_bid": "0.46", "best_ask": "0.55"}, {"asset_id": "81328461840865453437537555939823283523335876676600916477509008200626009722000", "price": "0.55", "size": "500", "side": "SELL", "hash": "e09fa86709891cf3a93ed75ca613667be5617041", "best_bid": "0.45", "best_ask": "0.54"}], "timestamp": "1769384122004", "event_type": "price_change"}}
{"_local_timestamp": "2026-01-25T23:35:23.199202+00:00", "data": {"market": "0x2f38e972648214a9faf442dfb13a3306ba2767ca2b43185da164e054283808bf", "price_changes": [{"asset_id": "53686121198056356961708765230174235914321565963241610922776651877875433998743", "price": "0.36", "size": "183", "side": "BUY", "hash": "5b9a7f2b5dfbf4221a59109c5749741f93174c73", "best_bid": "0.58", "best_ask": "0.62"}, {"asset_id": "14522595131049267236332195965642891656236962715258897042595810607889013649709", "price": "0.64", "size": "183", "side": "SELL", "hash": "178f7db42997528537e12eda8bbbbd2fad57ff0b", "best_bid": "0.38", "best_ask": "0.42"}], "timestamp": "1769384123135", "event_type": "price_change"}}
{"_local_timestamp": "2026-01-25T23:35:23.203306+00:00", "data": {"market": "0x2f38e972648214a9faf442dfb13a3306ba2767ca2b43185da164e054283808bf", "price_changes": [{"asset_id": "53686121198056356961708765230174235914321565963241610922776651877875433998743", "price": "0.35", "size": "0", "side": "BUY", "hash": "b6f1fd6da0e8335f99a670c058d1ee51bf9b1ce7", "best_bid": "0.58", "best_ask": "0.62"}, {"asset_id": "14522595131049267236332195965642891656236962715258897042595810607889013649709", "price": "0.65", "size": "0", "side": "SELL", "hash": "b7d200e983805a6fade5d24685af406713177a96", "best_bid": "0.38", "best_ask": "0.42"}], "timestamp": "1769384123137", "event_type": "price_change"}}
{"_local_timestamp": "2026-01-25T23:35:26.130355+00:00", "data": {"market": "0x2f38e972648214a9faf442dfb13a3306ba2767ca2b43185da164e054283808bf", "price_changes": [{"asset_id": "53686121198056356961708765230174235914321565963241610922776651877875433998743", "price": "0.12", "size": "0", "side": "BUY", "hash": "a58b8d6e5f0a1e1f3086c888f6c047f2e23f2f80", "best_bid": "0.58", "best_ask": "0.62"}, {"asset_id": "14522595131049267236332195965642891656236962715258897042595810607889013649709", "price": "0.88", "size": "0", "side": "SELL", "hash": "1e756d3d6ad4b006c275b9c6327372d0aed3e72e", "best_bid": "0.38", "best_ask": "0.42"}], "timestamp": "1769384126068", "event_type": "price_change"}}
{"_local_timestamp": "2026-01-25T23:35:26.237955+00:00", "data": {"market": "0x2f38e972648214a9faf442dfb13a3306ba2767ca2b43185da164e054283808bf", "price_changes": [{"asset_id": "14522595131049267236332195965642891656236962715258897042595810607889013649709", "price": "0.1", "size": "0", "side": "BUY", "hash": "253469a9edf01b16f0167e1d312cbad50e421fbe", "best_bid": "0.38", "best_ask": "0.42"}, {"asset_id": "53686121198056356961708765230174235914321565963241610922776651877875433998743", "price": "0.9", "size": "0", "side": "SELL", "hash": "48cf3a7cf72e4a59c5d6d85abff2240e81fc1f07", "best_bid": "0.58", "best_ask": "0.62"}], "timestamp": "1769384126172", "event_type": "price_change"}}
{"_local_timestamp": "2026-01-25T23:35:26.282326+00:00", "data": {"market": "0x2f38e972648214a9faf442dfb13a3306ba2767ca2b43185da164e054283808bf", "price_changes": [{"asset_id": "14522595131049267236332195965642891656236962715258897042595810607889013649709", "price": "0.09", "size": "206.52", "side": "BUY", "hash": "15116f758fb8dc1d92a783aaa0676a31c84d239e", "best_bid": "0.38", "best_ask": "0.42"}, {"asset_id": "53686121198056356961708765230174235914321565963241610922776651877875433998743", "price": "0.91", "size": "206.52", "side": "SELL", "hash": "c6bd71afaff144f693b499829d9851d9783bad46", "best_bid": "0.58", "best_ask": "0.62"}], "timestamp": "1769384126210", "event_type": "price_change"}}
{"_local_timestamp": "2026-01-25T23:35:26.351115+00:00", "data": {"market": "0x87c844b30b587e7fd0fa9de1e6cbd8ceda173ff3d773ec5fca345047e97663c5", "price_changes": [{"asset_id": "27477604225498520875722470451761249779556987401301302829297066492819524175988", "price": "0.02", "size": "0", "side": "BUY", "hash": "65d64011459f2a5fcdda0c6ce64334cb497126b2", "best_bid": "0.46", "best_ask": "0.55"}, {"asset_id": "81328461840865453437537555939823283523335876676600916477509008200626009722000", "price": "0.98", "size": "0", "side": "SELL", "hash": "0404b3a02824c151719f30a1b021cd0bb1db2685", "best_bid": "0.45", "best_ask": "0.54"}], "timestamp": "1769384126282", "event_type": "price_change"}}
{"_local_timestamp": "2026-01-25T23:35:26.482968+00:00", "data": {"market": "0x87c844b30b587e7fd0fa9de1e6cbd8ceda173ff3d773ec5fca345047e97663c5", "price_changes": [{"asset_id": "81328461840865453437537555939823283523335876676600916477509008200626009722000", "price": "0.02", "size": "0", "side": "BUY", "hash": "92f1896dba4d87af4a8066f2552cf22ed520bc56", "best_bid": "0.45", "best_ask": "0.54"}, {"asset_id": "27477604225498520875722470451761249779556987401301302829297066492819524175988", "price": "0.98", "size": "0", "side": "SELL", "hash": "667ae72df45003ac101415d5dfee1dc80d81cac0", "best_bid": "0.46", "best_ask": "0.55"}], "timestamp": "1769384126400", "event_type": "price_change"}}
{"_local_timestamp": "2026-01-25T23:35:26.579839+00:00", "data": {"market": "0xc713ebea2d3f3c75c22f360a55ceff5347416bc9ca58fdf77aab197792b8d912", "price_changes": [{"asset_id": "80284667136460174211607827009360915516808713819381922734543063233622845321786", "price": "0.02", "size": "0", "side": "BUY", "hash": "342e370d741b9cf759281ac62c426466e3a6a090", "best_bid": "0.44", "best_ask": "0.54"}, {"asset_id": "83235839729762820596328567738200871340764884192429856507108774760505261237496", "price": "0.98", "size": "0", "side": "SELL", "hash": "79d0ad449db0e89d33acbb105ff8560b4ca8ec3e", "best_bid": "0.46", "best_ask": "0.56"}], "timestamp": "1769384126512", "event_type": "price_change"}}
{"_local_timestamp": "2026-01-25T23:35:26.815282+00:00", "data": {"market": "0xc713ebea2d3f3c75c22f360a55ceff5347416bc9ca58fdf77aab197792b8d912", "price_changes": [{"asset_id": "83235839729762820596328567738200871340764884192429856507108774760505261237496", "price": "0.02", "size": "0", "side": "BUY", "hash": "5c3bc5ef4f8e77f84a632206127e7e4574c5f9e8", "best_bid": "0.46", "best_ask": "0.56"}, {"asset_id": "80284667136460174211607827009360915516808713819381922734543063233622845321786", "price": "0.98", "size": "0", "side": "SELL", "hash": "ebede0a4658fbb5012264e7138c98396f1558cb1", "best_bid": "0.44", "best_ask": "0.54"}], "timestamp": "1769384126619", "event_type": "price_change"}}
{"_local_timestamp": "2026-01-25T23:35:26.875682+00:00", "data": {"market": "0x946e937dd543d522f26675de159a81b671baf2673494cfe892d72f59b6a48d65", "price_changes": [{"asset_id": "30096860216428751849752731020220240501257311873820387581706587487048682309490", "price": "0.02", "size": "0", "side": "BUY", "hash": "66b662e8cee8bdc8d913e62b747d15ac047dd4bb", "best_bid": "0.46", "best_ask": "0.56"}, {"asset_id": "32326797912692418881793085135004847069627417506373303910110643211151890932437", "price": "0.98", "size": "0", "side": "SELL", "hash": "213307731d247c8d7856b1cc4c4bfa1e59f1fabf", "best_bid": "0.44", "best_ask": "0.54"}], "timestamp": "1769384126725", "event_type": "price_change"}}
{"_local_timestamp": "2026-01-25T23:35:26.930789+00:00", "data": {"market": "0x946e937dd543d522f26675de159a81b671baf2673494cfe892d72f59b6a48d65", "price_changes": [{"asset_id": "32326797912692418881793085135004847069627417506373303910110643211151890932437", "price": "0.02", "size": "0", "side": "BUY", "hash": "6b240aab7d63ed76d9ede9c483d462baabc8712c", "best_bid": "0.44", "best_ask": "0.54"}, {"asset_id": "30096860216428751849752731020220240501257311873820387581706587487048682309490", "price": "0.98", "size": "0", "side": "SELL", "hash": "b9d57d5abe701634b93a36a1fd719bef3da9b217", "best_bid": "0.46", "best_ask": "0.56"}], "timestamp": "1769384126837", "event_type": "price_change"}}
{"_local_timestamp": "2026-01-25T23:35:28.591354+00:00", "data": {"market": "0x946e937dd543d522f26675de159a81b671baf2673494cfe892d72f59b6a48d65", "price_changes": [{"asset_id": "32326797912692418881793085135004847069627417506373303910110643211151890932437", "price": "0.44", "size": "1100", "side": "BUY", "hash": "8325c8f56e5a8689d9e26cd3ded05981fce19b13", "best_bid": "0.44", "best_ask": "0.54"}, {"asset_id": "30096860216428751849752731020220240501257311873820387581706587487048682309490", "price": "0.56", "size": "1100", "side": "SELL", "hash": "b6a37a0e96a2f22ac785c193758f8e337c5677bc", "best_bid": "0.46", "best_ask": "0.56"}], "timestamp": "1769384128523", "event_type": "price_change"}}
{"_local_timestamp": "2026-01-25T23:35:28.591918+00:00", "data": {"market": "0x946e937dd543d522f26675de159a81b671baf2673494cfe892d72f59b6a48d65", "price_changes": [{"asset_id": "30096860216428751849752731020220240501257311873820387581706587487048682309490", "price": "0.45", "size": "1000", "side": "BUY", "hash": "b049b2964c6b443a2241175d22ce20c39e595141", "best_bid": "0.46", "best_ask": "0.56"}, {"asset_id": "32326797912692418881793085135004847069627417506373303910110643211151890932437", "price": "0.55", "size": "1000", "side": "SELL", "hash": "adbe5711ad0f8dd1b71e88a5ebb82cbfb847f30a", "best_bid": "0.44", "best_ask": "0.54"}], "timestamp": "1769384128524", "event_type": "price_change"}}
{"_local_timestamp": "2026-01-25T23:35:29.067327+00:00", "data": {"market": "0x946e937dd543d522f26675de159a81b671baf2673494cfe892d72f59b6a48d65", "price_changes": [{"asset_id": "30096860216428751849752731020220240501257311873820387581706587487048682309490", "price": "0.45", "size": "500", "side": "BUY", "hash": "0b373c5f7029e4cbd8891067efe598fd9f1b4003", "best_bid": "0.46", "best_ask": "0.56"}, {"asset_id": "32326797912692418881793085135004847069627417506373303910110643211151890932437", "price": "0.55", "size": "500", "side": "SELL", "hash": "68f3229571de5810ed8e521a3d400a396b354659", "best_bid": "0.44", "best_ask": "0.54"}], "timestamp": "1769384129000", "event_type": "price_change"}}
{"_local_timestamp": "2026-01-25T23:35:29.075517+00:00", "data": {"market": "0x946e937dd543d522f26675de159a81b671baf2673494cfe892d72f59b6a48d65", "price_changes": [{"asset_id": "32326797912692418881793085135004847069627417506373303910110643211151890932437", "price": "0.44", "size": "600", "side": "BUY", "hash": "004ab12bdbfd7781672b0f999ba6e23d54fd0d14", "best_bid": "0.44", "best_ask": "0.54"}, {"asset_id": "30096860216428751849752731020220240501257311873820387581706587487048682309490", "price": "0.56", "size": "600", "side": "SELL", "hash": "b4c1ef8677b11aea54aa05594f7dfd3a24fcf048", "best_bid": "0.46", "best_ask": "0.56"}], "timestamp": "1769384129000", "event_type": "price_change"}}
{"_local_timestamp": "2026-01-25T23:36:12.270056+00:00", "data": {"market": "0x2f38e972648214a9faf442dfb13a3306ba2767ca2b43185da164e054283808bf", "price_changes": [{"asset_id": "14522595131049267236332195965642891656236962715258897042595810607889013649709", "price": "0.38", "size": "64", "side": "BUY", "hash": "b790d90d9ca4401b94748e8a3daa1b7b37de0a2e", "best_bid": "0.38", "best_ask": "0.42"}, {"asset_id": "53686121198056356961708765230174235914321565963241610922776651877875433998743", "price": "0.62", "size": "64", "side": "SELL", "hash": "ceb018ea7b8803dd3b9b407de68abf2f7e7af661", "best_bid": "0.58", "best_ask": "0.62"}], "timestamp": "1769384172197", "event_type": "price_change"}}
{"_local_timestamp": "2026-01-25T23:36:12.272349+00:00", "data": {"market": "0x2f38e972648214a9faf442dfb13a3306ba2767ca2b43185da164e054283808bf", "asset_id": "53686121198056356961708765230174235914321565963241610922776651877875433998743", "bids": [{"price": "0.01", "size": "1890.1"}, {"price": "0.02", "size": "1000"}, {"price": "0.03", "size": "9.45"}, {"price": "0.04", "size": "2300"}, {"price": "0.05", "size": "800"}, {"price": "0.09", "size": "144.44"}, {"price": "0.1", "size": "400"}, {"price": "0.11", "size": "1005.59"}, {"price": "0.2", "size": "700"}, {"price": "0.25", "size": "400"}, {"price": "0.26", "size": "200"}, {"price": "0.3", "size": "300"}, {"price": "0.33", "size": "300"}, {"price": "0.36", "size": "183"}, {"price": "0.52", "size": "1105"}, {"price": "0.54", "size": "5"}, {"price": "0.55", "size": "5"}, {"price": "0.58", "size": "5"}], "asks": [{"price": "0.99", "size": "1890.01"}, {"price": "0.98", "size": "1000"}, {"price": "0.97", "size": "10.41"}, {"price": "0.96", "size": "2625"}, {"price": "0.94", "size": "1000"}, {"price": "0.92", "size": "68.75"}, {"price": "0.91", "size": "206.52"}, {"price": "0.89", "size": "300"}, {"price": "0.65", "size": "205"}, {"price": "0.64", "size": "1183"}, {"price": "0.63", "size": "5"}, {"price": "0.62", "size": "64"}], "hash": "ceb018ea7b8803dd3b9b407de68abf2f7e7af661", "timestamp": "1769384172197", "event_type": "book"}}
{"_local_timestamp": "2026-01-25T23:36:12.273350+00:00", "data": {"market": "0x2f38e972648214a9faf442dfb13a3306ba2767ca2b43185da164e054283808bf", "asset_id": "14522595131049267236332195965642891656236962715258897042595810607889013649709", "bids": [{"price": "0.01", "size": "1890.01"}, {"price": "0.02", "size": "1000"}, {"price": "0.03", "size": "10.41"}, {"price": "0.04", "size": "2625"}, {"price": "0.06", "size": "1000"}, {"price": "0.08", "size": "68.75"}, {"price": "0.09", "size": "206.52"}, {"price": "0.11", "size": "300"}, {"price": "0.35", "size": "205"}, {"price": "0.36", "size": "1183"}, {"price": "0.37", "size": "5"}, {"price": "0.38", "size": "64"}], "asks": [{"price": "0.99", "size": "1890.1"}, {"price": "0.98", "size": "1000"}, {"price": "0.97", "size": "9.45"}, {"price": "0.96", "size": "2300"}, {"price": "0.95", "size": "800"}, {"price": "0.91", "size": "144.44"}, {"price": "0.9", "size": "400"}, {"price": "0.89", "size": "1005.59"}, {"price": "0.8", "size": "700"}, {"price": "0.75", "size": "400"}, {"price": "0.74", "size": "200"}, {"price": "0.7", "size": "300"}, {"price": "0.67", "size": "300"}, {"price": "0.64", "size": "183"}, {"price": "0.48", "size": "1105"}, {"price": "0.46", "size": "5"}, {"price": "0.45", "size": "5"}, {"price": "0.42", "size": "5"}], "hash": "b790d90d9ca4401b94748e8a3daa1b7b37de0a2e", "timestamp": "1769384172197", "event_type": "book"}}
{"_local_timestamp": "2026-01-25T23:36:12.291891+00:00", "data": {"market": "0x2f38e972648214a9faf442dfb13a3306ba2767ca2b43185da164e054283808bf", "asset_id": "53686121198056356961708765230174235914321565963241610922776651877875433998743", "price": "0.62", "size": "10", "fee_rate_bps": "0", "side": "BUY", "timestamp": "1769384172222", "event_type": "last_trade_price", "transaction_hash": "0xe2d554c62bf3068cd064b12b2bf59aeb3021cf255a3370a470a593dc6c247219"}}
{"_local_timestamp": "2026-01-25T23:36:12.582160+00:00", "data": {"market": "0x2f38e972648214a9faf442dfb13a3306ba2767ca2b43185da164e054283808bf", "price_changes": [{"asset_id": "53686121198056356961708765230174235914321565963241610922776651877875433998743", "price": "0.36", "size": "0", "side": "BUY", "hash": "467b5c47b61d58c4c113964929cd64b40e69428d", "best_bid": "0.58", "best_ask": "0.62"}, {"asset_id": "14522595131049267236332195965642891656236962715258897042595810607889013649709", "price": "0.64", "size": "0", "side": "SELL", "hash": "217866b3092a992e160e982ef0cc121e445594b5", "best_bid": "0.38", "best_ask": "0.42"}], "timestamp": "1769384172516", "event_type": "price_change"}}
{"_local_timestamp": "2026-01-25T23:36:12.583203+00:00", "data": {"market": "0x2f38e972648214a9faf442dfb13a3306ba2767ca2b43185da164e054283808bf", "price_changes": [{"asset_id": "53686121198056356961708765230174235914321565963241610922776651877875433998743", "price": "0.37", "size": "183", "side": "BUY", "hash": "a37773baf693aa746308692925c872593a8b17a6", "best_bid": "0.58", "best_ask": "0.62"}, {"asset_id": "14522595131049267236332195965642891656236962715258897042595810607889013649709", "price": "0.63", "size": "183", "side": "SELL", "hash": "8e0df054eaddfc6350cf208107aa53dd7a550e40", "best_bid": "0.38", "best_ask": "0.42"}], "timestamp": "1769384172519", "event_type": "price_change"}}
{"_local_timestamp": "2026-01-25T23:36:14.585050+00:00", "data": {"market": "0x2f38e972648214a9faf442dfb13a3306ba2767ca2b43185da164e054283808bf", "price_changes": [{"asset_id": "53686121198056356961708765230174235914321565963241610922776651877875433998743", "price": "0.38", "size": "183", "side": "BUY", "hash": "e8af47967cb0c39dc02cca9f1a697575d835e452", "best_bid": "0.58", "best_ask": "0.62"}, {"asset_id": "14522595131049267236332195965642891656236962715258897042595810607889013649709", "price": "0.62", "size": "183", "side": "SELL", "hash": "bd1b0f0a5498e9eaabce84a6580a82bef5c99d88", "best_bid": "0.38", "best_ask": "0.42"}], "timestamp": "1769384174516", "event_type": "price_change"}}
{"_local_timestamp": "2026-01-25T23:36:14.585793+00:00", "data": {"market": "0x2f38e972648214a9faf442dfb13a3306ba2767ca2b43185da164e054283808bf", "price_changes": [{"asset_id": "53686121198056356961708765230174235914321565963241610922776651877875433998743", "price": "0.37", "size": "0", "side": "BUY", "hash": "b9935be3c95c8c644bcf8850050a37a432fb2175", "best_bid": "0.58", "best_ask": "0.62"}, {"asset_id": "14522595131049267236332195965642891656236962715258897042595810607889013649709", "price": "0.63", "size": "0", "side": "SELL", "hash": "da94c21e1d6d7c5acaa04dd5b5afbe859a14908b", "best_bid": "0.38", "best_ask": "0.42"}], "timestamp": "1769384174517", "event_type": "price_change"}}
{"_local_timestamp": "2026-01-25T23:36:21.419733+00:00", "data": {"market": "0x2f38e972648214a9faf442dfb13a3306ba2767ca2b43185da164e054283808bf", "price_changes": [{"asset_id": "53686121198056356961708765230174235914321565963241610922776651877875433998743", "price": "0.52", "size": "2105", "side": "BUY", "hash": "fc1e1b7518415a228ae9b1d3523ed0c5c229f666", "best_bid": "0.58", "best_ask": "0.62"}, {"asset_id": "14522595131049267236332195965642891656236962715258897042595810607889013649709", "price": "0.48", "size": "2105", "side": "SELL", "hash": "6da977d3e5d430efb46599229c11d3753659cf94", "best_bid": "0.38", "best_ask": "0.42"}], "timestamp": "1769384181348", "event_type": "price_change"}}
{"_local_timestamp": "2026-01-25T23:36:21.423261+00:00", "data": {"market": "0x87c844b30b587e7fd0fa9de1e6cbd8ceda173ff3d773ec5fca345047e97663c5", "price_changes": [{"asset_id": "27477604225498520875722470451761249779556987401301302829297066492819524175988", "price": "0.45", "size": "1000", "side": "BUY", "hash": "bcc090c9dab503b78f92c94c5d33e1286b5ad0e2", "best_bid": "0.46", "best_ask": "0.55"}, {"asset_id": "81328461840865453437537555939823283523335876676600916477509008200626009722000", "price": "0.55", "size": "1000", "side": "SELL", "hash": "92cca50b86f156236de75c5eb22b60a04f986311", "best_bid": "0.45", "best_ask": "0.54"}], "timestamp": "1769384181351", "event_type": "price_change"}}
{"_local_timestamp": "2026-01-25T23:36:21.423871+00:00", "data": {"market": "0x87c844b30b587e7fd0fa9de1e6cbd8ceda173ff3d773ec5fca345047e97663c5", "price_changes": [{"asset_id": "81328461840865453437537555939823283523335876676600916477509008200626009722000", "price": "0.43", "size": "1000", "side": "BUY", "hash": "b54be5d5e35bfc08cc3f887be900bcebd39758af", "best_bid": "0.45", "best_ask": "0.54"}, {"asset_id": "27477604225498520875722470451761249779556987401301302829297066492819524175988", "price": "0.57", "size": "1000", "side": "SELL", "hash": "fdcebe30abd96a01c6a4fd2ccd571fd5ffd695b8", "best_bid": "0.46", "best_ask": "0.55"}], "timestamp": "1769384181352", "event_type": "price_change"}}
{"_local_timestamp": "2026-01-25T23:36:21.424313+00:00", "data": {"market": "0x2f38e972648214a9faf442dfb13a3306ba2767ca2b43185da164e054283808bf", "price_changes": [{"asset_id": "14522595131049267236332195965642891656236962715258897042595810607889013649709", "price": "0.36", "size": "2183", "side": "BUY", "hash": "9e5fa8472b631bd8a311b62ea906b74e265677bc", "best_bid": "0.38", "best_ask": "0.42"}, {"asset_id": "53686121198056356961708765230174235914321565963241610922776651877875433998743", "price": "0.64", "size": "2183", "side": "SELL", "hash": "2721faf803de04ae9c4a0737ecfeba1c8d8f498f", "best_bid": "0.58", "best_ask": "0.62"}], "timestamp": "1769384181353", "event_type": "price_change"}}
{"_local_timestamp": "2026-01-25T23:36:22.061922+00:00", "data": {"market": "0x2f38e972648214a9faf442dfb13a3306ba2767ca2b43185da164e054283808bf", "price_changes": [{"asset_id": "14522595131049267236332195965642891656236962715258897042595810607889013649709", "price": "0.36", "size": "1183", "side": "BUY", "hash": "664ccbf1b805532198a260651bc1458c98698dbf", "best_bid": "0.38", "best_ask": "0.42"}, {"asset_id": "53686121198056356961708765230174235914321565963241610922776651877875433998743", "price": "0.64", "size": "1183", "side": "SELL", "hash": "35ccde023378d6de3f444a03707cb2ff49e93d84", "best_bid": "0.58", "best_ask": "0.62"}], "timestamp": "1769384182000", "event_type": "price_change"}}
{"_local_timestamp": "2026-01-25T23:36:22.066817+00:00", "data": {"market": "0x87c844b30b587e7fd0fa9de1e6cbd8ceda173ff3d773ec5fca345047e97663c5", "price_changes": [{"asset_id": "81328461840865453437537555939823283523335876676600916477509008200626009722000", "price": "0.43", "size": "500", "side": "BUY", "hash": "648eacfc57e9b298e10b5db82adabf86975fa6df", "best_bid": "0.45", "best_ask": "0.54"}, {"asset_id": "27477604225498520875722470451761249779556987401301302829297066492819524175988", "price": "0.57", "size": "500", "side": "SELL", "hash": "0d4493205804efe3acbec77010e346d5fd671200", "best_bid": "0.46", "best_ask": "0.55"}], "timestamp": "1769384182000", "event_type": "price_change"}}
{"_local_timestamp": "2026-01-25T23:36:22.067417+00:00", "data": {"market": "0x87c844b30b587e7fd0fa9de1e6cbd8ceda173ff3d773ec5fca345047e97663c5", "price_changes": [{"asset_id": "27477604225498520875722470451761249779556987401301302829297066492819524175988", "price": "0.45", "size": "500", "side": "BUY", "hash": "e66f3e5e37b64677a9ffdf2e81eaf64f5b5f7323", "best_bid": "0.46", "best_ask": "0.55"}, {"asset_id": "81328461840865453437537555939823283523335876676600916477509008200626009722000", "price": "0.55", "size": "500", "side": "SELL", "hash": "030d6d4223061c8fe8e5637caca51d5418682d8f", "best_bid": "0.45", "best_ask": "0.54"}], "timestamp": "1769384182000", "event_type": "price_change"}}
{"_local_timestamp": "2026-01-25T23:36:22.067884+00:00", "data": {"market": "0x2f38e972648214a9faf442dfb13a3306ba2767ca2b43185da164e054283808bf", "price_changes": [{"asset_id": "53686121198056356961708765230174235914321565963241610922776651877875433998743", "price": "0.52", "size": "1105", "side": "BUY", "hash": "1f689de1d5ef12ac05a67f8f02e666e8f406d1aa", "best_bid": "0.58", "best_ask": "0.62"}, {"asset_id": "14522595131049267236332195965642891656236962715258897042595810607889013649709", "price": "0.48", "size": "1105", "side": "SELL", "hash": "7c18be98cc4bc544588d9ffc1f891885dbca5003", "best_bid": "0.38", "best_ask": "0.42"}], "timestamp": "1769384182000", "event_type": "price_change"}}
{"_local_timestamp": "2026-01-25T23:36:28.639598+00:00", "data": {"market": "0x946e937dd543d522f26675de159a81b671baf2673494cfe892d72f59b6a48d65", "price_changes": [{"asset_id": "32326797912692418881793085135004847069627417506373303910110643211151890932437", "price": "0.44", "size": "1100", "side": "BUY", "hash": "543ec0bf02d0131c637eb3a62f06864343f1a089", "best_bid": "0.44", "best_ask": "0.54"}, {"asset_id": "30096860216428751849752731020220240501257311873820387581706587487048682309490", "price": "0.56", "size": "1100", "side": "SELL", "hash": "4439f3bbce052cb64931319de77da7c6a917952e", "best_bid": "0.46", "best_ask": "0.56"}], "timestamp": "1769384188569", "event_type": "price_change"}}
{"_local_timestamp": "2026-01-25T23:36:28.640196+00:00", "data": {"market": "0x946e937dd543d522f26675de159a81b671baf2673494cfe892d72f59b6a48d65", "price_changes": [{"asset_id": "30096860216428751849752731020220240501257311873820387581706587487048682309490", "price": "0.45", "size": "1000", "side": "BUY", "hash": "d53a962ee4be9e6e548110c58863c98bc094156d", "best_bid": "0.46", "best_ask": "0.56"}, {"asset_id": "32326797912692418881793085135004847069627417506373303910110643211151890932437", "price": "0.55", "size": "1000", "side": "SELL", "hash": "5531da9acf5e2ee17555d1709fcef2b4f7b4d0de", "best_bid": "0.44", "best_ask": "0.54"}], "timestamp": "1769384188572", "event_type": "price_change"}}
{"_local_timestamp": "2026-01-25T23:36:29.116201+00:00", "data": {"market": "0x946e937dd543d522f26675de159a81b671baf2673494cfe892d72f59b6a48d65", "price_changes": [{"asset_id": "30096860216428751849752731020220240501257311873820387581706587487048682309490", "price": "0.45", "size": "500", "side": "BUY", "hash": "318de94de1a6d09950c8ed0cc2cdfbecc847ee56", "best_bid": "0.46", "best_ask": "0.56"}, {"asset_id": "32326797912692418881793085135004847069627417506373303910110643211151890932437", "price": "0.55", "size": "500", "side": "SELL", "hash": "06c7acfff3fc60789e50931aed26299f3cb3bf45", "best_bid": "0.44", "best_ask": "0.54"}], "timestamp": "1769384189000", "event_type": "price_change"}}
{"_local_timestamp": "2026-01-25T23:36:29.137992+00:00", "data": {"market": "0x946e937dd543d522f26675de159a81b671baf2673494cfe892d72f59b6a48d65", "price_changes": [{"asset_id": "32326797912692418881793085135004847069627417506373303910110643211151890932437", "price": "0.44", "size": "600", "side": "BUY", "hash": "1cbbf055abc811febba74d0323a1d6ef5daf1391", "best_bid": "0.44", "best_ask": "0.54"}, {"asset_id": "30096860216428751849752731020220240501257311873820387581706587487048682309490", "price": "0.56", "size": "600", "side": "SELL", "hash": "916d5e47c6297fa28e6f5182e714b133b8e2f000", "best_bid": "0.46", "best_ask": "0.56"}], "timestamp": "1769384189001", "event_type": "price_change"}}
{"_local_timestamp": "2026-01-25T23:36:38.288801+00:00", "data": {"market": "0x2f38e972648214a9faf442dfb13a3306ba2767ca2b43185da164e054283808bf", "price_changes": [{"asset_id": "14522595131049267236332195965642891656236962715258897042595810607889013649709", "price": "0.36", "size": "1000", "side": "BUY", "hash": "0f38226691602fd4772d9902f0623d3ad46299a0", "best_bid": "0.38", "best_ask": "0.42"}, {"asset_id": "53686121198056356961708765230174235914321565963241610922776651877875433998743", "price": "0.64", "size": "1000", "side": "SELL", "hash": "fa6e1a18149af1654559952b6a612aa6ef5ff34b", "best_bid": "0.58", "best_ask": "0.62"}], "timestamp": "1769384198220", "event_type": "price_change"}}
{"_local_timestamp": "2026-01-25T23:36:38.289390+00:00", "data": {"market": "0x2f38e972648214a9faf442dfb13a3306ba2767ca2b43185da164e054283808bf", "price_changes": [{"asset_id": "14522595131049267236332195965642891656236962715258897042595810607889013649709", "price": "0.35", "size": "5", "side": "BUY", "hash": "0f38226691602fd4772d9902f0623d3ad46299a0", "best_bid": "0.38", "best_ask": "0.42"}, {"asset_id": "53686121198056356961708765230174235914321565963241610922776651877875433998743", "price": "0.65", "size": "5", "side": "SELL", "hash": "fa6e1a18149af1654559952b6a612aa6ef5ff34b", "best_bid": "0.58", "best_ask": "0.62"}], "timestamp": "1769384198220", "event_type": "price_change"}}
{"_local_timestamp": "2026-01-25T23:36:38.289836+00:00", "data": {"market": "0x2f38e972648214a9faf442dfb13a3306ba2767ca2b43185da164e054283808bf", "price_changes": [{"asset_id": "14522595131049267236332195965642891656236962715258897042595810607889013649709", "price": "0.09", "size": "6.52", "side": "BUY", "hash": "0f38226691602fd4772d9902f0623d3ad46299a0", "best_bid": "0.38", "best_ask": "0.42"}, {"asset_id": "53686121198056356961708765230174235914321565963241610922776651877875433998743", "price": "0.91", "size": "6.52", "side": "SELL", "hash": "fa6e1a18149af1654559952b6a612aa6ef5ff34b", "best_bid": "0.58", "best_ask": "0.62"}], "timestamp": "1769384198220", "event_type": "price_change"}}
{"_local_timestamp": "2026-01-25T23:36:38.290295+00:00", "data": {"market": "0x2f38e972648214a9faf442dfb13a3306ba2767ca2b43185da164e054283808bf", "price_changes": [{"asset_id": "53686121198056356961708765230174235914321565963241610922776651877875433998743", "price": "0.26", "size": "0", "side": "BUY", "hash": "0375f135220fdd6a454399d7b1c281ae50f8589d", "best_bid": "0.58", "best_ask": "0.62"}, {"asset_id": "14522595131049267236332195965642891656236962715258897042595810607889013649709", "price": "0.74", "size": "0", "side": "SELL", "hash": "3dd3a1da5f35e3d85f3dbd8012c3bad6d57dd564", "best_bid": "0.38", "best_ask": "0.42"}], "timestamp": "1769384198220", "event_type": "price_change"}}
{"_local_timestamp": "2026-01-25T23:36:38.292790+00:00", "data": {"market": "0x2f38e972648214a9faf442dfb13a3306ba2767ca2b43185da164e054283808bf", "price_changes": [{"asset_id": "14522595131049267236332195965642891656236962715258897042595810607889013649709", "price": "0.37", "size": "188", "side": "BUY", "hash": "73775faa15733bc58ffad3256d27c24abf255da6", "best_bid": "0.38", "best_ask": "0.42"}, {"asset_id": "53686121198056356961708765230174235914321565963241610922776651877875433998743", "price": "0.63", "size": "188", "side": "SELL", "hash": "82566d66a7e86d9dc796714fd80d6edc51d5297b", "best_bid": "0.58", "best_ask": "0.62"}], "timestamp": "1769384198223", "event_type": "price_change"}}
{"_local_timestamp": "2026-01-25T23:36:40.310058+00:00", "data": {"market": "0x2f38e972648214a9faf442dfb13a3306ba2767ca2b43185da164e054283808bf", "price_changes": [{"asset_id": "14522595131049267236332195965642891656236962715258897042595810607889013649709", "price": "0.37", "size": "5", "side": "BUY", "hash": "70dc7863df3a01321a2e4559737189c8d090f3de", "best_bid": "0.38", "best_ask": "0.42"}, {"asset_id": "53686121198056356961708765230174235914321565963241610922776651877875433998743", "price": "0.63", "size": "5", "side": "SELL", "hash": "9d46b8d6179fe5e0fa7bf7fcfa8a79038ef68989", "best_bid": "0.58", "best_ask": "0.62"}], "timestamp": "1769384200244", "event_type": "price_change"}}
{"_local_timestamp": "2026-01-25T23:36:40.320809+00:00", "data": {"market": "0x2f38e972648214a9faf442dfb13a3306ba2767ca2b43185da164e054283808bf", "price_changes": [{"asset_id": "14522595131049267236332195965642891656236962715258897042595810607889013649709", "price": "0.09", "size": "206.52", "side": "BUY", "hash": "3c1fb5ae99c613554dc0cad598aa9fdea6b64144", "best_bid": "0.38", "best_ask": "0.42"}, {"asset_id": "53686121198056356961708765230174235914321565963241610922776651877875433998743", "price": "0.91", "size": "206.52", "side": "SELL", "hash": "b9a4438345db137b2a86f0a04781e97bb5dc2d40", "best_bid": "0.58", "best_ask": "0.62"}], "timestamp": "1769384200252", "event_type": "price_change"}}
{"_local_timestamp": "2026-01-25T23:36:40.321563+00:00", "data": {"market": "0x2f38e972648214a9faf442dfb13a3306ba2767ca2b43185da164e054283808bf", "price_changes": [{"asset_id": "14522595131049267236332195965642891656236962715258897042595810607889013649709", "price": "0.35", "size": "205", "side": "BUY", "hash": "9ee25aec8c44581cfb9af2c6e049baf176cda0bc", "best_bid": "0.38", "best_ask": "0.42"}, {"asset_id": "53686121198056356961708765230174235914321565963241610922776651877875433998743", "price": "0.65", "size": "205", "side": "SELL", "hash": "ca1a973e66bd99bfc45bfc67d341d91c94b3a6ef", "best_bid": "0.58", "best_ask": "0.62"}], "timestamp": "1769384200253", "event_type": "price_change"}}
{"_local_timestamp": "2026-01-25T23:36:40.322122+00:00", "data": {"market": "0x2f38e972648214a9faf442dfb13a3306ba2767ca2b43185da164e054283808bf", "price_changes": [{"asset_id": "14522595131049267236332195965642891656236962715258897042595810607889013649709", "price": "0.36", "size": "1183", "side": "BUY", "hash": "b62dc3fd3153b81e94c25c689d080a0b5288e805", "best_bid": "0.38", "best_ask": "0.42"}, {"asset_id": "53686121198056356961708765230174235914321565963241610922776651877875433998743", "price": "0.64", "size": "1183", "side": "SELL", "hash": "9cf5e3f5ffd19e9233e233cad01a95871bf52fca", "best_bid": "0.58", "best_ask": "0.62"}], "timestamp": "1769384200253", "event_type": "price_change"}}
{"_local_timestamp": "2026-01-25T23:36:40.330344+00:00", "data": {"market": "0x2f38e972648214a9faf442dfb13a3306ba2767ca2b43185da164e054283808bf", "price_changes": [{"asset_id": "53686121198056356961708765230174235914321565963241610922776651877875433998743", "price": "0.26", "size": "200", "side": "BUY", "hash": "cf6ac785fabc157e68033ff44e3dfb30d5b73444", "best_bid": "0.58", "best_ask": "0.62"}, {"asset_id": "14522595131049267236332195965642891656236962715258897042595810607889013649709", "price": "0.74", "size": "200", "side": "SELL", "hash": "c352d246e2ad88ccc94be990d6e4411125fc5bbb", "best_bid": "0.38", "best_ask": "0.42"}], "timestamp": "1769384200254", "event_type": "price_change"}}
{"_local_timestamp": "2026-01-25T23:36:42.335160+00:00", "data": {"market": "0x2f38e972648214a9faf442dfb13a3306ba2767ca2b43185da164e054283808bf", "price_changes": [{"asset_id": "53686121198056356961708765230174235914321565963241610922776651877875433998743", "price": "0.27", "size": "200", "side": "BUY", "hash": "ba5976387d6eefce3d7d9ba1399f55226276b5ec", "best_bid": "0.58", "best_ask": "0.62"}, {"asset_id": "14522595131049267236332195965642891656236962715258897042595810607889013649709", "price": "0.73", "size": "200", "side": "SELL", "hash": "d13f2594a7a8e35b85f97ed5904d21b0ba3e9b24", "best_bid": "0.38", "best_ask": "0.42"}], "timestamp": "1769384202219", "event_type": "price_change"}}
{"_local_timestamp": "2026-01-25T23:36:44.382584+00:00", "data": {"market": "0x2f38e972648214a9faf442dfb13a3306ba2767ca2b43185da164e054283808bf", "price_changes": [{"asset_id": "53686121198056356961708765230174235914321565963241610922776651877875433998743", "price": "0.27", "size": "0", "side": "BUY", "hash": "be7b22efeda7a68d3f2ca3625fbf558aa97f7d94", "best_bid": "0.58", "best_ask": "0.62"}, {"asset_id": "14522595131049267236332195965642891656236962715258897042595810607889013649709", "price": "0.73", "size": "0", "side": "SELL", "hash": "639d4b55061aa2afa76929a1bdfc5ff1777d3278", "best_bid": "0.38", "best_ask": "0.42"}], "timestamp": "1769384204215", "event_type": "price_change"}}
{"_local_timestamp": "2026-01-25T23:36:59.942171+00:00", "data": {"market": "0xc713ebea2d3f3c75c22f360a55ceff5347416bc9ca58fdf77aab197792b8d912", "price_changes": [{"asset_id": "80284667136460174211607827009360915516808713819381922734543063233622845321786", "price": "0.02", "size": "71", "side": "BUY", "hash": "740762f25802645bb0e5108722d98d03dd58cdb7", "best_bid": "0.44", "best_ask": "0.54"}, {"asset_id": "83235839729762820596328567738200871340764884192429856507108774760505261237496", "price": "0.98", "size": "71", "side": "SELL", "hash": "e7be9eb7fbf55343a414747058f0aaa1341b13f2", "best_bid": "0.46", "best_ask": "0.56"}], "timestamp": "1769384219758", "event_type": "price_change"}}
{"_local_timestamp": "2026-01-25T23:36:59.942807+00:00", "data": {"market": "0x2f38e972648214a9faf442dfb13a3306ba2767ca2b43185da164e054283808bf", "price_changes": [{"asset_id": "53686121198056356961708765230174235914321565963241610922776651877875433998743", "price": "0.12", "size": "300", "side": "BUY", "hash": "12b733afcfe2c231087e9e7df7f5889bf5e521f1", "best_bid": "0.58", "best_ask": "0.62"}, {"asset_id": "14522595131049267236332195965642891656236962715258897042595810607889013649709", "price": "0.88", "size": "300", "side": "SELL", "hash": "fdb33ad1db134c8ba2269a26fd6034160b903394", "best_bid": "0.38", "best_ask": "0.42"}], "timestamp": "1769384219758", "event_type": "price_change"}}
{"_local_timestamp": "2026-01-25T23:36:59.943326+00:00", "data": {"market": "0x946e937dd543d522f26675de159a81b671baf2673494cfe892d72f59b6a48d65", "price_changes": [{"asset_id": "30096860216428751849752731020220240501257311873820387581706587487048682309490", "price": "0.02", "size": "71", "side": "BUY", "hash": "3bba7d87bfa73cad4c5fd171ccd22a11ca135b2a", "best_bid": "0.46", "best_ask": "0.56"}, {"asset_id": "32326797912692418881793085135004847069627417506373303910110643211151890932437", "price": "0.98", "size": "71", "side": "SELL", "hash": "6aa84ee5d8f73054d5c060a9b9e636699a6c5e41", "best_bid": "0.44", "best_ask": "0.54"}], "timestamp": "1769384219758", "event_type": "price_change"}}
{"_local_timestamp": "2026-01-25T23:36:59.943808+00:00", "data": {"market": "0x87c844b30b587e7fd0fa9de1e6cbd8ceda173ff3d773ec5fca345047e97663c5", "price_changes": [{"asset_id": "27477604225498520875722470451761249779556987401301302829297066492819524175988", "price": "0.02", "size": "71", "side": "BUY", "hash": "27fcb42da27088cb9c32685059166dff2d35d54e", "best_bid": "0.46", "best_ask": "0.55"}, {"asset_id": "81328461840865453437537555939823283523335876676600916477509008200626009722000", "price": "0.98", "size": "71", "side": "SELL", "hash": "3cdea6b9c28e25b090d7be63c615c05841c16b02", "best_bid": "0.45", "best_ask": "0.54"}], "timestamp": "1769384219758", "event_type": "price_change"}}
{"_local_timestamp": "2026-01-25T23:36:59.944273+00:00", "data": {"market": "0x2f38e972648214a9faf442dfb13a3306ba2767ca2b43185da164e054283808bf", "price_changes": [{"asset_id": "14522595131049267236332195965642891656236962715258897042595810607889013649709", "price": "0.07", "size": "300", "side": "BUY", "hash": "8f18bdefa115277117bf7dd17acfd3b6132db1c9", "best_bid": "0.38", "best_ask": "0.42"}, {"asset_id": "53686121198056356961708765230174235914321565963241610922776651877875433998743", "price": "0.93", "size": "300", "side": "SELL", "hash": "55db3eb6d091660f1ed808fe21b85755e3980ccf", "best_bid": "0.58", "best_ask": "0.62"}], "timestamp": "1769384219760", "event_type": "price_change"}}
{"_local_timestamp": "2026-01-25T23:36:59.944732+00:00", "data": {"market": "0xc713ebea2d3f3c75c22f360a55ceff5347416bc9ca58fdf77aab197792b8d912", "price_changes": [{"asset_id": "83235839729762820596328567738200871340764884192429856507108774760505261237496", "price": "0.02", "size": "71", "side": "BUY", "hash": "06049d579dcb6783300b085911bd3c9511b4bfef", "best_bid": "0.46", "best_ask": "0.56"}, {"asset_id": "80284667136460174211607827009360915516808713819381922734543063233622845321786", "price": "0.98", "size": "71", "side": "SELL", "hash": "53a8fa9cd01701def6140d8c98123a4f9a1e3297", "best_bid": "0.44", "best_ask": "0.54"}], "timestamp": "1769384219761", "event_type": "price_change"}}
{"_local_timestamp": "2026-01-25T23:36:59.945239+00:00", "data": {"market": "0x87c844b30b587e7fd0fa9de1e6cbd8ceda173ff3d773ec5fca345047e97663c5", "price_changes": [{"asset_id": "81328461840865453437537555939823283523335876676600916477509008200626009722000", "price": "0.02", "size": "71", "side": "BUY", "hash": "82df9487c8d04117d21ceb37bfb8cdb088eb4c77", "best_bid": "0.45", "best_ask": "0.54"}, {"asset_id": "27477604225498520875722470451761249779556987401301302829297066492819524175988", "price": "0.98", "size": "71", "side": "SELL", "hash": "e1c06f71b7aa545cfeb23746b7241d5aa3fe3d67", "best_bid": "0.46", "best_ask": "0.55"}], "timestamp": "1769384219762", "event_type": "price_change"}}
{"_local_timestamp": "2026-01-25T23:36:59.945834+00:00", "data": {"market": "0x946e937dd543d522f26675de159a81b671baf2673494cfe892d72f59b6a48d65", "price_changes": [{"asset_id": "32326797912692418881793085135004847069627417506373303910110643211151890932437", "price": "0.02", "size": "71", "side": "BUY", "hash": "7474d3d60ae0823eaeab889b6fa9523f70779395", "best_bid": "0.44", "best_ask": "0.54"}, {"asset_id": "30096860216428751849752731020220240501257311873820387581706587487048682309490", "price": "0.98", "size": "71", "side": "SELL", "hash": "b7b8b10b47e1757e7e58440742456d22aabe0710", "best_bid": "0.46", "best_ask": "0.56"}], "timestamp": "1769384219761", "event_type": "price_change"}}
{"_local_timestamp": "2026-01-25T23:37:21.463382+00:00", "data": {"market": "0x2f38e972648214a9faf442dfb13a3306ba2767ca2b43185da164e054283808bf", "price_changes": [{"asset_id": "53686121198056356961708765230174235914321565963241610922776651877875433998743", "price": "0.52", "size": "2105", "side": "BUY", "hash": "7047abe8e363a25351054b00fcbeab61f2e50f20", "best_bid": "0.58", "best_ask": "0.62"}, {"asset_id": "14522595131049267236332195965642891656236962715258897042595810607889013649709", "price": "0.48", "size": "2105", "side": "SELL", "hash": "d4f09a735dd8687110660e1497ef704ddb7fbae1", "best_bid": "0.38", "best_ask": "0.42"}], "timestamp": "1769384241398", "event_type": "price_change"}}
{"_local_timestamp": "2026-01-25T23:37:21.464042+00:00", "data": {"market": "0x87c844b30b587e7fd0fa9de1e6cbd8ceda173ff3d773ec5fca345047e97663c5", "price_changes": [{"asset_id": "81328461840865453437537555939823283523335876676600916477509008200626009722000", "price": "0.43", "size": "1000", "side": "BUY", "hash": "29795b320805f14597f3080b5143fd25fb5ec3b3", "best_bid": "0.45", "best_ask": "0.54"}, {"asset_id": "27477604225498520875722470451761249779556987401301302829297066492819524175988", "price": "0.57", "size": "1000", "side": "SELL", "hash": "e362efe83b5cf44ac8ecc2719a24387cf07a66e7", "best_bid": "0.46", "best_ask": "0.55"}], "timestamp": "1769384241400", "event_type": "price_change"}}
{"_local_timestamp": "2026-01-25T23:37:21.471573+00:00", "data": {"market": "0x2f38e972648214a9faf442dfb13a3306ba2767ca2b43185da164e054283808bf", "price_changes": [{"asset_id": "14522595131049267236332195965642891656236962715258897042595810607889013649709", "price": "0.36", "size": "2183", "side": "BUY", "hash": "1713fbbbbf2a1347bd2d0a358458183339e785cd", "best_bid": "0.38", "best_ask": "0.42"}, {"asset_id": "53686121198056356961708765230174235914321565963241610922776651877875433998743", "price": "0.64", "size": "2183", "side": "SELL", "hash": "0085864cf9728f09c160af2cb7430af1a0756617", "best_bid": "0.58", "best_ask": "0.62"}], "timestamp": "1769384241403", "event_type": "price_change"}}
{"_local_timestamp": "2026-01-25T23:37:21.481291+00:00", "data": {"market": "0x87c844b30b587e7fd0fa9de1e6cbd8ceda173ff3d773ec5fca345047e97663c5", "price_changes": [{"asset_id": "27477604225498520875722470451761249779556987401301302829297066492819524175988", "price": "0.45", "size": "1000", "side": "BUY", "hash": "bb528def3581acbcc62972f2330bf17abe0cf358", "best_bid": "0.46", "best_ask": "0.55"}, {"asset_id": "81328461840865453437537555939823283523335876676600916477509008200626009722000", "price": "0.55", "size": "1000", "side": "SELL", "hash": "3ea9e594f5f0960c75fe15ca1a82abe9e977a30b", "best_bid": "0.45", "best_ask": "0.54"}], "timestamp": "1769384241413", "event_type": "price_change"}}
{"_local_timestamp": "2026-01-25T23:37:22.075187+00:00", "data": {"market": "0x87c844b30b587e7fd0fa9de1e6cbd8ceda173ff3d773ec5fca345047e97663c5", "price_changes": [{"asset_id": "27477604225498520875722470451761249779556987401301302829297066492819524175988", "price": "0.45", "size": "500", "side": "BUY", "hash": "471c6ba32f1112df62699448bd37270425d124f5", "best_bid": "0.46", "best_ask": "0.55"}, {"asset_id": "81328461840865453437537555939823283523335876676600916477509008200626009722000", "price": "0.55", "size": "500", "side": "SELL", "hash": "25b9f3f174eb0768cf3113ff6921ea04cc55b958", "best_bid": "0.45", "best_ask": "0.54"}], "timestamp": "1769384242002", "event_type": "price_change"}}
{"_local_timestamp": "2026-01-25T23:37:22.082681+00:00", "data": {"market": "0x2f38e972648214a9faf442dfb13a3306ba2767ca2b43185da164e054283808bf", "price_changes": [{"asset_id": "14522595131049267236332195965642891656236962715258897042595810607889013649709", "price": "0.36", "size": "1183", "side": "BUY", "hash": "74f22c364f8ef82d404be47b8e0571fa5b3d5b60", "best_bid": "0.38", "best_ask": "0.42"}, {"asset_id": "53686121198056356961708765230174235914321565963241610922776651877875433998743", "price": "0.64", "size": "1183", "side": "SELL", "hash": "41165095b59d517505e85517624b5b8a3275acdc", "best_bid": "0.58", "best_ask": "0.62"}], "timestamp": "1769384242002", "event_type": "price_change"}}
{"_local_timestamp": "2026-01-25T23:37:22.091374+00:00", "data": {"market": "0x87c844b30b587e7fd0fa9de1e6cbd8ceda173ff3d773ec5fca345047e97663c5", "price_changes": [{"asset_id": "81328461840865453437537555939823283523335876676600916477509008200626009722000", "price": "0.43", "size": "500", "side": "BUY", "hash": "416f1cc2ab8caab815f725baac9fe0a728a2e86a", "best_bid": "0.45", "best_ask": "0.54"}, {"asset_id": "27477604225498520875722470451761249779556987401301302829297066492819524175988", "price": "0.57", "size": "500", "side": "SELL", "hash": "9cad945b82b5ecfcd0221dbffff698134e1aa0a3", "best_bid": "0.46", "best_ask": "0.55"}], "timestamp": "1769384242003", "event_type": "price_change"}}
{"_local_timestamp": "2026-01-25T23:37:22.099512+00:00", "data": {"market": "0x2f38e972648214a9faf442dfb13a3306ba2767ca2b43185da164e054283808bf", "price_changes": [{"asset_id": "53686121198056356961708765230174235914321565963241610922776651877875433998743", "price": "0.52", "size": "1105", "side": "BUY", "hash": "25f417c113e6c7729d2e1db6c67c267730db0c27", "best_bid": "0.58", "best_ask": "0.62"}, {"asset_id": "14522595131049267236332195965642891656236962715258897042595810607889013649709", "price": "0.48", "size": "1105", "side": "SELL", "hash": "514fdaba785f83f39228ebab204a9fc5bc197a30", "best_bid": "0.38", "best_ask": "0.42"}], "timestamp": "1769384242005", "event_type": "price_change"}}
