{"_local_timestamp": "2026-01-25T23:33:56.728874+00:00", "data": [{"market": "0x7f30cf3ce31deb36d9c87b7ce3ad493ecba7e2c04f54d9064c3668fec489e5a2", "asset_id": "98454865528785835890045788599167077000239351581671639397727717396046966577161", "timestamp": "1769384036533", "hash": "a0dc806c70e0c29077db5cfc209f109df4a8619f", "bids": [{"price": "0.01", "size": "11966.44"}, {"price": "0.02", "size": "1000"}, {"price": "0.04", "size": "1300"}, {"price": "0.07", "size": "1900"}, {"price": "0.13", "size": "1100"}, {"price": "0.14", "size": "533.04"}, {"price": "0.15", "size": "200"}, {"price": "0.56", "size": "356.7"}, {"price": "0.57", "size": "256.7"}, {"price": "0.58", "size": "275"}], "asks": [{"price": "0.99", "size": "11966.44"}, {"price": "0.98", "size": "2700"}, {"price": "0.97", "size": "333.04"}, {"price": "0.92", "size": "300"}, {"price": "0.71", "size": "356.7"}, {"price": "0.7", "size": "256.7"}, {"price": "0.68", "size": "500"}], "event_type": "book", "last_trade_price": "0.700"}, {"market": "0x7f30cf3ce31deb36d9c87b7ce3ad493ecba7e2c04f54d9064c3668fec489e5a2", "asset_id": "41880403302959455557701594420687693279759982292853098277780027130808267649257", "timestamp": "1769384036533", "hash": "61849184b29c5ed6b5ce57a0fdd22a4d354fcb57", "bids": [{"price": "0.01", "size": "11966.44"}, {"price": "0.02", "size": "2700"}, {"price": "0.03", "size": "333.04"}, {"price": "0.08", "size": "300"}, {"price": "0.29", "size": "356.7"}, {"price": "0.3", "size": "256.7"}, {"price": "0.32", "size": "500"}], "asks": [{"price": "0.99", "size": "11966.44"}, {"price": "0.98", "size": "1000"}, {"price": "0.96", "size": "1300"}, {"price": "0.93", "size": "1900"}, {"price": "0.87", "size": "1100"}, {"price": "0.86", "size": "533.04"}, {"price": "0.85", "size": "200"}, {"price": "0.44", "size": "356.7"}, {"price": "0.43", "size": "256.7"}, {"price": "0.42", "size": "275"}], "event_type": "book", "last_trade_price": "0.700"}]}
{"_local_timestamp": "2026-01-25T23:34:06.835330+00:00", "data": {"market": "0x7f30cf3ce31deb36d9c87b7ce3ad493ecba7e2c04f54d9064c3668fec489e5a2", "price_changes": [{"asset_id": "98454865528785835890045788599167077000239351581671639397727717396046966577161", "price": "0.14", "size": "333.04", "side": "BUY", "hash": "ed2fd5a277b64dc216144c776ba811df5266a11f", "best_bid": "0.58", "best_ask": "0.68"}, {"asset_id": "41880403302959455557701594420687693279759982292853098277780027130808267649257", "price": "0.86", "size": "333.04", "side": "SELL", "hash": "0d27f4b248322b1a77cf2c9fd6b7e62bb61afcb3", "best_bid": "0.32", "best_ask": "0.42"}], "timestamp": "1769384046762", "event_type": "price_change"}}
{"_local_timestamp": "2026-01-25T23:34:07.128205+00:00", "data": {"market": "0x7f30cf3ce31deb36d9c87b7ce3ad493ecba7e2c04f54d9064c3668fec489e5a2", "price_changes": [{"asset_id": "98454865528785835890045788599167077000239351581671639397727717396046966577161", "price": "0.15", "size": "400", "side": "BUY", "hash": "272ba627d16fdf30f92591f86cbeba0216692cf3", "best_bid": "0.58", "best_ask": "0.68"}, {"asset_id": "41880403302959455557701594420687693279759982292853098277780027130808267649257", "price": "0.85", "size": "400", "side": "SELL", "hash": "b880d4522d7034b3eddb4d902d31ebcf0833afee", "best_bid": "0.32", "best_ask": "0.42"}], "timestamp": "1769384047053", "event_type": "price_change"}}
{"_local_timestamp": "2026-01-25T23:34:07.128849+00:00", "data": {"market": "0x7f30cf3ce31deb36d9c87b7ce3ad493ecba7e2c04f54d9064c3668fec489e5a2", "price_changes": [{"asset_id": "98454865528785835890045788599167077000239351581671639397727717396046966577161", "price": "0.15", "size": "500", "side": "BUY", "hash": "8b2ed8f0604f61356ea966e73a0f569b173e65ea", "best_bid": "0.58", "best_ask": "0.68"}, {"asset_id": "41880403302959455557701594420687693279759982292853098277780027130808267649257", "price": "0.85", "size": "500", "side": "SELL", "hash": "328ddcdcdddab59d178a62cc1f2f59d58586415a", "best_bid": "0.32", "best_ask": "0.42"}], "timestamp": "1769384047055", "event_type": "price_change"}}
{"_local_timestamp": "2026-01-25T23:34:07.196487+00:00", "data": {"market": "0x7f30cf3ce31deb36d9c87b7ce3ad493ecba7e2c04f54d9064c3668fec489e5a2", "price_changes": [{"asset_id": "98454865528785835890045788599167077000239351581671639397727717396046966577161", "price": "0.16", "size": "200", "side": "BUY", "hash": "50dfbf9245210c542d89995e71c93fa247f87dce", "best_bid": "0.58", "best_ask": "0.68"}, {"asset_id": "41880403302959455557701594420687693279759982292853098277780027130808267649257", "price": "0.84", "size": "200", "side": "SELL", "hash": "2589607adcc8093d7da05bb29a5890a9d02e7dac", "best_bid": "0.32", "best_ask": "0.42"}], "timestamp": "1769384047120", "event_type": "price_change"}}
{"_local_timestamp": "2026-01-25T23:34:07.197187+00:00", "data": {"market": "0x7f30cf3ce31deb36d9c87b7ce3ad493ecba7e2c04f54d9064c3668fec489e5a2", "price_changes": [{"asset_id": "98454865528785835890045788599167077000239351581671639397727717396046966577161", "price": "0.15", "size": "300", "side": "BUY", "hash": "b283bc7c20d70f6c12524dca260171b756a5a4dd", "best_bid": "0.58", "best_ask": "0.68"}, {"asset_id": "41880403302959455557701594420687693279759982292853098277780027130808267649257", "price": "0.85", "size": "300", "side": "SELL", "hash": "c84f8d4fe41b79dd331547670c17a0ff62c4f769", "best_bid": "0.32", "best_ask": "0.42"}], "timestamp": "1769384047127", "event_type": "price_change"}}
{"_local_timestamp": "2026-01-25T23:34:07.261508+00:00", "data": {"market": "0x7f30cf3ce31deb36d9c87b7ce3ad493ecba7e2c04f54d9064c3668fec489e5a2", "price_changes": [{"asset_id": "98454865528785835890045788599167077000239351581671639397727717396046966577161", "price": "0.16", "size": "533.04", "side": "BUY", "hash": "6fc70894e2e3ecb5c4c561645900ea217731bf10", "best_bid": "0.58", "best_ask": "0.68"}, {"asset_id": "41880403302959455557701594420687693279759982292853098277780027130808267649257", "price": "0.84", "size": "533.04", "side": "SELL", "hash": "8a3002de00a35d571fd9bae53d44f8837f3d2846", "best_bid": "0.32", "best_ask": "0.42"}], "timestamp": "1769384047194", "event_type": "price_change"}}
{"_local_timestamp": "2026-01-25T23:34:07.828316+00:00", "data": {"market": "0x7f30cf3ce31deb36d9c87b7ce3ad493ecba7e2c04f54d9064c3668fec489e5a2", "price_changes": [{"asset_id": "98454865528785835890045788599167077000239351581671639397727717396046966577161", "price": "0.13", "size": "900", "side": "BUY", "hash": "3c1eb4c40335b5138523d026838bad9d60c5ae7a", "best_bid": "0.58", "best_ask": "0.68"}, {"asset_id": "41880403302959455557701594420687693279759982292853098277780027130808267649257", "price": "0.87", "size": "900", "side": "SELL", "hash": "ec6c4cd0036f3f87c1ee733de03543d79e52529b", "best_bid": "0.32", "best_ask": "0.42"}], "timestamp": "1769384047757", "event_type": "price_change"}}
{"_local_timestamp": "2026-01-25T23:34:08.148868+00:00", "data": {"market": "0x7f30cf3ce31deb36d9c87b7ce3ad493ecba7e2c04f54d9064c3668fec489e5a2", "price_changes": [{"asset_id": "98454865528785835890045788599167077000239351581671639397727717396046966577161", "price": "0.15", "size": "500", "side": "BUY", "hash": "0a749797dfe4692134400eb95c511f42e3042dbc", "best_bid": "0.58", "best_ask": "0.68"}, {"asset_id": "41880403302959455557701594420687693279759982292853098277780027130808267649257", "price": "0.85", "size": "500", "side": "SELL", "hash": "033c6843eaa1f92de64ab0591a20f4044f7e5821", "best_bid": "0.32", "best_ask": "0.42"}], "timestamp": "1769384048022", "event_type": "price_change"}}
{"_local_timestamp": "2026-01-25T23:34:09.191383+00:00", "data": {"market": "0x7f30cf3ce31deb36d9c87b7ce3ad493ecba7e2c04f54d9064c3668fec489e5a2", "price_changes": [{"asset_id": "98454865528785835890045788599167077000239351581671639397727717396046966577161", "price": "0.16", "size": "333.04", "side": "BUY", "hash": "e7e79ef9420472d4cc8dc1e3bb1b9ad4134723ca", "best_bid": "0.58", "best_ask": "0.68"}, {"asset_id": "41880403302959455557701594420687693279759982292853098277780027130808267649257", "price": "0.84", "size": "333.04", "side": "SELL", "hash": "ea81130bbac058dedd3dd57500452cb16045a0ba", "best_bid": "0.32", "best_ask": "0.42"}], "timestamp": "1769384049108", "event_type": "price_change"}}
{"_local_timestamp": "2026-01-25T23:34:09.191859+00:00", "data": {"market": "0x7f30cf3ce31deb36d9c87b7ce3ad493ecba7e2c04f54d9064c3668fec489e5a2", "price_changes": [{"asset_id": "98454865528785835890045788599167077000239351581671639397727717396046966577161", "price": "0.17", "size": "200", "side": "BUY", "hash": "b79131b397f902fe96e3ab43b453dfae35750be3", "best_bid": "0.58", "best_ask": "0.68"}, {"asset_id": "41880403302959455557701594420687693279759982292853098277780027130808267649257", "price": "0.83", "size": "200", "side": "SELL", "hash": "a3426ae55be1f37ca45d626f6688607cf6580c3d", "best_bid": "0.32", "best_ask": "0.42"}], "timestamp": "1769384049109", "event_type": "price_change"}}
