{"_local_timestamp": "2026-01-25T23:41:06.766899+00:00", "data": [{"market": "0x0626021adf6e090218c2ac6c066bce895126f2b2a51d3d249f8a3489fda3775c", "asset_id": "82956371499284242319696918682049566607517018307960524453212188261666113510597", "timestamp": "1769384408139", "hash": "263b4dd20ca73525b7bc6762631cb0db25d174fc", "bids": [{"price": "0.01", "size": "2983.1"}, {"price": "0.02", "size": "2250"}, {"price": "0.03", "size": "10.55"}, {"price": "0.04", "size": "125"}, {"price": "0.05", "size": "1900"}, {"price": "0.1", "size": "1110"}, {"price": "0.11", "size": "5.29"}, {"price": "0.12", "size": "200"}, {"price": "0.15", "size": "1000"}, {"price": "0.16", "size": "300"}, {"price": "0.2", "size": "200"}, {"price": "0.25", "size": "100"}, {"price": "0.43", "size": "30.23"}, {"price": "0.44", "size": "25"}, {"price": "0.45", "size": "400"}, {"price": "0.46", "size": "200"}, {"price": "0.52", "size": "200"}, {"price": "0.55", "size": "189"}, {"price": "0.56", "size": "10"}], "asks": [{"price": "0.99", "size": "1178.23"}, {"price": "0.98", "size": "158.49"}, {"price": "0.97", "size": "75"}, {"price": "0.96", "size": "125"}, {"price": "0.95", "size": "15.55"}, {"price": "0.9", "size": "500"}, {"price": "0.86", "size": "230"}, {"price": "0.85", "size": "200"}, {"price": "0.79", "size": "205"}, {"price": "0.77", "size": "244.52"}, {"price": "0.76", "size": "45.83"}, {"price": "0.7", "size": "10"}], "event_type": "book", "last_trade_price": ""}, {"market": "0x0626021adf6e090218c2ac6c066bce895126f2b2a51d3d249f8a3489fda3775c", "asset_id": "81239164025777736199280407112284522609847290779124293397595132051142141303401", "timestamp": "1769384408139", "hash": "7415a0017b33650d0215560d032e5c17b8540ba7", "bids": [{"price": "0.01", "size": "1178.23"}, {"price": "0.02", "size": "158.49"}, {"price": "0.03", "size": "75"}, {"price": "0.04", "size": "125"}, {"price": "0.05", "size": "15.55"}, {"price": "0.1", "size": "500"}, {"price": "0.14", "size": "230"}, {"price": "0.15", "size": "200"}, {"price": "0.21", "size": "205"}, {"price": "0.23", "size": "244.52"}, {"price": "0.24", "size": "45.83"}, {"price": "0.3", "size": "10"}], "asks": [{"price": "0.99", "size": "2983.1"}, {"price": "0.98", "size": "2250"}, {"price": "0.97", "size": "10.55"}, {"price": "0.96", "size": "125"}, {"price": "0.95", "size": "1900"}, {"price": "0.9", "size": "1110"}, {"price": "0.89", "size": "5.29"}, {"price": "0.88", "size": "200"}, {"price": "0.85", "size": "1000"}, {"price": "0.84", "size": "300"}, {"price": "0.8", "size": "200"}, {"price": "0.75", "size": "100"}, {"price": "0.57", "size": "30.23"}, {"price": "0.56", "size": "25"}, {"price": "0.55", "size": "400"}, {"price": "0.54", "size": "200"}, {"price": "0.48", "size": "200"}, {"price": "0.45", "size": "189"}, {"price": "0.44", "size": "10"}], "event_type": "book", "last_trade_price": ""}]}
{"_local_timestamp": "2026-01-25T23:41:40.189820+00:00", "data": {"market": "0x0626021adf6e090218c2ac6c066bce895126f2b2a51d3d249f8a3489fda3775c", "price_changes": [{"asset_id": "81239164025777736199280407112284522609847290779124293397595132051142141303401", "price": "0.13", "size": "200", "side": "BUY", "hash": "11b9ce5951652e603f2766ff19233dc06ffc8b76", "best_bid": "0.3", "best_ask": "0.44"}, {"asset_id": "82956371499284242319696918682049566607517018307960524453212188261666113510597", "price": "0.87", "size": "200", "side": "SELL", "hash": "6d9b57fd0bb88bc062d148c968bab3b7e001e43a", "best_bid": "0.56", "best_ask": "0.7"}], "timestamp": "1769384500121", "event_type": "price_change"}}
{"_local_timestamp": "2026-01-25T23:41:40.202965+00:00", "data": {"market": "0x0626021adf6e090218c2ac6c066bce895126f2b2a51d3d249f8a3489fda3775c", "price_changes": [{"asset_id": "82956371499284242319696918682049566607517018307960524453212188261666113510597", "price": "0.46", "size": "0", "side": "BUY", "hash": "add48c7b2d24e9cc3a690fd150790878779f415c", "best_bid": "0.56", "best_ask": "0.7"}, {"asset_id": "81239164025777736199280407112284522609847290779124293397595132051142141303401", "price": "0.54", "size": "0", "side": "SELL", "hash": "8e55677142a44c236b9de1315089e266e53b7e16", "best_bid": "0.3", "best_ask": "0.44"}], "timestamp": "1769384500123", "event_type": "price_change"}}
{"_local_timestamp": "2026-01-25T23:41:40.203483+00:00", "data": {"market": "0x0626021adf6e090218c2ac6c066bce895126f2b2a51d3d249f8a3489fda3775c", "price_changes": [{"asset_id": "81239164025777736199280407112284522609847290779124293397595132051142141303401", "price": "0.21", "size": "5", "side": "BUY", "hash": "0dfd8430ba6305c1394f20050616a3f3a443fd72", "best_bid": "0.3", "best_ask": "0.44"}, {"asset_id": "82956371499284242319696918682049566607517018307960524453212188261666113510597", "price": "0.79", "size": "5", "side": "SELL", "hash": "16aa9dd2906df10486a58260c0b0b09bc1295b16", "best_bid": "0.56", "best_ask": "0.7"}], "timestamp": "1769384500124", "event_type": "price_change"}}
{"_local_timestamp": "2026-01-25T23:41:40.203829+00:00", "data": {"market": "0x0626021adf6e090218c2ac6c066bce895126f2b2a51d3d249f8a3489fda3775c", "price_changes": [{"asset_id": "81239164025777736199280407112284522609847290779124293397595132051142141303401", "price": "0.14", "size": "30", "side": "BUY", "hash": "0dfd8430ba6305c1394f20050616a3f3a443fd72", "best_bid": "0.3", "best_ask": "0.44"}, {"asset_id": "82956371499284242319696918682049566607517018307960524453212188261666113510597", "price": "0.86", "size": "30", "side": "SELL", "hash": "16aa9dd2906df10486a58260c0b0b09bc1295b16", "best_bid": "0.56", "best_ask": "0.7"}], "timestamp": "1769384500124", "event_type": "price_change"}}
