{"_local_timestamp": "2026-01-25T23:33:54.954892+00:00", "data": [{"market": "0x576804ee9df3fb32ac1fe25764c84fdf2a6eb28b4fe66a9801460f44ecb98bc5", "asset_id": "75377239927867306094237568544414168929541339145556678680059452627231461835789", "timestamp": "1769384016174", "hash": "34d34a90a912bb63640457ab25b8375bffca31b4", "bids": [], "asks": [{"price": "0.999", "size": "105.21"}, {"price": "0.99", "size": "1800"}, {"price": "0.98", "size": "1500"}, {"price": "0.979", "size": "12.11"}, {"price": "0.94", "size": "1300"}, {"price": "0.92", "size": "400"}, {"price": "0.919", "size": "7.9"}, {"price": "0.86", "size": "600"}, {"price": "0.5", "size": "20"}, {"price": "0.2", "size": "599.15"}, {"price": "0.19", "size": "500"}, {"price": "0.05", "size": "1000"}, {"price": "0.049", "size": "65"}, {"price": "0.024", "size": "10"}], "event_type": "book", "last_trade_price": ""}, {"market": "0x576804ee9df3fb32ac1fe25764c84fdf2a6eb28b4fe66a9801460f44ecb98bc5", "asset_id": "12775633294453699059014727298399105802336328278612201057647301831500756764380", "timestamp": "1769384016174", "hash": "9a16fd96ae4d7109462f793c32dccd8e61b6c1ff", "bids": [{"price": "0.001", "size": "105.21"}, {"price": "0.01", "size": "1800"}, {"price": "0.02", "size": "1500"}, {"price": "0.021", "size": "12.11"}, {"price": "0.06", "size": "1300"}, {"price": "0.08", "size": "400"}, {"price": "0.081", "size": "7.9"}, {"price": "0.14", "size": "600"}, {"price": "0.5", "size": "20"}, {"price": "0.8", "size": "599.15"}, {"price": "0.81", "size": "500"}, {"price": "0.95", "size": "1000"}, {"price": "0.951", "size": "65"}, {"price": "0.976", "size": "10"}], "asks": [], "event_type": "book", "last_trade_price": ""}]}
{"_local_timestamp": "2026-01-25T23:33:58.212024+00:00", "data": {"market": "0x576804ee9df3fb32ac1fe25764c84fdf2a6eb28b4fe66a9801460f44ecb98bc5", "price_changes": [{"asset_id": "75377239927867306094237568544414168929541339145556678680059452627231461835789", "price": "0.024", "size": "0", "side": "SELL", "hash": "5a4a97cf564dfdf72147d59ba2da57dab2dc1c8b", "best_bid": "0", "best_ask": "0.049"}, {"asset_id": "12775633294453699059014727298399105802336328278612201057647301831500756764380", "price": "0.976", "size": "0", "side": "BUY", "hash": "8b0b37949c6d423173917d255124855efe3e34a5", "best_bid": "0.951", "best_ask": "1"}], "timestamp": "1769384038136", "event_type": "price_change"}}
{"_local_timestamp": "2026-01-25T23:33:58.661348+00:00", "data": {"market": "0x576804ee9df3fb32ac1fe25764c84fdf2a6eb28b4fe66a9801460f44ecb98bc5", "price_changes": [{"asset_id": "75377239927867306094237568544414168929541339145556678680059452627231461835789", "price": "0.023", "size": "10", "side": "SELL", "hash": "9370657e03ccc592500788d2235b9003712bef5e", "best_bid": "0", "best_ask": "0.023"}, {"asset_id": "12775633294453699059014727298399105802336328278612201057647301831500756764380", "price": "0.977", "size": "10", "side": "BUY", "hash": "168c3b2fece804c2e3b77dacce8788dac11e7f19", "best_bid": "0.977", "best_ask": "1"}], "timestamp": "1769384038585", "event_type": "price_change"}}
{"_local_timestamp": "2026-01-25T23:34:17.998831+00:00", "data": {"market": "0x576804ee9df3fb32ac1fe25764c84fdf2a6eb28b4fe66a9801460f44ecb98bc5", "price_changes": [{"asset_id": "12775633294453699059014727298399105802336328278612201057647301831500756764380", "price": "0.081", "size": "0", "side": "BUY", "hash": "4728c9e755d4bc6100bba2b2162ec30161d4f6ac", "best_bid": "0.977", "best_ask": "1"}, {"asset_id": "75377239927867306094237568544414168929541339145556678680059452627231461835789", "price": "0.919", "size": "0", "side": "SELL", "hash": "46a136ee394130f03ad32f7139fc2443a24702e1", "best_bid": "0", "best_ask": "0.023"}], "timestamp": "1769384057757", "event_type": "price_change"}}
{"_local_timestamp": "2026-01-25T23:34:17.999780+00:00", "data": {"market": "0x576804ee9df3fb32ac1fe25764c84fdf2a6eb28b4fe66a9801460f44ecb98bc5", "price_changes": [{"asset_id": "12775633294453699059014727298399105802336328278612201057647301831500756764380", "price": "0.001", "size": "0", "side": "BUY", "hash": "4728c9e755d4bc6100bba2b2162ec30161d4f6ac", "best_bid": "0.977", "best_ask": "1"}, {"asset_id": "75377239927867306094237568544414168929541339145556678680059452627231461835789", "price": "0.999", "size": "0", "side": "SELL", "hash": "46a136ee394130f03ad32f7139fc2443a24702e1", "best_bid": "0", "best_ask": "0.023"}], "timestamp": "1769384057757", "event_type": "price_change"}}
{"_local_timestamp": "2026-01-25T23:34:18.000210+00:00", "data": {"market": "0x576804ee9df3fb32ac1fe25764c84fdf2a6eb28b4fe66a9801460f44ecb98bc5", "price_changes": [{"asset_id": "12775633294453699059014727298399105802336328278612201057647301831500756764380", "price": "0.021", "size": "0", "side": "BUY", "hash": "4728c9e755d4bc6100bba2b2162ec30161d4f6ac", "best_bid": "0.977", "best_ask": "1"}, {"asset_id": "75377239927867306094237568544414168929541339145556678680059452627231461835789", "price": "0.979", "size": "0", "side": "SELL", "hash": "46a136ee394130f03ad32f7139fc2443a24702e1", "best_bid": "0", "best_ask": "0.023"}], "timestamp": "1769384057757", "event_type": "price_change"}}
{"_local_timestamp": "2026-01-25T23:34:19.276053+00:00", "data": {"market": "0x576804ee9df3fb32ac1fe25764c84fdf2a6eb28b4fe66a9801460f44ecb98bc5", "price_changes": [{"asset_id": "75377239927867306094237568544414168929541339145556678680059452627231461835789", "price": "0.023", "size": "0", "side": "SELL", "hash": "6c139ee7cf40a97574ab7203da9b32cca8545bbb", "best_bid": "0", "best_ask": "0.049"}, {"asset_id": "12775633294453699059014727298399105802336328278612201057647301831500756764380", "price": "0.977", "size": "0", "side": "BUY", "hash": "e32ee6da187882da6ae91fcfc44b00becd961f3d", "best_bid": "0.951", "best_ask": "1"}], "timestamp": "1769384059024", "event_type": "price_change"}}
{"_local_timestamp": "2026-01-25T23:34:19.688676+00:00", "data": {"market": "0x576804ee9df3fb32ac1fe25764c84fdf2a6eb28b4fe66a9801460f44ecb98bc5", "price_changes": [{"asset_id": "75377239927867306094237568544414168929541339145556678680059452627231461835789", "price": "0.022", "size": "10", "side": "SELL", "hash": "70d73f4c812b6642082d48cb5fa24067bb55fe1f", "best_bid": "0", "best_ask": "0.022"}, {"asset_id": "12775633294453699059014727298399105802336328278612201057647301831500756764380", "price": "0.978", "size": "10", "side": "BUY", "hash": "18df9f1af11dfb949ca983a5c037039c4de1b9d2", "best_bid": "0.978", "best_ask": "1"}], "timestamp": "1769384059472", "event_type": "price_change"}}
{"_local_timestamp": "2026-01-25T23:34:40.099261+00:00", "data": {"market": "0x576804ee9df3fb32ac1fe25764c84fdf2a6eb28b4fe66a9801460f44ecb98bc5", "price_changes": [{"asset_id": "75377239927867306094237568544414168929541339145556678680059452627231461835789", "price": "0.022", "size": "0", "side": "SELL", "hash": "2673655c080dbbbdf2621f94048dd862512126fb", "best_bid": "0", "best_ask": "0.049"}, {"asset_id": "12775633294453699059014727298399105802336328278612201057647301831500756764380", "price": "0.978", "size": "0", "side": "BUY", "hash": "c875ae68eb583655ede4b64019808020cc6c4f12", "best_bid": "0.951", "best_ask": "1"}], "timestamp": "1769384079961", "event_type": "price_change"}}
{"_local_timestamp": "2026-01-25T23:34:40.601114+00:00", "data": {"market": "0x576804ee9df3fb32ac1fe25764c84fdf2a6eb28b4fe66a9801460f44ecb98bc5", "price_changes": [{"asset_id": "75377239927867306094237568544414168929541339145556678680059452627231461835789", "price": "0.021", "size": "10", "side": "SELL", "hash": "7a74090516a19e891f8f7826f38a906dad77e918", "best_bid": "0", "best_ask": "0.021"}, {"asset_id": "12775633294453699059014727298399105802336328278612201057647301831500756764380", "price": "0.979", "size": "10", "side": "BUY", "hash": "fcb46bad42acdadab226d4a4393dc6d17f6a0f7d", "best_bid": "0.979", "best_ask": "1"}], "timestamp": "1769384080415", "event_type": "price_change"}}
{"_local_timestamp": "2026-01-25T23:35:03.275435+00:00", "data": {"market": "0x576804ee9df3fb32ac1fe25764c84fdf2a6eb28b4fe66a9801460f44ecb98bc5", "price_changes": [{"asset_id": "75377239927867306094237568544414168929541339145556678680059452627231461835789", "price": "0.021", "size": "0", "side": "SELL", "hash": "6024aba1a8f7f4001470285ad03c041daa7a1dbb", "best_bid": "0", "best_ask": "0.049"}, {"asset_id": "12775633294453699059014727298399105802336328278612201057647301831500756764380", "price": "0.979", "size": "0", "side": "BUY", "hash": "7c098a655c611d17631648750113f58be25b22e7", "best_bid": "0.951", "best_ask": "1"}], "timestamp": "1769384103196", "event_type": "price_change"}}
{"_local_timestamp": "2026-01-25T23:35:03.685223+00:00", "data": {"market": "0x576804ee9df3fb32ac1fe25764c84fdf2a6eb28b4fe66a9801460f44ecb98bc5", "price_changes": [{"asset_id": "75377239927867306094237568544414168929541339145556678680059452627231461835789", "price": "0.02", "size": "10", "side": "SELL", "hash": "1f5fe49e63c71995379e1d9d0e6c72ea16de1171", "best_bid": "0", "best_ask": "0.02"}, {"asset_id": "12775633294453699059014727298399105802336328278612201057647301831500756764380", "price": "0.98", "size": "10", "side": "BUY", "hash": "d8d46fe39250ae95e051f35b8c8ab35c2f911003", "best_bid": "0.98", "best_ask": "1"}], "timestamp": "1769384103613", "event_type": "price_change"}}
