{"_local_timestamp": "2026-01-25T23:41:09.606057+00:00", "data": [{"market": "0xb740c90e9f40c2b4922a5f0ed5830627a58cf25ba10e32ce22c3ddde38784020", "asset_id": "32353031756017858115484634567019562771794981764491005687320538838714055693715", "timestamp": "1769384410458", "hash": "2ca80a993414df6124668874cc36ce6f1f2618cf", "bids": [{"price": "0.01", "size": "2990.1"}, {"price": "0.02", "size": "1950"}, {"price": "0.03", "size": "10.55"}, {"price": "0.05", "size": "2300"}, {"price": "0.1", "size": "1500"}, {"price": "0.11", "size": "205.29"}, {"price": "0.2", "size": "800"}, {"price": "0.21", "size": "200"}, {"price": "0.26", "size": "500"}, {"price": "0.29", "size": "200"}, {"price": "0.3", "size": "600"}, {"price": "0.31", "size": "152.03"}, {"price": "0.33", "size": "84"}, {"price": "0.34", "size": "75"}, {"price": "0.36", "size": "36.11"}, {"price": "0.37", "size": "29.72"}, {"price": "0.51", "size": "100"}, {"price": "0.53", "size": "5"}, {"price": "0.55", "size": "50"}], "asks": [{"price": "0.99", "size": "792.27"}, {"price": "0.98", "size": "362.66"}, {"price": "0.97", "size": "500"}, {"price": "0.96", "size": "205.72"}, {"price": "0.95", "size": "84"}, {"price": "0.94", "size": "39.08"}, {"price": "0.92", "size": "62.5"}], "event_type": "book", "last_trade_price": ""}, {"market": "0xb740c90e9f40c2b4922a5f0ed5830627a58cf25ba10e32ce22c3ddde38784020", "asset_id": "38648874395789515597578185233231915368228535062579338648792991407783396918049", "timestamp": "1769384410458", "hash": "680273b81c9e0a58513adb2dc1da458147b4dd17", "bids": [{"price": "0.01", "size": "792.27"}, {"price": "0.02", "size": "362.66"}, {"price": "0.03", "size": "500"}, {"price": "0.04", "size": "205.72"}, {"price": "0.05", "size": "84"}, {"price": "0.06", "size": "39.08"}, {"price": "0.08", "size": "62.5"}], "asks": [{"price": "0.99", "size": "2990.1"}, {"price": "0.98", "size": "1950"}, {"price": "0.97", "size": "10.55"}, {"price": "0.95", "size": "2300"}, {"price": "0.9", "size": "1500"}, {"price": "0.89", "size": "205.29"}, {"price": "0.8", "size": "800"}, {"price": "0.79", "size": "200"}, {"price": "0.74", "size": "500"}, {"price": "0.71", "size": "200"}, {"price": "0.7", "size": "600"}, {"price": "0.69", "size": "152.03"}, {"price": "0.67", "size": "84"}, {"price": "0.66", "size": "75"}, {"price": "0.64", "size": "36.11"}, {"price": "0.63", "size": "29.72"}, {"price": "0.49", "size": "100"}, {"price": "0.47", "size": "5"}, {"price": "0.45", "size": "50"}], "event_type": "book", "last_trade_price": ""}]}
{"_local_timestamp": "2026-01-25T23:41:17.252497+00:00", "data": {"market": "0xb740c90e9f40c2b4922a5f0ed5830627a58cf25ba10e32ce22c3ddde38784020", "price_changes": [{"asset_id": "32353031756017858115484634567019562771794981764491005687320538838714055693715", "price": "0.26", "size": "300", "side": "BUY", "hash": "4eb272d6406d0708803f7f435627d29cc6b6037b", "best_bid": "0.55", "best_ask": "0.92"}, {"asset_id": "38648874395789515597578185233231915368228535062579338648792991407783396918049", "price": "0.74", "size": "300", "side": "SELL", "hash": "849cec983ef9de49dac5c207c86e6bb9a657346c", "best_bid": "0.08", "best_ask": "0.45"}], "timestamp": "1769384477165", "event_type": "price_change"}}
{"_local_timestamp": "2026-01-25T23:41:17.269500+00:00", "data": {"market": "0xb740c90e9f40c2b4922a5f0ed5830627a58cf25ba10e32ce22c3ddde38784020", "price_changes": [{"asset_id": "32353031756017858115484634567019562771794981764491005687320538838714055693715", "price": "0.27", "size": "200", "side": "BUY", "hash": "24f682f48c88661fdaa568dbe61889ec291d088c", "best_bid": "0.55", "best_ask": "0.92"}, {"asset_id": "38648874395789515597578185233231915368228535062579338648792991407783396918049", "price": "0.73", "size": "200", "side": "SELL", "hash": "92d6539863ec5b2d8cef8c70ecfa4c1bb1fb6b2b", "best_bid": "0.08", "best_ask": "0.45"}], "timestamp": "1769384477169", "event_type": "price_change"}}
{"_local_timestamp": "2026-01-25T23:41:27.205004+00:00", "data": {"market": "0xb740c90e9f40c2b4922a5f0ed5830627a58cf25ba10e32ce22c3ddde38784020", "price_changes": [{"asset_id": "38648874395789515597578185233231915368228535062579338648792991407783396918049", "price": "0.02", "size": "212.66", "side": "BUY", "hash": "147c394ab2daead9fad5312f237d946d356d17ef", "best_bid": "0.08", "best_ask": "0.45"}, {"asset_id": "32353031756017858115484634567019562771794981764491005687320538838714055693715", "price": "0.98", "size": "212.66", "side": "SELL", "hash": "35e10011f22d204476b149ef465a831771863a5b", "best_bid": "0.55", "best_ask": "0.92"}], "timestamp": "1769384487001", "event_type": "price_change"}}
{"_local_timestamp": "2026-01-25T23:41:27.255226+00:00", "data": {"market": "0xb740c90e9f40c2b4922a5f0ed5830627a58cf25ba10e32ce22c3ddde38784020", "price_changes": [{"asset_id": "32353031756017858115484634567019562771794981764491005687320538838714055693715", "price": "0.02", "size": "1800", "side": "BUY", "hash": "27cd407d663a7232baf3aa893795810bf00bbfe1", "best_bid": "0.55", "best_ask": "0.92"}, {"asset_id": "38648874395789515597578185233231915368228535062579338648792991407783396918049", "price": "0.98", "size": "1800", "side": "SELL", "hash": "8d2cf9ef2146b7b33ab3a4e4f5969ed4f8fc253f", "best_bid": "0.08", "best_ask": "0.45"}], "timestamp": "1769384487004", "event_type": "price_change"}}
{"_local_timestamp": "2026-01-25T23:41:36.140819+00:00", "data": {"market": "0xb740c90e9f40c2b4922a5f0ed5830627a58cf25ba10e32ce22c3ddde38784020", "price_changes": [{"asset_id": "38648874395789515597578185233231915368228535062579338648792991407783396918049", "price": "0.02", "size": "362.66", "side": "BUY", "hash": "deda423b19b84b61db064265cf430a68ce2fc8f8", "best_bid": "0.08", "best_ask": "0.45"}, {"asset_id": "32353031756017858115484634567019562771794981764491005687320538838714055693715", "price": "0.98", "size": "362.66", "side": "SELL", "hash": "a62edf362af7f2b652c26e63f7c43709087c1c42", "best_bid": "0.55", "best_ask": "0.92"}], "timestamp": "1769384496061", "event_type": "price_change"}}
{"_local_timestamp": "2026-01-25T23:41:36.151594+00:00", "data": {"market": "0xb740c90e9f40c2b4922a5f0ed5830627a58cf25ba10e32ce22c3ddde38784020", "price_changes": [{"asset_id": "32353031756017858115484634567019562771794981764491005687320538838714055693715", "price": "0.02", "size": "1950", "side": "BUY", "hash": "ec35bd84979f82eaa5d39f532103b3f0b148780b", "best_bid": "0.55", "best_ask": "0.92"}, {"asset_id": "38648874395789515597578185233231915368228535062579338648792991407783396918049", "price": "0.98", "size": "1950", "side": "SELL", "hash": "6afe34639bd8d95093c1cc11cc1f8db211fface8", "best_bid": "0.08", "best_ask": "0.45"}], "timestamp": "1769384496062", "event_type": "price_change"}}
