{"_local_timestamp": "2026-01-25T23:41:07.736800+00:00", "data": [{"market": "0x9086c36debbba7c4f515ea6e0937764b101a672ab9126edd47beb315fae32a5f", "asset_id": "90309620512318358478532881212285829690853597566117567936348371694520222272837", "timestamp": "1769384412948", "hash": "90c3b3a52e372458b813b225ed1611c4761e53b9", "bids": [{"price": "0.01", "size": "2452.11"}, {"price": "0.02", "size": "413.25"}, {"price": "0.03", "size": "12.88"}, {"price": "0.04", "size": "16.21"}, {"price": "0.05", "size": "5"}, {"price": "0.06", "size": "150"}, {"price": "0.07", "size": "986.09"}, {"price": "0.08", "size": "232.09"}, {"price": "0.09", "size": "100"}], "asks": [{"price": "0.99", "size": "13979.13"}, {"price": "0.98", "size": "2250"}, {"price": "0.97", "size": "10.12"}, {"price": "0.95", "size": "3899.11"}, {"price": "0.94", "size": "2199.11"}, {"price": "0.93", "size": "250"}, {"price": "0.92", "size": "400"}, {"price": "0.9", "size": "10"}, {"price": "0.89", "size": "5.44"}, {"price": "0.85", "size": "500"}, {"price": "0.8", "size": "700"}, {"price": "0.75", "size": "400"}, {"price": "0.67", "size": "200"}, {"price": "0.65", "size": "100"}, {"price": "0.6", "size": "300"}, {"price": "0.5", "size": "10"}, {"price": "0.41", "size": "100"}, {"price": "0.39", "size": "100"}, {"price": "0.37", "size": "5"}, {"price": "0.29", "size": "7.16"}, {"price": "0.28", "size": "18.05"}, {"price": "0.27", "size": "215.06"}, {"price": "0.19", "size": "150"}, {"price": "0.18", "size": "10.22"}, {"price": "0.16", "size": "5"}, {"price": "0.14", "size": "5"}, {"price": "0.13", "size": "5"}, {"price": "0.12", "size": "1571.81"}, {"price": "0.1", "size": "5993.83"}], "event_type": "book", "last_trade_price": "0.900"}, {"market": "0x9086c36debbba7c4f515ea6e0937764b101a672ab9126edd47beb315fae32a5f", "asset_id": "114257893546944041419030008424343463729956007545768680110657102669697110418246", "timestamp": "1769384412948", "hash": "7374a7bfb5db189c59f45e30ccbbc65cfdf19b27", "bids": [{"price": "0.01", "size": "13979.13"}, {"price": "0.02", "size": "2250"}, {"price": "0.03", "size": "10.12"}, {"price": "0.05", "size": "3899.11"}, {"price": "0.06", "size": "2199.11"}, {"price": "0.07", "size": "250"}, {"price": "0.08", "size": "400"}, {"price": "0.1", "size": "10"}, {"price": "0.11", "size": "5.44"}, {"price": "0.15", "size": "500"}, {"price": "0.2", "size": "700"}, {"price": "0.25", "size": "400"}, {"price": "0.33", "size": "200"}, {"price": "0.35", "size": "100"}, {"price": "0.4", "size": "300"}, {"price": "0.5", "size": "10"}, {"price": "0.59", "size": "100"}, {"price": "0.61", "size": "100"}, {"price": "0.63", "size": "5"}, {"price": "0.71", "size": "7.16"}, {"price": "0.72", "size": "18.05"}, {"price": "0.73", "size": "215.06"}, {"price": "0.81", "size": "150"}, {"price": "0.82", "size": "10.22"}, {"price": "0.84", "size": "5"}, {"price": "0.86", "size": "5"}, {"price": "0.87", "size": "5"}, {"price": "0.88", "size": "1571.81"}, {"price": "0.9", "size": "5993.83"}], "asks": [{"price": "0.99", "size": "2452.11"}, {"price": "0.98", "size": "413.25"}, {"price": "0.97", "size": "12.88"}, {"price": "0.96", "size": "16.21"}, {"price": "0.95", "size": "5"}, {"price": "0.94", "size": "150"}, {"price": "0.93", "size": "986.09"}, {"price": "0.92", "size": "232.09"}, {"price": "0.91", "size": "100"}], "event_type": "book", "last_trade_price": "0.900"}]}
{"_local_timestamp": "2026-01-25T23:41:11.830664+00:00", "data": {"market": "0x9086c36debbba7c4f515ea6e0937764b101a672ab9126edd47beb315fae32a5f", "price_changes": [{"asset_id": "90309620512318358478532881212285829690853597566117567936348371694520222272837", "price": "0.08", "size": "51.37", "side": "BUY", "hash": "dcb7d88b8cf06383780db2111a69acd3811447e2", "best_bid": "0.09", "best_ask": "0.1"}, {"asset_id": "114257893546944041419030008424343463729956007545768680110657102669697110418246", "price": "0.92", "size": "51.37", "side": "SELL", "hash": "bce6f837fcd7c7eef3ab19b4040aa813b2a7f3e1", "best_bid": "0.9", "best_ask": "0.91"}], "timestamp": "1769384471756", "event_type": "price_change"}}
{"_local_timestamp": "2026-01-25T23:41:12.339793+00:00", "data": {"market": "0x9086c36debbba7c4f515ea6e0937764b101a672ab9126edd47beb315fae32a5f", "price_changes": [{"asset_id": "90309620512318358478532881212285829690853597566117567936348371694520222272837", "price": "0.07", "size": "886.09", "side": "BUY", "hash": "a0ff0fc2c29353e8a74d1454728b86441dd3f855", "best_bid": "0.09", "best_ask": "0.1"}, {"asset_id": "114257893546944041419030008424343463729956007545768680110657102669697110418246", "price": "0.93", "size": "886.09", "side": "SELL", "hash": "4ca0b4967fabecdfc4a1b91ccfd18af72e456889", "best_bid": "0.9", "best_ask": "0.91"}], "timestamp": "1769384472270", "event_type": "price_change"}}
{"_local_timestamp": "2026-01-25T23:41:24.874962+00:00", "data": {"market": "0x9086c36debbba7c4f515ea6e0937764b101a672ab9126edd47beb315fae32a5f", "price_changes": [{"asset_id": "114257893546944041419030008424343463729956007545768680110657102669697110418246", "price": "0.9", "size": "5974.83", "side": "BUY", "hash": "71078ba48968e2203eadbff2750f47e940243887", "best_bid": "0.9", "best_ask": "0.91"}, {"asset_id": "90309620512318358478532881212285829690853597566117567936348371694520222272837", "price": "0.1", "size": "5974.83", "side": "SELL", "hash": "d1599e63db70cda93979004aa10541ac90d27817", "best_bid": "0.09", "best_ask": "0.1"}], "timestamp": "1769384484805", "event_type": "price_change"}}
{"_local_timestamp": "2026-01-25T23:41:24.875920+00:00", "data": {"market": "0x9086c36debbba7c4f515ea6e0937764b101a672ab9126edd47beb315fae32a5f", "asset_id": "90309620512318358478532881212285829690853597566117567936348371694520222272837", "bids": [{"price": "0.01", "size": "2452.11"}, {"price": "0.02", "size": "413.25"}, {"price": "0.03", "size": "12.88"}, {"price": "0.04", "size": "16.21"}, {"price": "0.05", "size": "5"}, {"price": "0.06", "size": "150"}, {"price": "0.07", "size": "886.09"}, {"price": "0.08", "size": "51.37"}, {"price": "0.09", "size": "100"}], "asks": [{"price": "0.99", "size": "13979.13"}, {"price": "0.98", "size": "2250"}, {"price": "0.97", "size": "10.12"}, {"price": "0.95", "size": "3899.11"}, {"price": "0.94", "size": "2199.11"}, {"price": "0.93", "size": "250"}, {"price": "0.92", "size": "400"}, {"price": "0.9", "size": "10"}, {"price": "0.89", "size": "5.44"}, {"price": "0.85", "size": "500"}, {"price": "0.8", "size": "700"}, {"price": "0.75", "size": "400"}, {"price": "0.67", "size": "200"}, {"price": "0.65", "size": "100"}, {"price": "0.6", "size": "300"}, {"price": "0.5", "size": "10"}, {"price": "0.41", "size": "100"}, {"price": "0.39", "size": "100"}, {"price": "0.37", "size": "5"}, {"price": "0.29", "size": "7.16"}, {"price": "0.28", "size": "18.05"}, {"price": "0.27", "size": "215.06"}, {"price": "0.19", "size": "150"}, {"price": "0.18", "size": "10.22"}, {"price": "0.16", "size": "5"}, {"price": "0.14", "size": "5"}, {"price": "0.13", "size": "5"}, {"price": "0.12", "size": "1571.81"}, {"price": "0.1", "size": "5974.83"}], "hash": "d1599e63db70cda93979004aa10541ac90d27817", "timestamp": "1769384484805", "event_type": "book"}}
{"_local_timestamp": "2026-01-25T23:41:24.882264+00:00", "data": {"market": "0x9086c36debbba7c4f515ea6e0937764b101a672ab9126edd47beb315fae32a5f", "asset_id": "114257893546944041419030008424343463729956007545768680110657102669697110418246", "bids": [{"price": "0.01", "size": "13979.13"}, {"price": "0.02", "size": "2250"}, {"price": "0.03", "size": "10.12"}, {"price": "0.05", "size": "3899.11"}, {"price": "0.06", "size": "2199.11"}, {"price": "0.07", "size": "250"}, {"price": "0.08", "size": "400"}, {"price": "0.1", "size": "10"}, {"price": "0.11", "size": "5.44"}, {"price": "0.15", "size": "500"}, {"price": "0.2", "size": "700"}, {"price": "0.25", "size": "400"}, {"price": "0.33", "size": "200"}, {"price": "0.35", "size": "100"}, {"price": "0.4", "size": "300"}, {"price": "0.5", "size": "10"}, {"price": "0.59", "size": "100"}, {"price": "0.61", "size": "100"}, {"price": "0.63", "size": "5"}, {"price": "0.71", "size": "7.16"}, {"price": "0.72", "size": "18.05"}, {"price": "0.73", "size": "215.06"}, {"price": "0.81", "size": "150"}, {"price": "0.82", "size": "10.22"}, {"price": "0.84", "size": "5"}, {"price": "0.86", "size": "5"}, {"price": "0.87", "size": "5"}, {"price": "0.88", "size": "1571.81"}, {"price": "0.9", "size": "5974.83"}], "asks": [{"price": "0.99", "size": "2452.11"}, {"price": "0.98", "size": "413.25"}, {"price": "0.97", "size": "12.88"}, {"price": "0.96", "size": "16.21"}, {"price": "0.95", "size": "5"}, {"price": "0.94", "size": "150"}, {"price": "0.93", "size": "886.09"}, {"price": "0.92", "size": "51.37"}, {"price": "0.91", "size": "100"}], "hash": "71078ba48968e2203eadbff2750f47e940243887", "timestamp": "1769384484805", "event_type": "book"}}
{"_local_timestamp": "2026-01-25T23:41:24.940777+00:00", "data": {"market": "0x9086c36debbba7c4f515ea6e0937764b101a672ab9126edd47beb315fae32a5f", "asset_id": "90309620512318358478532881212285829690853597566117567936348371694520222272837", "price": "0.1", "size": "19", "fee_rate_bps": "0", "side": "BUY", "timestamp": "1769384484856", "event_type": "last_trade_price", "transaction_hash": "0xcd82bff07663d196d6287eafccab2511349051842fc3239f81fcf928448a961c"}}
{"_local_timestamp": "2026-01-25T23:41:25.269668+00:00", "data": {"market": "0x9086c36debbba7c4f515ea6e0937764b101a672ab9126edd47beb315fae32a5f", "price_changes": [{"asset_id": "114257893546944041419030008424343463729956007545768680110657102669697110418246", "price": "0.88", "size": "1071.81", "side": "BUY", "hash": "eebe829ecee53e50a1c045f593e8e31057310859", "best_bid": "0.9", "best_ask": "0.91"}, {"asset_id": "90309620512318358478532881212285829690853597566117567936348371694520222272837", "price": "0.12", "size": "1071.81", "side": "SELL", "hash": "6dc27e89b6af5b85fec90d1b927ce518e477f058", "best_bid": "0.09", "best_ask": "0.1"}], "timestamp": "1769384485198", "event_type": "price_change"}}
{"_local_timestamp": "2026-01-25T23:41:27.148170+00:00", "data": {"market": "0x9086c36debbba7c4f515ea6e0937764b101a672ab9126edd47beb315fae32a5f", "price_changes": [{"asset_id": "90309620512318358478532881212285829690853597566117567936348371694520222272837", "price": "0.08", "size": "96.55", "side": "BUY", "hash": "edb81d096e78a647319307d2dc75fd080ca9c560", "best_bid": "0.09", "best_ask": "0.1"}, {"asset_id": "114257893546944041419030008424343463729956007545768680110657102669697110418246", "price": "0.92", "size": "96.55", "side": "SELL", "hash": "fbf9b064bea192f5da16eae5e9e4f84844ffbc44", "best_bid": "0.9", "best_ask": "0.91"}], "timestamp": "1769384487072", "event_type": "price_change"}}
{"_local_timestamp": "2026-01-25T23:41:27.149841+00:00", "data": {"market": "0x9086c36debbba7c4f515ea6e0937764b101a672ab9126edd47beb315fae32a5f", "price_changes": [{"asset_id": "90309620512318358478532881212285829690853597566117567936348371694520222272837", "price": "0.08", "size": "141.73", "side": "BUY", "hash": "ca35544077bceb7081549741f5d9c7aa558d86db", "best_bid": "0.09", "best_ask": "0.1"}, {"asset_id": "114257893546944041419030008424343463729956007545768680110657102669697110418246", "price": "0.92", "size": "141.73", "side": "SELL", "hash": "c60747ce4021e123379806cb84693a5f43577898", "best_bid": "0.9", "best_ask": "0.91"}], "timestamp": "1769384487072", "event_type": "price_change"}}
{"_local_timestamp": "2026-01-25T23:41:27.150783+00:00", "data": {"market": "0x9086c36debbba7c4f515ea6e0937764b101a672ab9126edd47beb315fae32a5f", "price_changes": [{"asset_id": "90309620512318358478532881212285829690853597566117567936348371694520222272837", "price": "0.08", "size": "186.91", "side": "BUY", "hash": "14b71bfdd5fe32044d5fa9f703a98d6d384a7770", "best_bid": "0.09", "best_ask": "0.1"}, {"asset_id": "114257893546944041419030008424343463729956007545768680110657102669697110418246", "price": "0.92", "size": "186.91", "side": "SELL", "hash": "b8b4d56555a4688a9800b2f44dc8cc77bb39057d", "best_bid": "0.9", "best_ask": "0.91"}], "timestamp": "1769384487073", "event_type": "price_change"}}
{"_local_timestamp": "2026-01-25T23:41:27.152040+00:00", "data": {"market": "0x9086c36debbba7c4f515ea6e0937764b101a672ab9126edd47beb315fae32a5f", "price_changes": [{"asset_id": "90309620512318358478532881212285829690853597566117567936348371694520222272837", "price": "0.08", "size": "232.09", "side": "BUY", "hash": "cbfb8726c24fbbce214dd9edb3766b125fc2844a", "best_bid": "0.09", "best_ask": "0.1"}, {"asset_id": "114257893546944041419030008424343463729956007545768680110657102669697110418246", "price": "0.92", "size": "232.09", "side": "SELL", "hash": "0580dc3604b6c196840323f66dc0eff0d824057d", "best_bid": "0.9", "best_ask": "0.91"}], "timestamp": "1769384487073", "event_type": "price_change"}}
{"_local_timestamp": "2026-01-25T23:42:17.192295+00:00", "data": {"market": "0x9086c36debbba7c4f515ea6e0937764b101a672ab9126edd47beb315fae32a5f", "price_changes": [{"asset_id": "90309620512318358478532881212285829690853597566117567936348371694520222272837", "price": "0.08", "size": "51.37", "side": "BUY", "hash": "f3f27fb056fcb79907de7ed2f332e249a51fa2d4", "best_bid": "0.09", "best_ask": "0.1"}, {"asset_id": "114257893546944041419030008424343463729956007545768680110657102669697110418246", "price": "0.92", "size": "51.37", "side": "SELL", "hash": "4d54f71552278b5db625a1e9056e40c657144ffa", "best_bid": "0.9", "best_ask": "0.91"}], "timestamp": "1769384537098", "event_type": "price_change"}}
{"_local_timestamp": "2026-01-25T23:42:17.923841+00:00", "data": {"market": "0x9086c36debbba7c4f515ea6e0937764b101a672ab9126edd47beb315fae32a5f", "price_changes": [{"asset_id": "114257893546944041419030008424343463729956007545768680110657102669697110418246", "price": "0.88", "size": "571.81", "side": "BUY", "hash": "bfbf2795d49f1bd1612c102103f16a09026b45ff", "best_bid": "0.9", "best_ask": "0.91"}, {"asset_id": "90309620512318358478532881212285829690853597566117567936348371694520222272837", "price": "0.12", "size": "571.81", "side": "SELL", "hash": "682b0de4c740c1450505631240356cc7b58ebc42", "best_bid": "0.09", "best_ask": "0.1"}], "timestamp": "1769384537809", "event_type": "price_change"}}
{"_local_timestamp": "2026-01-25T23:42:29.754428+00:00", "data": {"market": "0x9086c36debbba7c4f515ea6e0937764b101a672ab9126edd47beb315fae32a5f", "price_changes": [{"asset_id": "90309620512318358478532881212285829690853597566117567936348371694520222272837", "price": "0.08", "size": "96.55", "side": "BUY", "hash": "b551929578f4ca6f71e34198bef8f5eac982e06d", "best_bid": "0.09", "best_ask": "0.1"}, {"asset_id": "114257893546944041419030008424343463729956007545768680110657102669697110418246", "price": "0.92", "size": "96.55", "side": "SELL", "hash": "4e2b93444f7051507920e9f36018c3c4abf337c2", "best_bid": "0.9", "best_ask": "0.91"}], "timestamp": "1769384549602", "event_type": "price_change"}}
{"_local_timestamp": "2026-01-25T23:42:29.754967+00:00", "data": {"market": "0x9086c36debbba7c4f515ea6e0937764b101a672ab9126edd47beb315fae32a5f", "price_changes": [{"asset_id": "90309620512318358478532881212285829690853597566117567936348371694520222272837", "price": "0.08", "size": "141.73", "side": "BUY", "hash": "fccb9898f564f86f2f62286c43260bff074d7fd1", "best_bid": "0.09", "best_ask": "0.1"}, {"asset_id": "114257893546944041419030008424343463729956007545768680110657102669697110418246", "price": "0.92", "size": "141.73", "side": "SELL", "hash": "a6336da92f50970e0b624fcdf418bc0de79629cd", "best_bid": "0.9", "best_ask": "0.91"}], "timestamp": "1769384549603", "event_type": "price_change"}}
{"_local_timestamp": "2026-01-25T23:42:29.755630+00:00", "data": {"market": "0x9086c36debbba7c4f515ea6e0937764b101a672ab9126edd47beb315fae32a5f", "price_changes": [{"asset_id": "90309620512318358478532881212285829690853597566117567936348371694520222272837", "price": "0.08", "size": "186.91", "side": "BUY", "hash": "691a81fd7f3534b566ee43cc72100ef882152036", "best_bid": "0.09", "best_ask": "0.1"}, {"asset_id": "114257893546944041419030008424343463729956007545768680110657102669697110418246", "price": "0.92", "size": "186.91", "side": "SELL", "hash": "d1c818ad6bb7c5e6e33bbe12a68bae17b56156e4", "best_bid": "0.9", "best_ask": "0.91"}], "timestamp": "1769384549603", "event_type": "price_change"}}
{"_local_timestamp": "2026-01-25T23:42:29.756245+00:00", "data": {"market": "0x9086c36debbba7c4f515ea6e0937764b101a672ab9126edd47beb315fae32a5f", "price_changes": [{"asset_id": "90309620512318358478532881212285829690853597566117567936348371694520222272837", "price": "0.08", "size": "232.09", "side": "BUY", "hash": "408c2a99c42d784995a44051807bfb71db557f61", "best_bid": "0.09", "best_ask": "0.1"}, {"asset_id": "114257893546944041419030008424343463729956007545768680110657102669697110418246", "price": "0.92", "size": "232.09", "side": "SELL", "hash": "fa6c3f9e92bb8dd54ae288c364afdc87283766ea", "best_bid": "0.9", "best_ask": "0.91"}], "timestamp": "1769384549604", "event_type": "price_change"}}
{"_local_timestamp": "2026-01-25T23:43:02.211849+00:00", "data": {"market": "0x9086c36debbba7c4f515ea6e0937764b101a672ab9126edd47beb315fae32a5f", "price_changes": [{"asset_id": "114257893546944041419030008424343463729956007545768680110657102669697110418246", "price": "0.02", "size": "2100", "side": "BUY", "hash": "e44c0b5ebfc869c51eeba60ae52e9de8c0223d4d", "best_bid": "0.9", "best_ask": "0.91"}, {"asset_id": "90309620512318358478532881212285829690853597566117567936348371694520222272837", "price": "0.98", "size": "2100", "side": "SELL", "hash": "a5ac9a68bb4392d71d59b3e53190076d1ee21196", "best_bid": "0.09", "best_ask": "0.1"}], "timestamp": "1769384582005", "event_type": "price_change"}}
{"_local_timestamp": "2026-01-25T23:43:02.216005+00:00", "data": {"market": "0x9086c36debbba7c4f515ea6e0937764b101a672ab9126edd47beb315fae32a5f", "price_changes": [{"asset_id": "90309620512318358478532881212285829690853597566117567936348371694520222272837", "price": "0.02", "size": "263.25", "side": "BUY", "hash": "f86ca6bdec3778b0c3d985ac550633379e36e074", "best_bid": "0.09", "best_ask": "0.1"}, {"asset_id": "114257893546944041419030008424343463729956007545768680110657102669697110418246", "price": "0.98", "size": "263.25", "side": "SELL", "hash": "83cb4e6d7386029aeb06bc259c3b6c193e7578a9", "best_bid": "0.9", "best_ask": "0.91"}], "timestamp": "1769384582008", "event_type": "price_change"}}
{"_local_timestamp": "2026-01-25T23:43:06.274260+00:00", "data": {"market": "0x9086c36debbba7c4f515ea6e0937764b101a672ab9126edd47beb315fae32a5f", "price_changes": [{"asset_id": "114257893546944041419030008424343463729956007545768680110657102669697110418246", "price": "0.02", "size": "2250", "side": "BUY", "hash": "55034415856f62ee038c7b92b921592d11d18bf0", "best_bid": "0.9", "best_ask": "0.91"}, {"asset_id": "90309620512318358478532881212285829690853597566117567936348371694520222272837", "price": "0.98", "size": "2250", "side": "SELL", "hash": "50f176031592775ce79617eb2872ae3ab776fa0d", "best_bid": "0.09", "best_ask": "0.1"}], "timestamp": "1769384586130", "event_type": "price_change"}}
{"_local_timestamp": "2026-01-25T23:43:06.299026+00:00", "data": {"market": "0x9086c36debbba7c4f515ea6e0937764b101a672ab9126edd47beb315fae32a5f", "price_changes": [{"asset_id": "90309620512318358478532881212285829690853597566117567936348371694520222272837", "price": "0.02", "size": "413.25", "side": "BUY", "hash": "243afd8553efd05c0762820637b5a804a14b2a97", "best_bid": "0.09", "best_ask": "0.1"}, {"asset_id": "114257893546944041419030008424343463729956007545768680110657102669697110418246", "price": "0.98", "size": "413.25", "side": "SELL", "hash": "43d60cd0836fac09079d913a0e4bd330bd79dbcc", "best_bid": "0.9", "best_ask": "0.91"}], "timestamp": "1769384586153", "event_type": "price_change"}}
{"_local_timestamp": "2026-01-25T23:43:14.562138+00:00", "data": {"market": "0x9086c36debbba7c4f515ea6e0937764b101a672ab9126edd47beb315fae32a5f", "price_changes": [{"asset_id": "90309620512318358478532881212285829690853597566117567936348371694520222272837", "price": "0.08", "size": "51.37", "side": "BUY", "hash": "6b21ceaddf03e6f159e675d9bd70258183bcffb7", "best_bid": "0.09", "best_ask": "0.1"}, {"asset_id": "114257893546944041419030008424343463729956007545768680110657102669697110418246", "price": "0.92", "size": "51.37", "side": "SELL", "hash": "d86ea64cb0b3cd48bee86697989dd9f1eec58aed", "best_bid": "0.9", "best_ask": "0.91"}], "timestamp": "1769384594439", "event_type": "price_change"}}
{"_local_timestamp": "2026-01-25T23:43:26.774356+00:00", "data": {"market": "0x9086c36debbba7c4f515ea6e0937764b101a672ab9126edd47beb315fae32a5f", "price_changes": [{"asset_id": "90309620512318358478532881212285829690853597566117567936348371694520222272837", "price": "0.08", "size": "96.55", "side": "BUY", "hash": "cc48a56d89a43ce1deae722c0c4b6633ec37176c", "best_bid": "0.09", "best_ask": "0.1"}, {"asset_id": "114257893546944041419030008424343463729956007545768680110657102669697110418246", "price": "0.92", "size": "96.55", "side": "SELL", "hash": "321f582d0e093b8448848669e66713ad88d63ff7", "best_bid": "0.9", "best_ask": "0.91"}], "timestamp": "1769384606672", "event_type": "price_change"}}
{"_local_timestamp": "2026-01-25T23:43:26.774856+00:00", "data": {"market": "0x9086c36debbba7c4f515ea6e0937764b101a672ab9126edd47beb315fae32a5f", "price_changes": [{"asset_id": "90309620512318358478532881212285829690853597566117567936348371694520222272837", "price": "0.08", "size": "141.73", "side": "BUY", "hash": "a2aba041252d73d75f9300db3cd05064cc80892d", "best_bid": "0.09", "best_ask": "0.1"}, {"asset_id": "114257893546944041419030008424343463729956007545768680110657102669697110418246", "price": "0.92", "size": "141.73", "side": "SELL", "hash": "105db68ff173fb5d03f62b43173d4d470e66237c", "best_bid": "0.9", "best_ask": "0.91"}], "timestamp": "1769384606672", "event_type": "price_change"}}
{"_local_timestamp": "2026-01-25T23:43:26.775449+00:00", "data": {"market": "0x9086c36debbba7c4f515ea6e0937764b101a672ab9126edd47beb315fae32a5f", "price_changes": [{"asset_id": "90309620512318358478532881212285829690853597566117567936348371694520222272837", "price": "0.08", "size": "186.91", "side": "BUY", "hash": "30edeb63276acc23d12330c7ebedd6001fa4d7b9", "best_bid": "0.09", "best_ask": "0.1"}, {"asset_id": "114257893546944041419030008424343463729956007545768680110657102669697110418246", "price": "0.92", "size": "186.91", "side": "SELL", "hash": "3d900db5f5a96bde3c9f8e0764402808aaf510eb", "best_bid": "0.9", "best_ask": "0.91"}], "timestamp": "1769384606673", "event_type": "price_change"}}
{"_local_timestamp": "2026-01-25T23:43:26.775837+00:00", "data": {"market": "0x9086c36debbba7c4f515ea6e0937764b101a672ab9126edd47beb315fae32a5f", "price_changes": [{"asset_id": "90309620512318358478532881212285829690853597566117567936348371694520222272837", "price": "0.08", "size": "232.09", "side": "BUY", "hash": "1b0d3a43432818f2e12c300006dd4599d6a68607", "best_bid": "0.09", "best_ask": "0.1"}, {"asset_id": "114257893546944041419030008424343463729956007545768680110657102669697110418246", "price": "0.92", "size": "232.09", "side": "SELL", "hash": "0f52e0b702a7acf763701a163ac63a597bf619de", "best_bid": "0.9", "best_ask": "0.91"}], "timestamp": "1769384606673", "event_type": "price_change"}}
{"_local_timestamp": "2026-01-25T23:44:10.688070+00:00", "data": {"market": "0x9086c36debbba7c4f515ea6e0937764b101a672ab9126edd47beb315fae32a5f", "price_changes": [{"asset_id": "90309620512318358478532881212285829690853597566117567936348371694520222272837", "price": "0.08", "size": "51.37", "side": "BUY", "hash": "4d69206d2f4e290baea351b8b80de68169ae92d3", "best_bid": "0.09", "best_ask": "0.1"}, {"asset_id": "114257893546944041419030008424343463729956007545768680110657102669697110418246", "price": "0.92", "size": "51.37", "side": "SELL", "hash": "e8e81a8b30b94721e85cc6bb140274a2df997c17", "best_bid": "0.9", "best_ask": "0.91"}], "timestamp": "1769384650565", "event_type": "price_change"}}
{"_local_timestamp": "2026-01-25T23:44:24.543873+00:00", "data": {"market": "0x9086c36debbba7c4f515ea6e0937764b101a672ab9126edd47beb315fae32a5f", "price_changes": [{"asset_id": "90309620512318358478532881212285829690853597566117567936348371694520222272837", "price": "0.08", "size": "96.55", "side": "BUY", "hash": "1660319758895abbb5f26a302cb7d617384d7633", "best_bid": "0.09", "best_ask": "0.1"}, {"asset_id": "114257893546944041419030008424343463729956007545768680110657102669697110418246", "price": "0.92", "size": "96.55", "side": "SELL", "hash": "38f382f094641a8519076fd717d8ff0a94085881", "best_bid": "0.9", "best_ask": "0.91"}], "timestamp": "1769384664475", "event_type": "price_change"}}
{"_local_timestamp": "2026-01-25T23:44:24.544585+00:00", "data": {"market": "0x9086c36debbba7c4f515ea6e0937764b101a672ab9126edd47beb315fae32a5f", "price_changes": [{"asset_id": "90309620512318358478532881212285829690853597566117567936348371694520222272837", "price": "0.08", "size": "141.73", "side": "BUY", "hash": "11a54e4450eefe69c5e225ed56a45f82fbfb48ee", "best_bid": "0.09", "best_ask": "0.1"}, {"asset_id": "114257893546944041419030008424343463729956007545768680110657102669697110418246", "price": "0.92", "size": "141.73", "side": "SELL", "hash": "7b10cc15312bfdf8c64aec4b9031d8873bde7268", "best_bid": "0.9", "best_ask": "0.91"}], "timestamp": "1769384664475", "event_type": "price_change"}}
{"_local_timestamp": "2026-01-25T23:44:24.544914+00:00", "data": {"market": "0x9086c36debbba7c4f515ea6e0937764b101a672ab9126edd47beb315fae32a5f", "price_changes": [{"asset_id": "90309620512318358478532881212285829690853597566117567936348371694520222272837", "price": "0.08", "size": "186.91", "side": "BUY", "hash": "0f59feba01d833c21c6aa0b24368eab0a7a3fbf7", "best_bid": "0.09", "best_ask": "0.1"}, {"asset_id": "114257893546944041419030008424343463729956007545768680110657102669697110418246", "price": "0.92", "size": "186.91", "side": "SELL", "hash": "9b67a581bce4470c41ddf54deee00b0c1ffd61fb", "best_bid": "0.9", "best_ask": "0.91"}], "timestamp": "1769384664476", "event_type": "price_change"}}
{"_local_timestamp": "2026-01-25T23:44:24.545263+00:00", "data": {"market": "0x9086c36debbba7c4f515ea6e0937764b101a672ab9126edd47beb315fae32a5f", "price_changes": [{"asset_id": "90309620512318358478532881212285829690853597566117567936348371694520222272837", "price": "0.08", "size": "232.09", "side": "BUY", "hash": "e09769da6b2d5d03cc60f558ba17188990fb1378", "best_bid": "0.09", "best_ask": "0.1"}, {"asset_id": "114257893546944041419030008424343463729956007545768680110657102669697110418246", "price": "0.92", "size": "232.09", "side": "SELL", "hash": "ec4451e358f957f85468844f61dc36e783e8b787", "best_bid": "0.9", "best_ask": "0.91"}], "timestamp": "1769384664476", "event_type": "price_change"}}
{"_local_timestamp": "2026-01-25T23:45:12.939793+00:00", "data": {"market": "0x9086c36debbba7c4f515ea6e0937764b101a672ab9126edd47beb315fae32a5f", "price_changes": [{"asset_id": "90309620512318358478532881212285829690853597566117567936348371694520222272837", "price": "0.04", "size": "5", "side": "BUY", "hash": "771ed3929a14312c729e9371d9cf6e6546eea810", "best_bid": "0.09", "best_ask": "0.1"}, {"asset_id": "114257893546944041419030008424343463729956007545768680110657102669697110418246", "price": "0.96", "size": "5", "side": "SELL", "hash": "d9f78ddcd4cbe95f72a863ff6da8db0be67b7975", "best_bid": "0.9", "best_ask": "0.91"}], "timestamp": "1769384712863", "event_type": "price_change"}}
{"_local_timestamp": "2026-01-25T23:45:13.184036+00:00", "data": {"market": "0x9086c36debbba7c4f515ea6e0937764b101a672ab9126edd47beb315fae32a5f", "price_changes": [{"asset_id": "90309620512318358478532881212285829690853597566117567936348371694520222272837", "price": "0.05", "size": "13.97", "side": "BUY", "hash": "4b876675ac6535f7f6e03d44987806687bef8af5", "best_bid": "0.09", "best_ask": "0.1"}, {"asset_id": "114257893546944041419030008424343463729956007545768680110657102669697110418246", "price": "0.95", "size": "13.97", "side": "SELL", "hash": "fe49104056ebd25ab3ffbfacf4d4ccbb949ab7ed", "best_bid": "0.9", "best_ask": "0.91"}], "timestamp": "1769384713113", "event_type": "price_change"}}
{"_local_timestamp": "2026-01-25T23:45:13.270222+00:00", "data": {"market": "0x9086c36debbba7c4f515ea6e0937764b101a672ab9126edd47beb315fae32a5f", "price_changes": [{"asset_id": "90309620512318358478532881212285829690853597566117567936348371694520222272837", "price": "0.08", "size": "51.37", "side": "BUY", "hash": "a778680e8f2ff9820b0231dc90690fd5e67ab306", "best_bid": "0.09", "best_ask": "0.1"}, {"asset_id": "114257893546944041419030008424343463729956007545768680110657102669697110418246", "price": "0.92", "size": "51.37", "side": "SELL", "hash": "3318bb3db03ccf41ce9eb4f27ff184e2b2a104f2", "best_bid": "0.9", "best_ask": "0.91"}], "timestamp": "1769384713184", "event_type": "price_change"}}
{"_local_timestamp": "2026-01-25T23:45:29.168242+00:00", "data": {"market": "0x9086c36debbba7c4f515ea6e0937764b101a672ab9126edd47beb315fae32a5f", "price_changes": [{"asset_id": "90309620512318358478532881212285829690853597566117567936348371694520222272837", "price": "0.08", "size": "96.55", "side": "BUY", "hash": "317de271eae4085ddb4028548ca4341e3c28ffab", "best_bid": "0.09", "best_ask": "0.1"}, {"asset_id": "114257893546944041419030008424343463729956007545768680110657102669697110418246", "price": "0.92", "size": "96.55", "side": "SELL", "hash": "1af3f9fc64b444c4d899f1ffd10cabdb8ddc96a7", "best_bid": "0.9", "best_ask": "0.91"}], "timestamp": "1769384729092", "event_type": "price_change"}}
{"_local_timestamp": "2026-01-25T23:45:29.168767+00:00", "data": {"market": "0x9086c36debbba7c4f515ea6e0937764b101a672ab9126edd47beb315fae32a5f", "price_changes": [{"asset_id": "90309620512318358478532881212285829690853597566117567936348371694520222272837", "price": "0.08", "size": "141.73", "side": "BUY", "hash": "73cfc114f3dc5884cea46dc23cae4a76735df309", "best_bid": "0.09", "best_ask": "0.1"}, {"asset_id": "114257893546944041419030008424343463729956007545768680110657102669697110418246", "price": "0.92", "size": "141.73", "side": "SELL", "hash": "3662a4d7c0f6c46af781992fd2409028d06f476f", "best_bid": "0.9", "best_ask": "0.91"}], "timestamp": "1769384729092", "event_type": "price_change"}}
{"_local_timestamp": "2026-01-25T23:45:29.169106+00:00", "data": {"market": "0x9086c36debbba7c4f515ea6e0937764b101a672ab9126edd47beb315fae32a5f", "price_changes": [{"asset_id": "90309620512318358478532881212285829690853597566117567936348371694520222272837", "price": "0.08", "size": "186.91", "side": "BUY", "hash": "92c09853702d157219c82694072c10833bc9cdc4", "best_bid": "0.09", "best_ask": "0.1"}, {"asset_id": "114257893546944041419030008424343463729956007545768680110657102669697110418246", "price": "0.92", "size": "186.91", "side": "SELL", "hash": "39f5d71a8f6cdcd854ac37e7f12ff44587d94eb6", "best_bid": "0.9", "best_ask": "0.91"}], "timestamp": "1769384729093", "event_type": "price_change"}}
{"_local_timestamp": "2026-01-25T23:45:29.169423+00:00", "data": {"market": "0x9086c36debbba7c4f515ea6e0937764b101a672ab9126edd47beb315fae32a5f", "price_changes": [{"asset_id": "90309620512318358478532881212285829690853597566117567936348371694520222272837", "price": "0.08", "size": "232.09", "side": "BUY", "hash": "550c244dee9d396a1c705ab0b309c8830b9f50e7", "best_bid": "0.09", "best_ask": "0.1"}, {"asset_id": "114257893546944041419030008424343463729956007545768680110657102669697110418246", "price": "0.92", "size": "232.09", "side": "SELL", "hash": "cc1d41a6887903d7262d27bbbf6716fc6ecc5eaf", "best_bid": "0.9", "best_ask": "0.91"}], "timestamp": "1769384729093", "event_type": "price_change"}}
{"_local_timestamp": "2026-01-25T23:46:19.314222+00:00", "data": {"market": "0x9086c36debbba7c4f515ea6e0937764b101a672ab9126edd47beb315fae32a5f", "price_changes": [{"asset_id": "90309620512318358478532881212285829690853597566117567936348371694520222272837", "price": "0.08", "size": "51.37", "side": "BUY", "hash": "834e03095467c33b5f9eacec072a05e24e880722", "best_bid": "0.09", "best_ask": "0.1"}, {"asset_id": "114257893546944041419030008424343463729956007545768680110657102669697110418246", "price": "0.92", "size": "51.37", "side": "SELL", "hash": "c04cf8097406e280612d537d5863a03568ce81c0", "best_bid": "0.9", "best_ask": "0.91"}], "timestamp": "1769384779244", "event_type": "price_change"}}
{"_local_timestamp": "2026-01-25T23:46:33.722650+00:00", "data": {"market": "0x9086c36debbba7c4f515ea6e0937764b101a672ab9126edd47beb315fae32a5f", "price_changes": [{"asset_id": "90309620512318358478532881212285829690853597566117567936348371694520222272837", "price": "0.08", "size": "96.55", "side": "BUY", "hash": "621cf6fcf3b80c68029d6ea61efb00aaf0609b79", "best_bid": "0.09", "best_ask": "0.1"}, {"asset_id": "114257893546944041419030008424343463729956007545768680110657102669697110418246", "price": "0.92", "size": "96.55", "side": "SELL", "hash": "bb40dbd4054731e973c3d79fe5c1ea3facf845e8", "best_bid": "0.9", "best_ask": "0.91"}], "timestamp": "1769384793649", "event_type": "price_change"}}
{"_local_timestamp": "2026-01-25T23:46:33.729097+00:00", "data": {"market": "0x9086c36debbba7c4f515ea6e0937764b101a672ab9126edd47beb315fae32a5f", "price_changes": [{"asset_id": "90309620512318358478532881212285829690853597566117567936348371694520222272837", "price": "0.08", "size": "141.73", "side": "BUY", "hash": "689e11613e8ecc04225cf741dbbe95364742b737", "best_bid": "0.09", "best_ask": "0.1"}, {"asset_id": "114257893546944041419030008424343463729956007545768680110657102669697110418246", "price": "0.92", "size": "141.73", "side": "SELL", "hash": "6d016443c99e8b1f6296730d5d3a6464a7f52b63", "best_bid": "0.9", "best_ask": "0.91"}], "timestamp": "1769384793650", "event_type": "price_change"}}
{"_local_timestamp": "2026-01-25T23:46:33.729527+00:00", "data": {"market": "0x9086c36debbba7c4f515ea6e0937764b101a672ab9126edd47beb315fae32a5f", "price_changes": [{"asset_id": "90309620512318358478532881212285829690853597566117567936348371694520222272837", "price": "0.08", "size": "186.91", "side": "BUY", "hash": "dbc3662b688231b9f9e3f45e8ace1f0c80edde01", "best_bid": "0.09", "best_ask": "0.1"}, {"asset_id": "114257893546944041419030008424343463729956007545768680110657102669697110418246", "price": "0.92", "size": "186.91", "side": "SELL", "hash": "6b5dda01d56e2b8c0abda3892d1fef5646851b48", "best_bid": "0.9", "best_ask": "0.91"}], "timestamp": "1769384793651", "event_type": "price_change"}}
{"_local_timestamp": "2026-01-25T23:46:33.729896+00:00", "data": {"market": "0x9086c36debbba7c4f515ea6e0937764b101a672ab9126edd47beb315fae32a5f", "price_changes": [{"asset_id": "90309620512318358478532881212285829690853597566117567936348371694520222272837", "price": "0.08", "size": "232.09", "side": "BUY", "hash": "eb0dac8df6614385ce464ec4fe2b723bea18ee75", "best_bid": "0.09", "best_ask": "0.1"}, {"asset_id": "114257893546944041419030008424343463729956007545768680110657102669697110418246", "price": "0.92", "size": "232.09", "side": "SELL", "hash": "285ddbdcf2cad718d810a9fd378f84b68059ff38", "best_bid": "0.9", "best_ask": "0.91"}], "timestamp": "1769384793651", "event_type": "price_change"}}
{"_local_timestamp": "2026-01-25T23:46:52.470755+00:00", "data": {"market": "0x9086c36debbba7c4f515ea6e0937764b101a672ab9126edd47beb315fae32a5f", "price_changes": [{"asset_id": "114257893546944041419030008424343463729956007545768680110657102669697110418246", "price": "0.88", "size": "371.81", "side": "BUY", "hash": "3489222193ca0a9e04c36cfbfcd28d03e09c1471", "best_bid": "0.9", "best_ask": "0.91"}, {"asset_id": "90309620512318358478532881212285829690853597566117567936348371694520222272837", "price": "0.12", "size": "371.81", "side": "SELL", "hash": "017d41252616035d436017c8d5da11b737594365", "best_bid": "0.09", "best_ask": "0.1"}], "timestamp": "1769384812399", "event_type": "price_change"}}
{"_local_timestamp": "2026-01-25T23:46:52.471386+00:00", "data": {"market": "0x9086c36debbba7c4f515ea6e0937764b101a672ab9126edd47beb315fae32a5f", "price_changes": [{"asset_id": "114257893546944041419030008424343463729956007545768680110657102669697110418246", "price": "0.86", "size": "205", "side": "BUY", "hash": "a0a3358e9fd28da1978cc2411e734bd117669440", "best_bid": "0.9", "best_ask": "0.91"}, {"asset_id": "90309620512318358478532881212285829690853597566117567936348371694520222272837", "price": "0.14", "size": "205", "side": "SELL", "hash": "42c014293bc09e1dbb45cf327bf87de4e2566713", "best_bid": "0.09", "best_ask": "0.1"}], "timestamp": "1769384812401", "event_type": "price_change"}}
{"_local_timestamp": "2026-01-25T23:47:24.104475+00:00", "data": {"market": "0x9086c36debbba7c4f515ea6e0937764b101a672ab9126edd47beb315fae32a5f", "price_changes": [{"asset_id": "90309620512318358478532881212285829690853597566117567936348371694520222272837", "price": "0.08", "size": "51.37", "side": "BUY", "hash": "0ec1f814c63e0cbf122c53cc60a0c619a75b910c", "best_bid": "0.09", "best_ask": "0.1"}, {"asset_id": "114257893546944041419030008424343463729956007545768680110657102669697110418246", "price": "0.92", "size": "51.37", "side": "SELL", "hash": "dd4cc3f37587210203cbf211b71e3af70fdbdf73", "best_bid": "0.9", "best_ask": "0.91"}], "timestamp": "1769384844031", "event_type": "price_change"}}
{"_local_timestamp": "2026-01-25T23:47:39.193364+00:00", "data": {"market": "0x9086c36debbba7c4f515ea6e0937764b101a672ab9126edd47beb315fae32a5f", "price_changes": [{"asset_id": "90309620512318358478532881212285829690853597566117567936348371694520222272837", "price": "0.08", "size": "96.55", "side": "BUY", "hash": "d8cd4f62a69c11d76ffaa115e2ed8302c9d5db17", "best_bid": "0.09", "best_ask": "0.1"}, {"asset_id": "114257893546944041419030008424343463729956007545768680110657102669697110418246", "price": "0.92", "size": "96.55", "side": "SELL", "hash": "70351c9f124f1242fb48131f3163dcfb4ffac12c", "best_bid": "0.9", "best_ask": "0.91"}], "timestamp": "1769384859120", "event_type": "price_change"}}
{"_local_timestamp": "2026-01-25T23:47:39.193767+00:00", "data": {"market": "0x9086c36debbba7c4f515ea6e0937764b101a672ab9126edd47beb315fae32a5f", "price_changes": [{"asset_id": "90309620512318358478532881212285829690853597566117567936348371694520222272837", "price": "0.08", "size": "141.73", "side": "BUY", "hash": "78ee884fcad192c47a7db2a846a2b3475780b60e", "best_bid": "0.09", "best_ask": "0.1"}, {"asset_id": "114257893546944041419030008424343463729956007545768680110657102669697110418246", "price": "0.92", "size": "141.73", "side": "SELL", "hash": "3f975c6ed78bcb1810fc7d5899123833bf16cf25", "best_bid": "0.9", "best_ask": "0.91"}], "timestamp": "1769384859121", "event_type": "price_change"}}
{"_local_timestamp": "2026-01-25T23:47:39.194104+00:00", "data": {"market": "0x9086c36debbba7c4f515ea6e0937764b101a672ab9126edd47beb315fae32a5f", "price_changes": [{"asset_id": "90309620512318358478532881212285829690853597566117567936348371694520222272837", "price": "0.08", "size": "186.91", "side": "BUY", "hash": "8f4321373640f6596badddd5656dabd6ac34ef71", "best_bid": "0.09", "best_ask": "0.1"}, {"asset_id": "114257893546944041419030008424343463729956007545768680110657102669697110418246", "price": "0.92", "size": "186.91", "side": "SELL", "hash": "03839648034d6465d0f1178e97dd748c82bc314a", "best_bid": "0.9", "best_ask": "0.91"}], "timestamp": "1769384859122", "event_type": "price_change"}}
{"_local_timestamp": "2026-01-25T23:47:39.194438+00:00", "data": {"market": "0x9086c36debbba7c4f515ea6e0937764b101a672ab9126edd47beb315fae32a5f", "price_changes": [{"asset_id": "90309620512318358478532881212285829690853597566117567936348371694520222272837", "price": "0.08", "size": "232.09", "side": "BUY", "hash": "4a7123216f9f2035dcc3b5efc2b4daad7fb1ee67", "best_bid": "0.09", "best_ask": "0.1"}, {"asset_id": "114257893546944041419030008424343463729956007545768680110657102669697110418246", "price": "0.92", "size": "232.09", "side": "SELL", "hash": "10e4e09c0e836224b2ece90d33a72595da3d66fe", "best_bid": "0.9", "best_ask": "0.91"}], "timestamp": "1769384859122", "event_type": "price_change"}}
{"_local_timestamp": "2026-01-25T23:47:42.212959+00:00", "data": {"market": "0x9086c36debbba7c4f515ea6e0937764b101a672ab9126edd47beb315fae32a5f", "price_changes": [{"asset_id": "114257893546944041419030008424343463729956007545768680110657102669697110418246", "price": "0.86", "size": "5", "side": "BUY", "hash": "63df34f690539bdbe26994512602ff97c2998c54", "best_bid": "0.9", "best_ask": "0.91"}, {"asset_id": "90309620512318358478532881212285829690853597566117567936348371694520222272837", "price": "0.14", "size": "5", "side": "SELL", "hash": "e76208c9d1b4c0630e6501859717d5c70be69510", "best_bid": "0.09", "best_ask": "0.1"}], "timestamp": "1769384862143", "event_type": "price_change"}}
{"_local_timestamp": "2026-01-25T23:47:42.213364+00:00", "data": {"market": "0x9086c36debbba7c4f515ea6e0937764b101a672ab9126edd47beb315fae32a5f", "price_changes": [{"asset_id": "114257893546944041419030008424343463729956007545768680110657102669697110418246", "price": "0.88", "size": "571.81", "side": "BUY", "hash": "afc0987a2566c6104adab31fa4194b6a2a8959cc", "best_bid": "0.9", "best_ask": "0.91"}, {"asset_id": "90309620512318358478532881212285829690853597566117567936348371694520222272837", "price": "0.12", "size": "571.81", "side": "SELL", "hash": "278f57042d254bcff6d14e77e21f38c11fa63e4a", "best_bid": "0.09", "best_ask": "0.1"}], "timestamp": "1769384862146", "event_type": "price_change"}}
{"_local_timestamp": "2026-01-25T23:48:27.963793+00:00", "data": {"market": "0x9086c36debbba7c4f515ea6e0937764b101a672ab9126edd47beb315fae32a5f", "price_changes": [{"asset_id": "90309620512318358478532881212285829690853597566117567936348371694520222272837", "price": "0.08", "size": "186.91", "side": "BUY", "hash": "cc6240f69044e5d7dd745c36fcf56db8d8323a1c", "best_bid": "0.09", "best_ask": "0.1"}, {"asset_id": "114257893546944041419030008424343463729956007545768680110657102669697110418246", "price": "0.92", "size": "186.91", "side": "SELL", "hash": "3e107081b9a93b7ba3269997a1efb19cb61c5db9", "best_bid": "0.9", "best_ask": "0.91"}], "timestamp": "1769384907868", "event_type": "price_change"}}
{"_local_timestamp": "2026-01-25T23:48:27.964461+00:00", "data": {"market": "0x9086c36debbba7c4f515ea6e0937764b101a672ab9126edd47beb315fae32a5f", "price_changes": [{"asset_id": "90309620512318358478532881212285829690853597566117567936348371694520222272837", "price": "0.08", "size": "51.37", "side": "BUY", "hash": "ec57a9c1c2f9516cf46d04ea958576f1cdea031f", "best_bid": "0.09", "best_ask": "0.1"}, {"asset_id": "114257893546944041419030008424343463729956007545768680110657102669697110418246", "price": "0.92", "size": "51.37", "side": "SELL", "hash": "99de843645a74d1b9f292b23dd85d1a9e4d680ad", "best_bid": "0.9", "best_ask": "0.91"}], "timestamp": "1769384907876", "event_type": "price_change"}}
{"_local_timestamp": "2026-01-25T23:48:40.465280+00:00", "data": {"market": "0x9086c36debbba7c4f515ea6e0937764b101a672ab9126edd47beb315fae32a5f", "price_changes": [{"asset_id": "90309620512318358478532881212285829690853597566117567936348371694520222272837", "price": "0.08", "size": "96.55", "side": "BUY", "hash": "40fb53ef77d25262099f0e6598ce7aafcc5ae0c0", "best_bid": "0.09", "best_ask": "0.1"}, {"asset_id": "114257893546944041419030008424343463729956007545768680110657102669697110418246", "price": "0.92", "size": "96.55", "side": "SELL", "hash": "a76fb6e83689e513e6f53373bc817369e4f995fb", "best_bid": "0.9", "best_ask": "0.91"}], "timestamp": "1769384920385", "event_type": "price_change"}}
{"_local_timestamp": "2026-01-25T23:48:40.465972+00:00", "data": {"market": "0x9086c36debbba7c4f515ea6e0937764b101a672ab9126edd47beb315fae32a5f", "price_changes": [{"asset_id": "90309620512318358478532881212285829690853597566117567936348371694520222272837", "price": "0.08", "size": "141.73", "side": "BUY", "hash": "11e075d067ae0c2d85f8bcb4dc5b1c79b64ed829", "best_bid": "0.09", "best_ask": "0.1"}, {"asset_id": "114257893546944041419030008424343463729956007545768680110657102669697110418246", "price": "0.92", "size": "141.73", "side": "SELL", "hash": "7aaefaff5a8d0596c43e169764da4af4ae8a063c", "best_bid": "0.9", "best_ask": "0.91"}], "timestamp": "1769384920386", "event_type": "price_change"}}
{"_local_timestamp": "2026-01-25T23:48:40.466282+00:00", "data": {"market": "0x9086c36debbba7c4f515ea6e0937764b101a672ab9126edd47beb315fae32a5f", "price_changes": [{"asset_id": "90309620512318358478532881212285829690853597566117567936348371694520222272837", "price": "0.08", "size": "186.91", "side": "BUY", "hash": "2dcbd5c146e7ed13a27a9bcf131ac950410639ac", "best_bid": "0.09", "best_ask": "0.1"}, {"asset_id": "114257893546944041419030008424343463729956007545768680110657102669697110418246", "price": "0.92", "size": "186.91", "side": "SELL", "hash": "2da0a9a0e69a0c80554256830e9cc7a28e70f228", "best_bid": "0.9", "best_ask": "0.91"}], "timestamp": "1769384920386", "event_type": "price_change"}}
{"_local_timestamp": "2026-01-25T23:48:40.466584+00:00", "data": {"market": "0x9086c36debbba7c4f515ea6e0937764b101a672ab9126edd47beb315fae32a5f", "price_changes": [{"asset_id": "90309620512318358478532881212285829690853597566117567936348371694520222272837", "price": "0.08", "size": "232.09", "side": "BUY", "hash": "a7daf5ffed75f47d7b89b0de7daa47e523185be7", "best_bid": "0.09", "best_ask": "0.1"}, {"asset_id": "114257893546944041419030008424343463729956007545768680110657102669697110418246", "price": "0.92", "size": "232.09", "side": "SELL", "hash": "957289a5433b465cbf0e9459093bdabeba1f2fdc", "best_bid": "0.9", "best_ask": "0.91"}], "timestamp": "1769384920387", "event_type": "price_change"}}
{"_local_timestamp": "2026-01-25T23:49:27.503916+00:00", "data": {"market": "0x9086c36debbba7c4f515ea6e0937764b101a672ab9126edd47beb315fae32a5f", "price_changes": [{"asset_id": "90309620512318358478532881212285829690853597566117567936348371694520222272837", "price": "0.08", "size": "51.37", "side": "BUY", "hash": "b8cbc81182522fe4f8f843d3a456a7476acf7c27", "best_bid": "0.09", "best_ask": "0.1"}, {"asset_id": "114257893546944041419030008424343463729956007545768680110657102669697110418246", "price": "0.92", "size": "51.37", "side": "SELL", "hash": "9190640eb175538fc99a22a7243ed4db04c0df4e", "best_bid": "0.9", "best_ask": "0.91"}], "timestamp": "1769384967432", "event_type": "price_change"}}
{"_local_timestamp": "2026-01-25T23:49:27.891879+00:00", "data": {"market": "0x9086c36debbba7c4f515ea6e0937764b101a672ab9126edd47beb315fae32a5f", "price_changes": [{"asset_id": "90309620512318358478532881212285829690853597566117567936348371694520222272837", "price": "0.06", "size": "50", "side": "BUY", "hash": "9e217df482ef2b81f5eb1209745047531e86cb56", "best_bid": "0.09", "best_ask": "0.1"}, {"asset_id": "114257893546944041419030008424343463729956007545768680110657102669697110418246", "price": "0.94", "size": "50", "side": "SELL", "hash": "694144d9fbf37b67d6a948a4a0d3c2f8d63129a3", "best_bid": "0.9", "best_ask": "0.91"}], "timestamp": "1769384967824", "event_type": "price_change"}}
{"_local_timestamp": "2026-01-25T23:49:27.968686+00:00", "data": {"market": "0x9086c36debbba7c4f515ea6e0937764b101a672ab9126edd47beb315fae32a5f", "price_changes": [{"asset_id": "90309620512318358478532881212285829690853597566117567936348371694520222272837", "price": "0.06", "size": "250", "side": "BUY", "hash": "ac7f6947e085fbed731419da926c0282e1add9f1", "best_bid": "0.09", "best_ask": "0.1"}, {"asset_id": "114257893546944041419030008424343463729956007545768680110657102669697110418246", "price": "0.94", "size": "250", "side": "SELL", "hash": "307e1e4afc86c0f1857ce1ce30a04438d11ae0ac", "best_bid": "0.9", "best_ask": "0.91"}], "timestamp": "1769384967900", "event_type": "price_change"}}
{"_local_timestamp": "2026-01-25T23:49:27.969135+00:00", "data": {"market": "0x9086c36debbba7c4f515ea6e0937764b101a672ab9126edd47beb315fae32a5f", "price_changes": [{"asset_id": "90309620512318358478532881212285829690853597566117567936348371694520222272837", "price": "0.05", "size": "213.97", "side": "BUY", "hash": "18bfb3a979c40c34ed3786bbd857f9f62d789bc3", "best_bid": "0.09", "best_ask": "0.1"}, {"asset_id": "114257893546944041419030008424343463729956007545768680110657102669697110418246", "price": "0.95", "size": "213.97", "side": "SELL", "hash": "43a797952a1a64a8e1e17b4524ae7be3f3056315", "best_bid": "0.9", "best_ask": "0.91"}], "timestamp": "1769384967901", "event_type": "price_change"}}
{"_local_timestamp": "2026-01-25T23:49:27.969476+00:00", "data": {"market": "0x9086c36debbba7c4f515ea6e0937764b101a672ab9126edd47beb315fae32a5f", "price_changes": [{"asset_id": "114257893546944041419030008424343463729956007545768680110657102669697110418246", "price": "0.86", "size": "205", "side": "BUY", "hash": "e0ba22791902ed5c2fba646ecb1d9aa7f336deb3", "best_bid": "0.9", "best_ask": "0.91"}, {"asset_id": "90309620512318358478532881212285829690853597566117567936348371694520222272837", "price": "0.14", "size": "205", "side": "SELL", "hash": "b5701b3884bcdc729248634aeacf93d3058f5a5c", "best_bid": "0.09", "best_ask": "0.1"}], "timestamp": "1769384967901", "event_type": "price_change"}}
{"_local_timestamp": "2026-01-25T23:49:27.969824+00:00", "data": {"market": "0x9086c36debbba7c4f515ea6e0937764b101a672ab9126edd47beb315fae32a5f", "price_changes": [{"asset_id": "114257893546944041419030008424343463729956007545768680110657102669697110418246", "price": "0.87", "size": "205", "side": "BUY", "hash": "e19953a2b7f286f954155e3d4037d4168ea1773d", "best_bid": "0.9", "best_ask": "0.91"}, {"asset_id": "90309620512318358478532881212285829690853597566117567936348371694520222272837", "price": "0.13", "size": "205", "side": "SELL", "hash": "47ba916ff06750f1e50e855fbcec1b24443fd08b", "best_bid": "0.09", "best_ask": "0.1"}], "timestamp": "1769384967902", "event_type": "price_change"}}
{"_local_timestamp": "2026-01-25T23:49:41.613585+00:00", "data": {"market": "0x9086c36debbba7c4f515ea6e0937764b101a672ab9126edd47beb315fae32a5f", "price_changes": [{"asset_id": "90309620512318358478532881212285829690853597566117567936348371694520222272837", "price": "0.08", "size": "96.55", "side": "BUY", "hash": "5374c4b8a636813c549947a5fa0ac18b9bfcbc1c", "best_bid": "0.09", "best_ask": "0.1"}, {"asset_id": "114257893546944041419030008424343463729956007545768680110657102669697110418246", "price": "0.92", "size": "96.55", "side": "SELL", "hash": "73ba8da644988fffb6da5ed6db72f0bf9859d552", "best_bid": "0.9", "best_ask": "0.91"}], "timestamp": "1769384981545", "event_type": "price_change"}}
{"_local_timestamp": "2026-01-25T23:49:41.614113+00:00", "data": {"market": "0x9086c36debbba7c4f515ea6e0937764b101a672ab9126edd47beb315fae32a5f", "price_changes": [{"asset_id": "90309620512318358478532881212285829690853597566117567936348371694520222272837", "price": "0.08", "size": "141.73", "side": "BUY", "hash": "402eaceee7eabc545669dab37b35478f93c57686", "best_bid": "0.09", "best_ask": "0.1"}, {"asset_id": "114257893546944041419030008424343463729956007545768680110657102669697110418246", "price": "0.92", "size": "141.73", "side": "SELL", "hash": "5a604b8a46e2365cd38d0290fa3541f51c1a3446", "best_bid": "0.9", "best_ask": "0.91"}], "timestamp": "1769384981546", "event_type": "price_change"}}
{"_local_timestamp": "2026-01-25T23:49:41.615685+00:00", "data": {"market": "0x9086c36debbba7c4f515ea6e0937764b101a672ab9126edd47beb315fae32a5f", "price_changes": [{"asset_id": "90309620512318358478532881212285829690853597566117567936348371694520222272837", "price": "0.08", "size": "186.91", "side": "BUY", "hash": "586e494b2f7f32e49480eb155273d412d9b53138", "best_bid": "0.09", "best_ask": "0.1"}, {"asset_id": "114257893546944041419030008424343463729956007545768680110657102669697110418246", "price": "0.92", "size": "186.91", "side": "SELL", "hash": "e4b5afa2a27d0298d83069ecf5bff0ac4035007f", "best_bid": "0.9", "best_ask": "0.91"}], "timestamp": "1769384981546", "event_type": "price_change"}}
{"_local_timestamp": "2026-01-25T23:49:41.628907+00:00", "data": {"market": "0x9086c36debbba7c4f515ea6e0937764b101a672ab9126edd47beb315fae32a5f", "price_changes": [{"asset_id": "90309620512318358478532881212285829690853597566117567936348371694520222272837", "price": "0.08", "size": "232.09", "side": "BUY", "hash": "b35b4938c3b5094e530f7be703681bdc9896ae69", "best_bid": "0.09", "best_ask": "0.1"}, {"asset_id": "114257893546944041419030008424343463729956007545768680110657102669697110418246", "price": "0.92", "size": "232.09", "side": "SELL", "hash": "88b4a0717c4efa4b911a6c3ed589a70d76d8391b", "best_bid": "0.9", "best_ask": "0.91"}], "timestamp": "1769384981562", "event_type": "price_change"}}
{"_local_timestamp": "2026-01-25T23:50:41.837655+00:00", "data": {"market": "0x9086c36debbba7c4f515ea6e0937764b101a672ab9126edd47beb315fae32a5f", "price_changes": [{"asset_id": "90309620512318358478532881212285829690853597566117567936348371694520222272837", "price": "0.08", "size": "51.37", "side": "BUY", "hash": "9ef4f6a44dc74a8cf4dde3ab532c8430ccf06505", "best_bid": "0.09", "best_ask": "0.1"}, {"asset_id": "114257893546944041419030008424343463729956007545768680110657102669697110418246", "price": "0.92", "size": "51.37", "side": "SELL", "hash": "d2497408cc8a70ff26136d9661e09bd6ac90b9eb", "best_bid": "0.9", "best_ask": "0.91"}], "timestamp": "1769385041636", "event_type": "price_change"}}
{"_local_timestamp": "2026-01-25T23:50:55.514558+00:00", "data": {"market": "0x9086c36debbba7c4f515ea6e0937764b101a672ab9126edd47beb315fae32a5f", "price_changes": [{"asset_id": "90309620512318358478532881212285829690853597566117567936348371694520222272837", "price": "0.08", "size": "96.55", "side": "BUY", "hash": "75ce3f22cf3c034dcb91876a3bb784e24856366d", "best_bid": "0.09", "best_ask": "0.1"}, {"asset_id": "114257893546944041419030008424343463729956007545768680110657102669697110418246", "price": "0.92", "size": "96.55", "side": "SELL", "hash": "072106d8e07cd7d09f6858077f55357d4d9f1400", "best_bid": "0.9", "best_ask": "0.91"}], "timestamp": "1769385055401", "event_type": "price_change"}}
{"_local_timestamp": "2026-01-25T23:50:55.515095+00:00", "data": {"market": "0x9086c36debbba7c4f515ea6e0937764b101a672ab9126edd47beb315fae32a5f", "price_changes": [{"asset_id": "90309620512318358478532881212285829690853597566117567936348371694520222272837", "price": "0.08", "size": "141.73", "side": "BUY", "hash": "1b6227be6684a3874b540a13decb12c6bd23e49e", "best_bid": "0.09", "best_ask": "0.1"}, {"asset_id": "114257893546944041419030008424343463729956007545768680110657102669697110418246", "price": "0.92", "size": "141.73", "side": "SELL", "hash": "2b2bd233fc716b36e40c8177430778dc9f10ffa8", "best_bid": "0.9", "best_ask": "0.91"}], "timestamp": "1769385055401", "event_type": "price_change"}}
{"_local_timestamp": "2026-01-25T23:50:55.515407+00:00", "data": {"market": "0x9086c36debbba7c4f515ea6e0937764b101a672ab9126edd47beb315fae32a5f", "price_changes": [{"asset_id": "90309620512318358478532881212285829690853597566117567936348371694520222272837", "price": "0.08", "size": "186.91", "side": "BUY", "hash": "aa4e8e5fdb7cfc564be5a1a67477f49e8e5a41ea", "best_bid": "0.09", "best_ask": "0.1"}, {"asset_id": "114257893546944041419030008424343463729956007545768680110657102669697110418246", "price": "0.92", "size": "186.91", "side": "SELL", "hash": "db17d7c382d1e58eb29a37f1eb28b9e14a0b9702", "best_bid": "0.9", "best_ask": "0.91"}], "timestamp": "1769385055402", "event_type": "price_change"}}
{"_local_timestamp": "2026-01-25T23:50:55.515722+00:00", "data": {"market": "0x9086c36debbba7c4f515ea6e0937764b101a672ab9126edd47beb315fae32a5f", "price_changes": [{"asset_id": "90309620512318358478532881212285829690853597566117567936348371694520222272837", "price": "0.08", "size": "232.09", "side": "BUY", "hash": "bf40d10ce2f8aeba9deb356b429e0c0fd89acb2e", "best_bid": "0.09", "best_ask": "0.1"}, {"asset_id": "114257893546944041419030008424343463729956007545768680110657102669697110418246", "price": "0.92", "size": "232.09", "side": "SELL", "hash": "a02cfcf546c400096129b77580ec548e7f1266b6", "best_bid": "0.9", "best_ask": "0.91"}], "timestamp": "1769385055402", "event_type": "price_change"}}
