{"_local_timestamp": "2026-01-25T23:33:46.587314+00:00", "data": [{"market": "0x6ceb0eb3599abe3de5b5ab56b1c45426cce8ec9ec3efe924bdcf82a2660653a8", "asset_id": "114658609138469256197851152713165588067046661141994005400852526154778894167141", "timestamp": "1769384025809", "hash": "27054a67fdc34c6f513e1cd493fc05eebfbb64a9", "bids": [], "asks": [{"price": "0.999", "size": "99999"}, {"price": "0.998", "size": "55000"}, {"price": "0.992", "size": "155"}, {"price": "0.99", "size": "27060"}, {"price": "0.989", "size": "55710"}, {"price": "0.92", "size": "155"}, {"price": "0.903", "size": "100"}, {"price": "0.901", "size": "100"}, {"price": "0.9", "size": "3500"}, {"price": "0.899", "size": "10000"}, {"price": "0.53", "size": "100"}, {"price": "0.51", "size": "100"}, {"price": "0.503", "size": "200"}, {"price": "0.501", "size": "100"}, {"price": "0.5", "size": "176"}, {"price": "0.25", "size": "60"}, {"price": "0.233", "size": "60"}, {"price": "0.232", "size": "88"}, {"price": "0.231", "size": "60"}, {"price": "0.23", "size": "60"}, {"price": "0.229", "size": "5.51"}, {"price": "0.01", "size": "500"}, {"price": "0.009", "size": "644"}, {"price": "0.001", "size": "100137.65"}], "event_type": "book", "last_trade_price": ""}, {"market": "0x6ceb0eb3599abe3de5b5ab56b1c45426cce8ec9ec3efe924bdcf82a2660653a8", "asset_id": "77180110437152840315135982290012236614030284739974834028432765325069478658635", "timestamp": "1769384025809", "hash": "7508e24b4c9dc176526e6e9733cf54a47a5c3b9a", "bids": [{"price": "0.001", "size": "99999"}, {"price": "0.002", "size": "55000"}, {"price": "0.008", "size": "155"}, {"price": "0.01", "size": "27060"}, {"price": "0.011", "size": "55710"}, {"price": "0.08", "size": "155"}, {"price": "0.097", "size": "100"}, {"price": "0.099", "size": "100"}, {"price": "0.1", "size": "3500"}, {"price": "0.101", "size": "10000"}, {"price": "0.47", "size": "100"}, {"price": "0.49", "size": "100"}, {"price": "0.497", "size": "200"}, {"price": "0.499", "size": "100"}, {"price": "0.5", "size": "176"}, {"price": "0.75", "size": "60"}, {"price": "0.767", "size": "60"}, {"price": "0.768", "size": "88"}, {"price": "0.769", "size": "60"}, {"price": "0.77", "size": "60"}, {"price": "0.771", "size": "5.51"}, {"price": "0.99", "size": "500"}, {"price": "0.991", "size": "644"}, {"price": "0.999", "size": "100137.65"}], "asks": [], "event_type": "book", "last_trade_price": ""}]}
{"_local_timestamp": "2026-01-25T23:33:47.565902+00:00", "data": {"market": "0x6ceb0eb3599abe3de5b5ab56b1c45426cce8ec9ec3efe924bdcf82a2660653a8", "price_changes": [{"asset_id": "77180110437152840315135982290012236614030284739974834028432765325069478658635", "price": "0.999", "size": "102634.65", "side": "BUY", "hash": "86b5a4a632e6b9c71d413ec8b4d2a054087f8f77", "best_bid": "0.999", "best_ask": "1"}, {"asset_id": "114658609138469256197851152713165588067046661141994005400852526154778894167141", "price": "0.001", "size": "102634.65", "side": "SELL", "hash": "237caf1e815539bcbd14074f8943beba19bf293a", "best_bid": "0", "best_ask": "0.001"}], "timestamp": "1769384027501", "event_type": "price_change"}}
{"_local_timestamp": "2026-01-25T23:33:47.977434+00:00", "data": {"market": "0x6ceb0eb3599abe3de5b5ab56b1c45426cce8ec9ec3efe924bdcf82a2660653a8", "price_changes": [{"asset_id": "77180110437152840315135982290012236614030284739974834028432765325069478658635", "price": "0.999", "size": "105130.65", "side": "BUY", "hash": "5799c9bfe47d333f4d1bc4d8d00da41e683f1260", "best_bid": "0.999", "best_ask": "1"}, {"asset_id": "114658609138469256197851152713165588067046661141994005400852526154778894167141", "price": "0.001", "size": "105130.65", "side": "SELL", "hash": "cf2a3b7cf04af67f3d3f19700ae31260e00ccb4b", "best_bid": "0", "best_ask": "0.001"}], "timestamp": "1769384027911", "event_type": "price_change"}}
{"_local_timestamp": "2026-01-25T23:33:48.487800+00:00", "data": {"market": "0x6ceb0eb3599abe3de5b5ab56b1c45426cce8ec9ec3efe924bdcf82a2660653a8", "price_changes": [{"asset_id": "77180110437152840315135982290012236614030284739974834028432765325069478658635", "price": "0.999", "size": "107625.65", "side": "BUY", "hash": "db55e5a7f742bceaf758ae7841d7f0ee44ac74fb", "best_bid": "0.999", "best_ask": "1"}, {"asset_id": "114658609138469256197851152713165588067046661141994005400852526154778894167141", "price": "0.001", "size": "107625.65", "side": "SELL", "hash": "f9960ecfd49fc996c56599a5457a214b4bf42388", "best_bid": "0", "best_ask": "0.001"}], "timestamp": "1769384028422", "event_type": "price_change"}}
{"_local_timestamp": "2026-01-25T23:33:49.319874+00:00", "data": {"market": "0x6ceb0eb3599abe3de5b5ab56b1c45426cce8ec9ec3efe924bdcf82a2660653a8", "price_changes": [{"asset_id": "77180110437152840315135982290012236614030284739974834028432765325069478658635", "price": "0.999", "size": "108248.65", "side": "BUY", "hash": "5625c4b1116506b81c91e23a7d4a2bbb59965d32", "best_bid": "0.999", "best_ask": "1"}, {"asset_id": "114658609138469256197851152713165588067046661141994005400852526154778894167141", "price": "0.001", "size": "108248.65", "side": "SELL", "hash": "8d8c4cd5e0c25e445cda9d3067baf73546061062", "best_bid": "0", "best_ask": "0.001"}], "timestamp": "1769384029236", "event_type": "price_change"}}
{"_local_timestamp": "2026-01-25T23:33:49.788072+00:00", "data": {"market": "0x6ceb0eb3599abe3de5b5ab56b1c45426cce8ec9ec3efe924bdcf82a2660653a8", "price_changes": [{"asset_id": "77180110437152840315135982290012236614030284739974834028432765325069478658635", "price": "0.999", "size": "108870.65", "side": "BUY", "hash": "a3263839a19a7976a431d0df7c334ad917e00a7f", "best_bid": "0.999", "best_ask": "1"}, {"asset_id": "114658609138469256197851152713165588067046661141994005400852526154778894167141", "price": "0.001", "size": "108870.65", "side": "SELL", "hash": "3aec5c7fc8dbb3dfd33cf49e74e2baf4131a0897", "best_bid": "0", "best_ask": "0.001"}], "timestamp": "1769384029719", "event_type": "price_change"}}
{"_local_timestamp": "2026-01-25T23:33:51.631969+00:00", "data": {"market": "0x6ceb0eb3599abe3de5b5ab56b1c45426cce8ec9ec3efe924bdcf82a2660653a8", "price_changes": [{"asset_id": "77180110437152840315135982290012236614030284739974834028432765325069478658635", "price": "0.999", "size": "109025.65", "side": "BUY", "hash": "80541ecb29f8a67d34ad2125318f701d163b6d81", "best_bid": "0.999", "best_ask": "1"}, {"asset_id": "114658609138469256197851152713165588067046661141994005400852526154778894167141", "price": "0.001", "size": "109025.65", "side": "SELL", "hash": "ec37b69b928824d21cd891e8239ad9f852935f50", "best_bid": "0", "best_ask": "0.001"}], "timestamp": "1769384031553", "event_type": "price_change"}}
{"_local_timestamp": "2026-01-25T23:33:52.605500+00:00", "data": {"market": "0x6ceb0eb3599abe3de5b5ab56b1c45426cce8ec9ec3efe924bdcf82a2660653a8", "price_changes": [{"asset_id": "77180110437152840315135982290012236614030284739974834028432765325069478658635", "price": "0.999", "size": "109179.65", "side": "BUY", "hash": "e1863a1b3eb7ccdd33fff6f1aa32233683a2a352", "best_bid": "0.999", "best_ask": "1"}, {"asset_id": "114658609138469256197851152713165588067046661141994005400852526154778894167141", "price": "0.001", "size": "109179.65", "side": "SELL", "hash": "252fd60af46662cf3b38c5433bf63d12ba7f819d", "best_bid": "0", "best_ask": "0.001"}], "timestamp": "1769384032534", "event_type": "price_change"}}
{"_local_timestamp": "2026-01-25T23:33:52.966829+00:00", "data": {"market": "0x6ceb0eb3599abe3de5b5ab56b1c45426cce8ec9ec3efe924bdcf82a2660653a8", "price_changes": [{"asset_id": "77180110437152840315135982290012236614030284739974834028432765325069478658635", "price": "0.999", "size": "109332.65", "side": "BUY", "hash": "97ed0e60714a2a22659019480e7b7df11ae1adc8", "best_bid": "0.999", "best_ask": "1"}, {"asset_id": "114658609138469256197851152713165588067046661141994005400852526154778894167141", "price": "0.001", "size": "109332.65", "side": "SELL", "hash": "d251a43b7d02fee9f79dc233b01ba1b4e2a87d20", "best_bid": "0", "best_ask": "0.001"}], "timestamp": "1769384032894", "event_type": "price_change"}}
{"_local_timestamp": "2026-01-25T23:33:54.595570+00:00", "data": {"market": "0x6ceb0eb3599abe3de5b5ab56b1c45426cce8ec9ec3efe924bdcf82a2660653a8", "price_changes": [{"asset_id": "77180110437152840315135982290012236614030284739974834028432765325069478658635", "price": "0.999", "size": "109369.65", "side": "BUY", "hash": "188be197ebedd38fd75782ff7da3885ad3d2a53b", "best_bid": "0.999", "best_ask": "1"}, {"asset_id": "114658609138469256197851152713165588067046661141994005400852526154778894167141", "price": "0.001", "size": "109369.65", "side": "SELL", "hash": "bacab04157609bfae42024005d30a85df304c584", "best_bid": "0", "best_ask": "0.001"}], "timestamp": "1769384034513", "event_type": "price_change"}}
{"_local_timestamp": "2026-01-25T23:33:55.192649+00:00", "data": {"market": "0x6ceb0eb3599abe3de5b5ab56b1c45426cce8ec9ec3efe924bdcf82a2660653a8", "price_changes": [{"asset_id": "77180110437152840315135982290012236614030284739974834028432765325069478658635", "price": "0.999", "size": "109405.65", "side": "BUY", "hash": "991e22fa2f13d2038c74c9c70ce6477129b137d1", "best_bid": "0.999", "best_ask": "1"}, {"asset_id": "114658609138469256197851152713165588067046661141994005400852526154778894167141", "price": "0.001", "size": "109405.65", "side": "SELL", "hash": "16cc1d9f7aceb79732d9fb1cc8bfbc7fea545811", "best_bid": "0", "best_ask": "0.001"}], "timestamp": "1769384035077", "event_type": "price_change"}}
{"_local_timestamp": "2026-01-25T23:33:55.601833+00:00", "data": {"market": "0x6ceb0eb3599abe3de5b5ab56b1c45426cce8ec9ec3efe924bdcf82a2660653a8", "price_changes": [{"asset_id": "77180110437152840315135982290012236614030284739974834028432765325069478658635", "price": "0.999", "size": "109440.65", "side": "BUY", "hash": "499d8125a045a987f13665ed65d3d254ab829064", "best_bid": "0.999", "best_ask": "1"}, {"asset_id": "114658609138469256197851152713165588067046661141994005400852526154778894167141", "price": "0.001", "size": "109440.65", "side": "SELL", "hash": "70041f9b9620755af856c26f3b57201f66a3e871", "best_bid": "0", "best_ask": "0.001"}], "timestamp": "1769384035528", "event_type": "price_change"}}
{"_local_timestamp": "2026-01-25T23:34:07.966003+00:00", "data": {"market": "0x6ceb0eb3599abe3de5b5ab56b1c45426cce8ec9ec3efe924bdcf82a2660653a8", "price_changes": [{"asset_id": "77180110437152840315135982290012236614030284739974834028432765325069478658635", "price": "0.999", "size": "105130.65", "side": "BUY", "hash": "39b1a852ca6142bfe53101cb2d06e4724e7652b2", "best_bid": "0.999", "best_ask": "1"}, {"asset_id": "114658609138469256197851152713165588067046661141994005400852526154778894167141", "price": "0.001", "size": "105130.65", "side": "SELL", "hash": "e161d479f0eecc529e9cb67520c1e329a7b1ed52", "best_bid": "0", "best_ask": "0.001"}], "timestamp": "1769384047888", "event_type": "price_change"}}
{"_local_timestamp": "2026-01-25T23:34:08.637807+00:00", "data": {"market": "0x6ceb0eb3599abe3de5b5ab56b1c45426cce8ec9ec3efe924bdcf82a2660653a8", "price_changes": [{"asset_id": "77180110437152840315135982290012236614030284739974834028432765325069478658635", "price": "0.999", "size": "100137.65", "side": "BUY", "hash": "a4f3edd86be9c9f9f4ff598d9d36468ecb42979f", "best_bid": "0.999", "best_ask": "1"}, {"asset_id": "114658609138469256197851152713165588067046661141994005400852526154778894167141", "price": "0.001", "size": "100137.65", "side": "SELL", "hash": "addb0dbf1d560dc2f98fd3eefb815f8b770ef5e8", "best_bid": "0", "best_ask": "0.001"}], "timestamp": "1769384048563", "event_type": "price_change"}}
{"_local_timestamp": "2026-01-25T23:34:09.319918+00:00", "data": {"market": "0x6ceb0eb3599abe3de5b5ab56b1c45426cce8ec9ec3efe924bdcf82a2660653a8", "price_changes": [{"asset_id": "77180110437152840315135982290012236614030284739974834028432765325069478658635", "price": "0.999", "size": "90137.65", "side": "BUY", "hash": "afbc2f012e01e25599072c04f0690a6b503782de", "best_bid": "0.999", "best_ask": "1"}, {"asset_id": "114658609138469256197851152713165588067046661141994005400852526154778894167141", "price": "0.001", "size": "90137.65", "side": "SELL", "hash": "369ec4ed701e39cc562b617422688eee81ea5992", "best_bid": "0", "best_ask": "0.001"}], "timestamp": "1769384049209", "event_type": "price_change"}}
{"_local_timestamp": "2026-01-25T23:34:11.203893+00:00", "data": {"market": "0x6ceb0eb3599abe3de5b5ab56b1c45426cce8ec9ec3efe924bdcf82a2660653a8", "price_changes": [{"asset_id": "77180110437152840315135982290012236614030284739974834028432765325069478658635", "price": "0.999", "size": "92637.65", "side": "BUY", "hash": "0e8609392278676d206efb1bdfde16a4ce03308a", "best_bid": "0.999", "best_ask": "1"}, {"asset_id": "114658609138469256197851152713165588067046661141994005400852526154778894167141", "price": "0.001", "size": "92637.65", "side": "SELL", "hash": "f0176e4770db93a8f1e4146d0eac26c88560ff74", "best_bid": "0", "best_ask": "0.001"}], "timestamp": "1769384051124", "event_type": "price_change"}}
{"_local_timestamp": "2026-01-25T23:34:12.442328+00:00", "data": {"market": "0x6ceb0eb3599abe3de5b5ab56b1c45426cce8ec9ec3efe924bdcf82a2660653a8", "price_changes": [{"asset_id": "77180110437152840315135982290012236614030284739974834028432765325069478658635", "price": "0.999", "size": "93261.65", "side": "BUY", "hash": "9b3c1f542bbf9b4622aff672a2d37cbdc148acc0", "best_bid": "0.999", "best_ask": "1"}, {"asset_id": "114658609138469256197851152713165588067046661141994005400852526154778894167141", "price": "0.001", "size": "93261.65", "side": "SELL", "hash": "a5b1c91bc81f36322fecf7c0102bf31a582b234f", "best_bid": "0", "best_ask": "0.001"}], "timestamp": "1769384052361", "event_type": "price_change"}}
{"_local_timestamp": "2026-01-25T23:34:13.576734+00:00", "data": {"market": "0x6ceb0eb3599abe3de5b5ab56b1c45426cce8ec9ec3efe924bdcf82a2660653a8", "price_changes": [{"asset_id": "77180110437152840315135982290012236614030284739974834028432765325069478658635", "price": "0.999", "size": "93416.65", "side": "BUY", "hash": "a5d5cb3f0f2ec6c46b9b3270d3a904dd29c78c99", "best_bid": "0.999", "best_ask": "1"}, {"asset_id": "114658609138469256197851152713165588067046661141994005400852526154778894167141", "price": "0.001", "size": "93416.65", "side": "SELL", "hash": "b856078cda7d074667c4b034c2139c4cb8fa37cf", "best_bid": "0", "best_ask": "0.001"}], "timestamp": "1769384053420", "event_type": "price_change"}}
{"_local_timestamp": "2026-01-25T23:34:25.462700+00:00", "data": {"market": "0x6ceb0eb3599abe3de5b5ab56b1c45426cce8ec9ec3efe924bdcf82a2660653a8", "price_changes": [{"asset_id": "77180110437152840315135982290012236614030284739974834028432765325069478658635", "price": "0.999", "size": "80137.65", "side": "BUY", "hash": "ec0fc76cc5e8f078e485984ecb3670b9ebaccbfc", "best_bid": "0.999", "best_ask": "1"}, {"asset_id": "114658609138469256197851152713165588067046661141994005400852526154778894167141", "price": "0.001", "size": "80137.65", "side": "SELL", "hash": "754ceb3bfef86c0761e10274db26d535657bb6d9", "best_bid": "0", "best_ask": "0.001"}], "timestamp": "1769384065337", "event_type": "price_change"}}
{"_local_timestamp": "2026-01-25T23:34:26.282772+00:00", "data": {"market": "0x6ceb0eb3599abe3de5b5ab56b1c45426cce8ec9ec3efe924bdcf82a2660653a8", "price_changes": [{"asset_id": "77180110437152840315135982290012236614030284739974834028432765325069478658635", "price": "0.999", "size": "80762.65", "side": "BUY", "hash": "eb6268fc4f3804bcc3ddabc1a1c3105c19832b94", "best_bid": "0.999", "best_ask": "1"}, {"asset_id": "114658609138469256197851152713165588067046661141994005400852526154778894167141", "price": "0.001", "size": "80762.65", "side": "SELL", "hash": "cbbaee3940e285e03c4cf45c73a8544c8909e4ec", "best_bid": "0", "best_ask": "0.001"}], "timestamp": "1769384066200", "event_type": "price_change"}}
{"_local_timestamp": "2026-01-25T23:34:26.635842+00:00", "data": {"market": "0x6ceb0eb3599abe3de5b5ab56b1c45426cce8ec9ec3efe924bdcf82a2660653a8", "price_changes": [{"asset_id": "77180110437152840315135982290012236614030284739974834028432765325069478658635", "price": "0.999", "size": "81386.65", "side": "BUY", "hash": "9f56ae7e2cb18e3a4fe8238946083f677311791a", "best_bid": "0.999", "best_ask": "1"}, {"asset_id": "114658609138469256197851152713165588067046661141994005400852526154778894167141", "price": "0.001", "size": "81386.65", "side": "SELL", "hash": "94d1e6e3ad663d6892850d2127b560cb800ecf06", "best_bid": "0", "best_ask": "0.001"}], "timestamp": "1769384066567", "event_type": "price_change"}}
{"_local_timestamp": "2026-01-25T23:34:27.931933+00:00", "data": {"market": "0x6ceb0eb3599abe3de5b5ab56b1c45426cce8ec9ec3efe924bdcf82a2660653a8", "price_changes": [{"asset_id": "77180110437152840315135982290012236614030284739974834028432765325069478658635", "price": "0.999", "size": "81541.65", "side": "BUY", "hash": "b178865b53bdd38a0f3c39e611e8b038941f8c92", "best_bid": "0.999", "best_ask": "1"}, {"asset_id": "114658609138469256197851152713165588067046661141994005400852526154778894167141", "price": "0.001", "size": "81541.65", "side": "SELL", "hash": "9ec51590b1735346ac526581bbe1016216c266fd", "best_bid": "0", "best_ask": "0.001"}], "timestamp": "1769384067747", "event_type": "price_change"}}
{"_local_timestamp": "2026-01-25T23:34:28.290630+00:00", "data": {"market": "0x6ceb0eb3599abe3de5b5ab56b1c45426cce8ec9ec3efe924bdcf82a2660653a8", "price_changes": [{"asset_id": "77180110437152840315135982290012236614030284739974834028432765325069478658635", "price": "0.999", "size": "81695.65", "side": "BUY", "hash": "14292f438288073f9e921a40b53d427e58de3e52", "best_bid": "0.999", "best_ask": "1"}, {"asset_id": "114658609138469256197851152713165588067046661141994005400852526154778894167141", "price": "0.001", "size": "81695.65", "side": "SELL", "hash": "07d2bde64ddd41df82f07ea5ddab11977587b5ce", "best_bid": "0", "best_ask": "0.001"}], "timestamp": "1769384068174", "event_type": "price_change"}}
{"_local_timestamp": "2026-01-25T23:34:29.343116+00:00", "data": {"market": "0x6ceb0eb3599abe3de5b5ab56b1c45426cce8ec9ec3efe924bdcf82a2660653a8", "price_changes": [{"asset_id": "77180110437152840315135982290012236614030284739974834028432765325069478658635", "price": "0.999", "size": "81848.65", "side": "BUY", "hash": "7ca011517680b2068420c4ee056007a383b45eed", "best_bid": "0.999", "best_ask": "1"}, {"asset_id": "114658609138469256197851152713165588067046661141994005400852526154778894167141", "price": "0.001", "size": "81848.65", "side": "SELL", "hash": "0470652fac79ae0a0793eab15942696882f52387", "best_bid": "0", "best_ask": "0.001"}], "timestamp": "1769384069273", "event_type": "price_change"}}
{"_local_timestamp": "2026-01-25T23:34:29.763751+00:00", "data": {"market": "0x6ceb0eb3599abe3de5b5ab56b1c45426cce8ec9ec3efe924bdcf82a2660653a8", "price_changes": [{"asset_id": "77180110437152840315135982290012236614030284739974834028432765325069478658635", "price": "0.999", "size": "82000.65", "side": "BUY", "hash": "41695794dea6ef081b0c5deb98d6f604f9f756d9", "best_bid": "0.999", "best_ask": "1"}, {"asset_id": "114658609138469256197851152713165588067046661141994005400852526154778894167141", "price": "0.001", "size": "82000.65", "side": "SELL", "hash": "0a00627fbc9d0b9a09c3d746f3613dfe86c3d919", "best_bid": "0", "best_ask": "0.001"}], "timestamp": "1769384069637", "event_type": "price_change"}}
{"_local_timestamp": "2026-01-25T23:34:30.384248+00:00", "data": {"market": "0x6ceb0eb3599abe3de5b5ab56b1c45426cce8ec9ec3efe924bdcf82a2660653a8", "price_changes": [{"asset_id": "77180110437152840315135982290012236614030284739974834028432765325069478658635", "price": "0.999", "size": "82151.65", "side": "BUY", "hash": "92168208b613aff6545bc7608b454af7cbe4e190", "best_bid": "0.999", "best_ask": "1"}, {"asset_id": "114658609138469256197851152713165588067046661141994005400852526154778894167141", "price": "0.001", "size": "82151.65", "side": "SELL", "hash": "aef716b4df5b45239d90dec995ece1143a8f276e", "best_bid": "0", "best_ask": "0.001"}], "timestamp": "1769384070207", "event_type": "price_change"}}
{"_local_timestamp": "2026-01-25T23:34:30.718991+00:00", "data": {"market": "0x6ceb0eb3599abe3de5b5ab56b1c45426cce8ec9ec3efe924bdcf82a2660653a8", "price_changes": [{"asset_id": "77180110437152840315135982290012236614030284739974834028432765325069478658635", "price": "0.999", "size": "82188.65", "side": "BUY", "hash": "cb5441345eef9dd4ab201547401c24b435e4aa79", "best_bid": "0.999", "best_ask": "1"}, {"asset_id": "114658609138469256197851152713165588067046661141994005400852526154778894167141", "price": "0.001", "size": "82188.65", "side": "SELL", "hash": "ee5582694f6c9b94886d60fa2f9903a3366d06b1", "best_bid": "0", "best_ask": "0.001"}], "timestamp": "1769384070578", "event_type": "price_change"}}
{"_local_timestamp": "2026-01-25T23:34:31.035337+00:00", "data": {"market": "0x6ceb0eb3599abe3de5b5ab56b1c45426cce8ec9ec3efe924bdcf82a2660653a8", "price_changes": [{"asset_id": "77180110437152840315135982290012236614030284739974834028432765325069478658635", "price": "0.999", "size": "82224.65", "side": "BUY", "hash": "15babf5ae575a46f1df6b11e57cf4ca37229656d", "best_bid": "0.999", "best_ask": "1"}, {"asset_id": "114658609138469256197851152713165588067046661141994005400852526154778894167141", "price": "0.001", "size": "82224.65", "side": "SELL", "hash": "ef83ffccc545133e31ff7ea6dd6927b4d82e4719", "best_bid": "0", "best_ask": "0.001"}], "timestamp": "1769384070940", "event_type": "price_change"}}
{"_local_timestamp": "2026-01-25T23:34:32.262805+00:00", "data": {"market": "0x6ceb0eb3599abe3de5b5ab56b1c45426cce8ec9ec3efe924bdcf82a2660653a8", "price_changes": [{"asset_id": "77180110437152840315135982290012236614030284739974834028432765325069478658635", "price": "0.999", "size": "82259.65", "side": "BUY", "hash": "93da53144988c0560b0a551077adb3cb07b936e0", "best_bid": "0.999", "best_ask": "1"}, {"asset_id": "114658609138469256197851152713165588067046661141994005400852526154778894167141", "price": "0.001", "size": "82259.65", "side": "SELL", "hash": "eef075f436ab69bc7c6c3af414bf0dc341f1ab47", "best_bid": "0", "best_ask": "0.001"}], "timestamp": "1769384072107", "event_type": "price_change"}}
{"_local_timestamp": "2026-01-25T23:34:32.649028+00:00", "data": {"market": "0x6ceb0eb3599abe3de5b5ab56b1c45426cce8ec9ec3efe924bdcf82a2660653a8", "price_changes": [{"asset_id": "77180110437152840315135982290012236614030284739974834028432765325069478658635", "price": "0.999", "size": "82293.65", "side": "BUY", "hash": "d813f3d62fd8fa0b228f289cdaa57af85690f42c", "best_bid": "0.999", "best_ask": "1"}, {"asset_id": "114658609138469256197851152713165588067046661141994005400852526154778894167141", "price": "0.001", "size": "82293.65", "side": "SELL", "hash": "2c7d07559bd95b0c8b7ea2ce2078d2aff21df3e6", "best_bid": "0", "best_ask": "0.001"}], "timestamp": "1769384072572", "event_type": "price_change"}}
{"_local_timestamp": "2026-01-25T23:34:33.445304+00:00", "data": {"market": "0x6ceb0eb3599abe3de5b5ab56b1c45426cce8ec9ec3efe924bdcf82a2660653a8", "price_changes": [{"asset_id": "77180110437152840315135982290012236614030284739974834028432765325069478658635", "price": "0.999", "size": "82326.65", "side": "BUY", "hash": "5a8850e8d0693a8468d6504f669411fa0939194c", "best_bid": "0.999", "best_ask": "1"}, {"asset_id": "114658609138469256197851152713165588067046661141994005400852526154778894167141", "price": "0.001", "size": "82326.65", "side": "SELL", "hash": "a21f10b8c2e885cfc7857d9ef2efbe432c065d4e", "best_bid": "0", "best_ask": "0.001"}], "timestamp": "1769384073355", "event_type": "price_change"}}
{"_local_timestamp": "2026-01-25T23:34:36.158817+00:00", "data": {"market": "0x6ceb0eb3599abe3de5b5ab56b1c45426cce8ec9ec3efe924bdcf82a2660653a8", "price_changes": [{"asset_id": "77180110437152840315135982290012236614030284739974834028432765325069478658635", "price": "0.999", "size": "84826.65", "side": "BUY", "hash": "2ff82b1c9df07ee150a74f001d8c1ea492f1f957", "best_bid": "0.999", "best_ask": "1"}, {"asset_id": "114658609138469256197851152713165588067046661141994005400852526154778894167141", "price": "0.001", "size": "84826.65", "side": "SELL", "hash": "c5741d6297239249f44a2b68b11f0e9e836ef2c2", "best_bid": "0", "best_ask": "0.001"}], "timestamp": "1769384076057", "event_type": "price_change"}}
{"_local_timestamp": "2026-01-25T23:34:38.501577+00:00", "data": {"market": "0x6ceb0eb3599abe3de5b5ab56b1c45426cce8ec9ec3efe924bdcf82a2660653a8", "price_changes": [{"asset_id": "77180110437152840315135982290012236614030284739974834028432765325069478658635", "price": "0.999", "size": "84981.65", "side": "BUY", "hash": "217e5a9be703df831569e9cc6af4510cc369009a", "best_bid": "0.999", "best_ask": "1"}, {"asset_id": "114658609138469256197851152713165588067046661141994005400852526154778894167141", "price": "0.001", "size": "84981.65", "side": "SELL", "hash": "09b5c7c6e5b4a8233be8830186d8023e1044d7f2", "best_bid": "0", "best_ask": "0.001"}], "timestamp": "1769384078430", "event_type": "price_change"}}
{"_local_timestamp": "2026-01-25T23:34:38.889614+00:00", "data": {"market": "0x6ceb0eb3599abe3de5b5ab56b1c45426cce8ec9ec3efe924bdcf82a2660653a8", "price_changes": [{"asset_id": "77180110437152840315135982290012236614030284739974834028432765325069478658635", "price": "0.999", "size": "85135.65", "side": "BUY", "hash": "d8e989b6deeb464c42fe4b75f58e55f8e859dfd2", "best_bid": "0.999", "best_ask": "1"}, {"asset_id": "114658609138469256197851152713165588067046661141994005400852526154778894167141", "price": "0.001", "size": "85135.65", "side": "SELL", "hash": "daf71b7d45710fc4c5f7f76d548c5875e6ab85e7", "best_bid": "0", "best_ask": "0.001"}], "timestamp": "1769384078811", "event_type": "price_change"}}
{"_local_timestamp": "2026-01-25T23:34:40.162495+00:00", "data": {"market": "0x6ceb0eb3599abe3de5b5ab56b1c45426cce8ec9ec3efe924bdcf82a2660653a8", "price_changes": [{"asset_id": "77180110437152840315135982290012236614030284739974834028432765325069478658635", "price": "0.999", "size": "85288.65", "side": "BUY", "hash": "65b56b90564055f88619ed0b70a6b32d9c1496e0", "best_bid": "0.999", "best_ask": "1"}, {"asset_id": "114658609138469256197851152713165588067046661141994005400852526154778894167141", "price": "0.001", "size": "85288.65", "side": "SELL", "hash": "9f1c472951bc8c6cdf0c235775139ebdb87aeb69", "best_bid": "0", "best_ask": "0.001"}], "timestamp": "1769384079999", "event_type": "price_change"}}
{"_local_timestamp": "2026-01-25T23:34:40.668041+00:00", "data": {"market": "0x6ceb0eb3599abe3de5b5ab56b1c45426cce8ec9ec3efe924bdcf82a2660653a8", "price_changes": [{"asset_id": "77180110437152840315135982290012236614030284739974834028432765325069478658635", "price": "0.999", "size": "85440.65", "side": "BUY", "hash": "9a95884742efce7263de14546046657582c65bc4", "best_bid": "0.999", "best_ask": "1"}, {"asset_id": "114658609138469256197851152713165588067046661141994005400852526154778894167141", "price": "0.001", "size": "85440.65", "side": "SELL", "hash": "b9c83fee880c2c585df9f2149b3c3f65f5656403", "best_bid": "0", "best_ask": "0.001"}], "timestamp": "1769384080491", "event_type": "price_change"}}
{"_local_timestamp": "2026-01-25T23:35:07.466142+00:00", "data": {"market": "0x6ceb0eb3599abe3de5b5ab56b1c45426cce8ec9ec3efe924bdcf82a2660653a8", "price_changes": [{"asset_id": "77180110437152840315135982290012236614030284739974834028432765325069478658635", "price": "0.999", "size": "80137.65", "side": "BUY", "hash": "c0d967a703544b4a154840c5c2c30d03b855b60a", "best_bid": "0.999", "best_ask": "1"}, {"asset_id": "114658609138469256197851152713165588067046661141994005400852526154778894167141", "price": "0.001", "size": "80137.65", "side": "SELL", "hash": "8d6a752ddd5de529841ea6fda219cddfbf4fd2f2", "best_bid": "0", "best_ask": "0.001"}], "timestamp": "1769384107390", "event_type": "price_change"}}
{"_local_timestamp": "2026-01-25T23:35:07.703918+00:00", "data": {"market": "0x6ceb0eb3599abe3de5b5ab56b1c45426cce8ec9ec3efe924bdcf82a2660653a8", "price_changes": [{"asset_id": "77180110437152840315135982290012236614030284739974834028432765325069478658635", "price": "0.999", "size": "80176.65", "side": "BUY", "hash": "60db7f9ba44eacc121c40055e74efd5c37bf93e4", "best_bid": "0.999", "best_ask": "1"}, {"asset_id": "114658609138469256197851152713165588067046661141994005400852526154778894167141", "price": "0.001", "size": "80176.65", "side": "SELL", "hash": "2e6ed917941b3d0e27c55d8811e4e02b8d66e0ff", "best_bid": "0", "best_ask": "0.001"}], "timestamp": "1769384107614", "event_type": "price_change"}}
{"_local_timestamp": "2026-01-25T23:35:08.024604+00:00", "data": {"market": "0x6ceb0eb3599abe3de5b5ab56b1c45426cce8ec9ec3efe924bdcf82a2660653a8", "price_changes": [{"asset_id": "77180110437152840315135982290012236614030284739974834028432765325069478658635", "price": "0.999", "size": "80214.65", "side": "BUY", "hash": "9b47f170444d6b795c53acc0658edba630f4b365", "best_bid": "0.999", "best_ask": "1"}, {"asset_id": "114658609138469256197851152713165588067046661141994005400852526154778894167141", "price": "0.001", "size": "80214.65", "side": "SELL", "hash": "50ef7a55662e82d21f7b945b0bf055b5335977b0", "best_bid": "0", "best_ask": "0.001"}], "timestamp": "1769384107943", "event_type": "price_change"}}
{"_local_timestamp": "2026-01-25T23:35:08.429745+00:00", "data": {"market": "0x6ceb0eb3599abe3de5b5ab56b1c45426cce8ec9ec3efe924bdcf82a2660653a8", "price_changes": [{"asset_id": "77180110437152840315135982290012236614030284739974834028432765325069478658635", "price": "0.999", "size": "80251.65", "side": "BUY", "hash": "6d20a1497bbbee0ab46fe5403fe7e9f7c0146626", "best_bid": "0.999", "best_ask": "1"}, {"asset_id": "114658609138469256197851152713165588067046661141994005400852526154778894167141", "price": "0.001", "size": "80251.65", "side": "SELL", "hash": "0bda9146f0f9497e087c6ddb58dac3c8b84617d7", "best_bid": "0", "best_ask": "0.001"}], "timestamp": "1769384108358", "event_type": "price_change"}}
{"_local_timestamp": "2026-01-25T23:35:08.878415+00:00", "data": {"market": "0x6ceb0eb3599abe3de5b5ab56b1c45426cce8ec9ec3efe924bdcf82a2660653a8", "price_changes": [{"asset_id": "77180110437152840315135982290012236614030284739974834028432765325069478658635", "price": "0.999", "size": "80287.65", "side": "BUY", "hash": "19833ba572fe18e8bddc309aac53f08cbd287330", "best_bid": "0.999", "best_ask": "1"}, {"asset_id": "114658609138469256197851152713165588067046661141994005400852526154778894167141", "price": "0.001", "size": "80287.65", "side": "SELL", "hash": "65d35a60455681e62ae341132b592e3d1d599162", "best_bid": "0", "best_ask": "0.001"}], "timestamp": "1769384108811", "event_type": "price_change"}}
{"_local_timestamp": "2026-01-25T23:35:09.258979+00:00", "data": {"market": "0x6ceb0eb3599abe3de5b5ab56b1c45426cce8ec9ec3efe924bdcf82a2660653a8", "price_changes": [{"asset_id": "77180110437152840315135982290012236614030284739974834028432765325069478658635", "price": "0.999", "size": "80322.65", "side": "BUY", "hash": "bb94c0217825e741e7db2147234b12d000863067", "best_bid": "0.999", "best_ask": "1"}, {"asset_id": "114658609138469256197851152713165588067046661141994005400852526154778894167141", "price": "0.001", "size": "80322.65", "side": "SELL", "hash": "f98daa2bc0872897aae95480510f18590f92e4ce", "best_bid": "0", "best_ask": "0.001"}], "timestamp": "1769384109169", "event_type": "price_change"}}
