{"_local_timestamp": "2026-01-25T23:34:28.878767+00:00", "data": [{"market": "0xbdff87a291552cb51531c5f30515a521692da10cefddac627dcf4da2020f62b3", "asset_id": "53063195639178711216625412129631265667425198279099155138767150469664578065604", "timestamp": "1769383946665", "hash": "50f15aca9a8063318203f09469f2ab6e0e6c625f", "bids": [{"price": "0.01", "size": "635.04"}, {"price": "0.02", "size": "17.76"}, {"price": "0.05", "size": "100"}, {"price": "0.06", "size": "33"}, {"price": "0.08", "size": "68.75"}, {"price": "0.09", "size": "134"}, {"price": "0.1", "size": "200"}, {"price": "0.11", "size": "5.4"}, {"price": "0.12", "size": "52.63"}, {"price": "0.69", "size": "50"}], "asks": [{"price": "0.99", "size": "844.83"}, {"price": "0.98", "size": "213.72"}, {"price": "0.97", "size": "103"}, {"price": "0.96", "size": "6.21"}, {"price": "0.95", "size": "100"}, {"price": "0.94", "size": "38.48"}, {"price": "0.93", "size": "58.1"}], "event_type": "book", "last_trade_price": ""}, {"market": "0xbdff87a291552cb51531c5f30515a521692da10cefddac627dcf4da2020f62b3", "asset_id": "100443360375230484170037082094286936214779572115807929958263815924882971977856", "timestamp": "1769383946665", "hash": "80cc6b5ca83821b380f96f869f8aafc316a9e3c1", "bids": [{"price": "0.01", "size": "844.83"}, {"price": "0.02", "size": "213.72"}, {"price": "0.03", "size": "103"}, {"price": "0.04", "size": "6.21"}, {"price": "0.05", "size": "100"}, {"price": "0.06", "size": "38.48"}, {"price": "0.07", "size": "58.1"}], "asks": [{"price": "0.99", "size": "635.04"}, {"price": "0.98", "size": "17.76"}, {"price": "0.95", "size": "100"}, {"price": "0.94", "size": "33"}, {"price": "0.92", "size": "68.75"}, {"price": "0.91", "size": "134"}, {"price": "0.9", "size": "200"}, {"price": "0.89", "size": "5.4"}, {"price": "0.88", "size": "52.63"}, {"price": "0.31", "size": "50"}], "event_type": "book", "last_trade_price": ""}]}
{"_local_timestamp": "2026-01-25T23:35:25.525786+00:00", "data": {"market": "0xbdff87a291552cb51531c5f30515a521692da10cefddac627dcf4da2020f62b3", "price_changes": [{"asset_id": "100443360375230484170037082094286936214779572115807929958263815924882971977856", "price": "0.01", "size": "835.49", "side": "BUY", "hash": "c8eaff74408f1907fa7e5f9333ceb4461f8c470b", "best_bid": "0.07", "best_ask": "0.31"}, {"asset_id": "53063195639178711216625412129631265667425198279099155138767150469664578065604", "price": "0.99", "size": "835.49", "side": "SELL", "hash": "d5b0710aeec1a99a5b3b4507e4c4c10b91febe8d", "best_bid": "0.69", "best_ask": "0.93"}], "timestamp": "1769384125460", "event_type": "price_change"}}
{"_local_timestamp": "2026-01-25T23:35:28.348419+00:00", "data": {"market": "0xbdff87a291552cb51531c5f30515a521692da10cefddac627dcf4da2020f62b3", "price_changes": [{"asset_id": "100443360375230484170037082094286936214779572115807929958263815924882971977856", "price": "0.01", "size": "844.83", "side": "BUY", "hash": "3e1c89e704b1175cd2442ed74bb4ae3c3a13a239", "best_bid": "0.07", "best_ask": "0.31"}, {"asset_id": "53063195639178711216625412129631265667425198279099155138767150469664578065604", "price": "0.99", "size": "844.83", "side": "SELL", "hash": "f7c8d1da57f48ff91eb7a0468b613805edda9bfe", "best_bid": "0.69", "best_ask": "0.93"}], "timestamp": "1769384128276", "event_type": "price_change"}}
{"_local_timestamp": "2026-01-25T23:35:39.694349+00:00", "data": {"market": "0xbdff87a291552cb51531c5f30515a521692da10cefddac627dcf4da2020f62b3", "price_changes": [{"asset_id": "53063195639178711216625412129631265667425198279099155138767150469664578065604", "price": "0.11", "size": "205.4", "side": "BUY", "hash": "8217db22e02a7f5dfe52d3723717f8bc15a34b02", "best_bid": "0.69", "best_ask": "0.93"}, {"asset_id": "100443360375230484170037082094286936214779572115807929958263815924882971977856", "price": "0.89", "size": "205.4", "side": "SELL", "hash": "30fd1eb77a464d89ba05564a6c22d91e3117e3d9", "best_bid": "0.07", "best_ask": "0.31"}], "timestamp": "1769384139630", "event_type": "price_change"}}
{"_local_timestamp": "2026-01-25T23:35:39.694940+00:00", "data": {"market": "0xbdff87a291552cb51531c5f30515a521692da10cefddac627dcf4da2020f62b3", "price_changes": [{"asset_id": "53063195639178711216625412129631265667425198279099155138767150469664578065604", "price": "0.1", "size": "0", "side": "BUY", "hash": "587a9b9d00ecd2d1766d214f52cb7fb877630619", "best_bid": "0.69", "best_ask": "0.93"}, {"asset_id": "100443360375230484170037082094286936214779572115807929958263815924882971977856", "price": "0.9", "size": "0", "side": "SELL", "hash": "68adc85528b5459e6eecf3cd0a94db508ce18fef", "best_bid": "0.07", "best_ask": "0.31"}], "timestamp": "1769384139631", "event_type": "price_change"}}
{"_local_timestamp": "2026-01-25T23:35:53.953728+00:00", "data": {"market": "0xbdff87a291552cb51531c5f30515a521692da10cefddac627dcf4da2020f62b3", "price_changes": [{"asset_id": "53063195639178711216625412129631265667425198279099155138767150469664578065604", "price": "0.01", "size": "1035.04", "side": "BUY", "hash": "b647413155f35cf3b886a46dd95b60ba2e81ed5f", "best_bid": "0.69", "best_ask": "0.93"}, {"asset_id": "100443360375230484170037082094286936214779572115807929958263815924882971977856", "price": "0.99", "size": "1035.04", "side": "SELL", "hash": "c1afc9008907f7e3c76713e7e39b4a7974e8eb5e", "best_bid": "0.07", "best_ask": "0.31"}], "timestamp": "1769384153888", "event_type": "price_change"}}
{"_local_timestamp": "2026-01-25T23:36:23.067356+00:00", "data": {"market": "0xbdff87a291552cb51531c5f30515a521692da10cefddac627dcf4da2020f62b3", "price_changes": [{"asset_id": "53063195639178711216625412129631265667425198279099155138767150469664578065604", "price": "0.69", "size": "0", "side": "BUY", "hash": "4a4b2b3db34d4931d579cf5261503943a494fe3f", "best_bid": "0.12", "best_ask": "0.93"}, {"asset_id": "100443360375230484170037082094286936214779572115807929958263815924882971977856", "price": "0.31", "size": "0", "side": "SELL", "hash": "2e5d387c266093d73f541b87df6741208a606534", "best_bid": "0.07", "best_ask": "0.88"}], "timestamp": "1769384183000", "event_type": "price_change"}}
{"_local_timestamp": "2026-01-25T23:36:23.129605+00:00", "data": {"market": "0xbdff87a291552cb51531c5f30515a521692da10cefddac627dcf4da2020f62b3", "price_changes": [{"asset_id": "53063195639178711216625412129631265667425198279099155138767150469664578065604", "price": "0.02", "size": "217.76", "side": "BUY", "hash": "d8f4e8d36c8105b5b339394c38c1325bbead27ed", "best_bid": "0.12", "best_ask": "0.93"}, {"asset_id": "100443360375230484170037082094286936214779572115807929958263815924882971977856", "price": "0.98", "size": "217.76", "side": "SELL", "hash": "828eaa261152c12e001d203aa0adf99e5725452d", "best_bid": "0.07", "best_ask": "0.88"}], "timestamp": "1769384183061", "event_type": "price_change"}}
