{"_local_timestamp": "2026-01-25T23:41:07.617351+00:00", "data": [{"market": "0x31084034029b612638e3fb22b7a601d6ac29a675179c4cc606eba58750454da1", "asset_id": "99896232523630538632605367960708575654428843671945194710554437725405697950894", "timestamp": "1769384467320", "hash": "6659af8692a150be3b6dee3a5754f5ce60a8d9f7", "bids": [{"price": "0.01", "size": "2982.75"}, {"price": "0.02", "size": "2450"}, {"price": "0.03", "size": "10.19"}, {"price": "0.06", "size": "1900"}, {"price": "0.08", "size": "400"}, {"price": "0.1", "size": "10"}, {"price": "0.11", "size": "5.42"}, {"price": "0.15", "size": "500"}, {"price": "0.2", "size": "700"}, {"price": "0.25", "size": "600"}, {"price": "0.26", "size": "300"}, {"price": "0.33", "size": "200"}, {"price": "0.35", "size": "100"}, {"price": "0.4", "size": "100"}, {"price": "0.5", "size": "10"}, {"price": "0.64", "size": "237.49"}, {"price": "0.67", "size": "5"}, {"price": "0.68", "size": "163.75"}, {"price": "0.69", "size": "5"}, {"price": "0.7", "size": "60.26"}, {"price": "0.72", "size": "50"}, {"price": "0.74", "size": "200"}, {"price": "0.75", "size": "11.35"}], "asks": [{"price": "0.99", "size": "1173"}, {"price": "0.98", "size": "156.96"}, {"price": "0.97", "size": "75"}, {"price": "0.96", "size": "6"}, {"price": "0.93", "size": "50"}, {"price": "0.92", "size": "7.76"}, {"price": "0.91", "size": "61.11"}, {"price": "0.87", "size": "205"}, {"price": "0.85", "size": "86.66"}, {"price": "0.82", "size": "20.73"}, {"price": "0.78", "size": "163.75"}, {"price": "0.77", "size": "218.65"}], "event_type": "book", "last_trade_price": "0.750"}, {"market": "0x31084034029b612638e3fb22b7a601d6ac29a675179c4cc606eba58750454da1", "asset_id": "44663683609771624335776214797712449871138282164713549046114267101981463159940", "timestamp": "1769384467320", "hash": "b12d2a3cbd0b0a89161a5d92a1a1d06ce3abfea4", "bids": [{"price": "0.01", "size": "1173"}, {"price": "0.02", "size": "156.96"}, {"price": "0.03", "size": "75"}, {"price": "0.04", "size": "6"}, {"price": "0.07", "size": "50"}, {"price": "0.08", "size": "7.76"}, {"price": "0.09", "size": "61.11"}, {"price": "0.13", "size": "205"}, {"price": "0.15", "size": "86.66"}, {"price": "0.18", "size": "20.73"}, {"price": "0.22", "size": "163.75"}, {"price": "0.23", "size": "218.65"}], "asks": [{"price": "0.99", "size": "2982.75"}, {"price": "0.98", "size": "2450"}, {"price": "0.97", "size": "10.19"}, {"price": "0.94", "size": "1900"}, {"price": "0.92", "size": "400"}, {"price": "0.9", "size": "10"}, {"price": "0.89", "size": "5.42"}, {"price": "0.85", "size": "500"}, {"price": "0.8", "size": "700"}, {"price": "0.75", "size": "600"}, {"price": "0.74", "size": "300"}, {"price": "0.67", "size": "200"}, {"price": "0.65", "size": "100"}, {"price": "0.6", "size": "100"}, {"price": "0.5", "size": "10"}, {"price": "0.36", "size": "237.49"}, {"price": "0.33", "size": "5"}, {"price": "0.32", "size": "163.75"}, {"price": "0.31", "size": "5"}, {"price": "0.3", "size": "60.26"}, {"price": "0.28", "size": "50"}, {"price": "0.26", "size": "200"}, {"price": "0.25", "size": "11.35"}], "event_type": "book", "last_trade_price": "0.750"}]}
{"_local_timestamp": "2026-01-25T23:41:08.583008+00:00", "data": {"market": "0x31084034029b612638e3fb22b7a601d6ac29a675179c4cc606eba58750454da1", "price_changes": [{"asset_id": "99896232523630538632605367960708575654428843671945194710554437725405697950894", "price": "0.75", "size": "0", "side": "BUY", "hash": "440ce55eb8736f2f25063d2347815160065dd476", "best_bid": "0.74", "best_ask": "0.77"}, {"asset_id": "44663683609771624335776214797712449871138282164713549046114267101981463159940", "price": "0.25", "size": "0", "side": "SELL", "hash": "e23bf8657573794becb30e2fce3ccceb356ae139", "best_bid": "0.23", "best_ask": "0.26"}], "timestamp": "1769384468503", "event_type": "price_change"}}
{"_local_timestamp": "2026-01-25T23:41:08.870620+00:00", "data": {"market": "0x31084034029b612638e3fb22b7a601d6ac29a675179c4cc606eba58750454da1", "price_changes": [{"asset_id": "99896232523630538632605367960708575654428843671945194710554437725405697950894", "price": "0.25", "size": "400", "side": "BUY", "hash": "01e7622219f451f98173868b866102e8113eb08c", "best_bid": "0.72", "best_ask": "0.77"}, {"asset_id": "44663683609771624335776214797712449871138282164713549046114267101981463159940", "price": "0.75", "size": "400", "side": "SELL", "hash": "b68f41fcf9cff78f0f749fe0005588454bc73f6a", "best_bid": "0.23", "best_ask": "0.28"}], "timestamp": "1769384468798", "event_type": "price_change"}}
{"_local_timestamp": "2026-01-25T23:41:08.873057+00:00", "data": {"market": "0x31084034029b612638e3fb22b7a601d6ac29a675179c4cc606eba58750454da1", "price_changes": [{"asset_id": "99896232523630538632605367960708575654428843671945194710554437725405697950894", "price": "0.74", "size": "0", "side": "BUY", "hash": "01e7622219f451f98173868b866102e8113eb08c", "best_bid": "0.72", "best_ask": "0.77"}, {"asset_id": "44663683609771624335776214797712449871138282164713549046114267101981463159940", "price": "0.26", "size": "0", "side": "SELL", "hash": "b68f41fcf9cff78f0f749fe0005588454bc73f6a", "best_bid": "0.23", "best_ask": "0.28"}], "timestamp": "1769384468798", "event_type": "price_change"}}
{"_local_timestamp": "2026-01-25T23:41:08.874050+00:00", "data": {"market": "0x31084034029b612638e3fb22b7a601d6ac29a675179c4cc606eba58750454da1", "price_changes": [{"asset_id": "44663683609771624335776214797712449871138282164713549046114267101981463159940", "price": "0.13", "size": "5", "side": "BUY", "hash": "e715525603904c1a645e8a65e7652baa83b42b25", "best_bid": "0.23", "best_ask": "0.28"}, {"asset_id": "99896232523630538632605367960708575654428843671945194710554437725405697950894", "price": "0.87", "size": "5", "side": "SELL", "hash": "afdfe8f46c4cdfd195105979073ce9f32758df4e", "best_bid": "0.72", "best_ask": "0.77"}], "timestamp": "1769384468799", "event_type": "price_change"}}
{"_local_timestamp": "2026-01-25T23:41:08.875007+00:00", "data": {"market": "0x31084034029b612638e3fb22b7a601d6ac29a675179c4cc606eba58750454da1", "price_changes": [{"asset_id": "99896232523630538632605367960708575654428843671945194710554437725405697950894", "price": "0.72", "size": "250", "side": "BUY", "hash": "5601271c64ea8a83d7a430f39c39b77a1c5bc732", "best_bid": "0.72", "best_ask": "0.77"}, {"asset_id": "44663683609771624335776214797712449871138282164713549046114267101981463159940", "price": "0.28", "size": "250", "side": "SELL", "hash": "7d58c60af701861cb8178871012638a469d35be8", "best_bid": "0.23", "best_ask": "0.28"}], "timestamp": "1769384468799", "event_type": "price_change"}}
{"_local_timestamp": "2026-01-25T23:41:08.875418+00:00", "data": {"market": "0x31084034029b612638e3fb22b7a601d6ac29a675179c4cc606eba58750454da1", "price_changes": [{"asset_id": "44663683609771624335776214797712449871138282164713549046114267101981463159940", "price": "0.15", "size": "286.66", "side": "BUY", "hash": "32173f83813adac8110db613c9b56ac402b61c7a", "best_bid": "0.23", "best_ask": "0.28"}, {"asset_id": "99896232523630538632605367960708575654428843671945194710554437725405697950894", "price": "0.85", "size": "286.66", "side": "SELL", "hash": "febed110b824977509dfd1441dd8a2cf81f226bd", "best_bid": "0.72", "best_ask": "0.77"}], "timestamp": "1769384468800", "event_type": "price_change"}}
{"_local_timestamp": "2026-01-25T23:41:08.875892+00:00", "data": {"market": "0x31084034029b612638e3fb22b7a601d6ac29a675179c4cc606eba58750454da1", "price_changes": [{"asset_id": "99896232523630538632605367960708575654428843671945194710554437725405697950894", "price": "0.21", "size": "200", "side": "BUY", "hash": "8764a36e752dc08aa5ce51f193ea4d2d6e96e967", "best_bid": "0.72", "best_ask": "0.77"}, {"asset_id": "44663683609771624335776214797712449871138282164713549046114267101981463159940", "price": "0.79", "size": "200", "side": "SELL", "hash": "7d22f5300e8f441cfac1358a24f9be9c4782a17f", "best_bid": "0.23", "best_ask": "0.28"}], "timestamp": "1769384468801", "event_type": "price_change"}}
{"_local_timestamp": "2026-01-25T23:41:09.311037+00:00", "data": {"market": "0x31084034029b612638e3fb22b7a601d6ac29a675179c4cc606eba58750454da1", "price_changes": [{"asset_id": "99896232523630538632605367960708575654428843671945194710554437725405697950894", "price": "0.73", "size": "11.35", "side": "BUY", "hash": "8a605630284c27f49575ef857f71633c27b0a7a5", "best_bid": "0.73", "best_ask": "0.77"}, {"asset_id": "44663683609771624335776214797712449871138282164713549046114267101981463159940", "price": "0.27", "size": "11.35", "side": "SELL", "hash": "e56e3793b73f2e232709bc19de8c2629a8e85c71", "best_bid": "0.23", "best_ask": "0.27"}], "timestamp": "1769384469235", "event_type": "price_change"}}
{"_local_timestamp": "2026-01-25T23:41:10.860211+00:00", "data": {"market": "0x31084034029b612638e3fb22b7a601d6ac29a675179c4cc606eba58750454da1", "price_changes": [{"asset_id": "99896232523630538632605367960708575654428843671945194710554437725405697950894", "price": "0.72", "size": "50", "side": "BUY", "hash": "5e4aaeaf3ef043af397ea8ffdd6b90a3e4250f62", "best_bid": "0.73", "best_ask": "0.77"}, {"asset_id": "44663683609771624335776214797712449871138282164713549046114267101981463159940", "price": "0.28", "size": "50", "side": "SELL", "hash": "e6335f8820dc474a45f6f2efa48cdb4672aa098d", "best_bid": "0.23", "best_ask": "0.27"}], "timestamp": "1769384470791", "event_type": "price_change"}}
{"_local_timestamp": "2026-01-25T23:41:10.860668+00:00", "data": {"market": "0x31084034029b612638e3fb22b7a601d6ac29a675179c4cc606eba58750454da1", "price_changes": [{"asset_id": "99896232523630538632605367960708575654428843671945194710554437725405697950894", "price": "0.21", "size": "0", "side": "BUY", "hash": "5e4aaeaf3ef043af397ea8ffdd6b90a3e4250f62", "best_bid": "0.73", "best_ask": "0.77"}, {"asset_id": "44663683609771624335776214797712449871138282164713549046114267101981463159940", "price": "0.79", "size": "0", "side": "SELL", "hash": "e6335f8820dc474a45f6f2efa48cdb4672aa098d", "best_bid": "0.23", "best_ask": "0.27"}], "timestamp": "1769384470791", "event_type": "price_change"}}
{"_local_timestamp": "2026-01-25T23:41:10.860959+00:00", "data": {"market": "0x31084034029b612638e3fb22b7a601d6ac29a675179c4cc606eba58750454da1", "price_changes": [{"asset_id": "99896232523630538632605367960708575654428843671945194710554437725405697950894", "price": "0.73", "size": "211.35", "side": "BUY", "hash": "7f18961e536fcb06d3dc7cd077e7f2b645b454e8", "best_bid": "0.73", "best_ask": "0.77"}, {"asset_id": "44663683609771624335776214797712449871138282164713549046114267101981463159940", "price": "0.27", "size": "211.35", "side": "SELL", "hash": "bcd8a8b4b55b1df57bed2aa477ff49bd37e0342b", "best_bid": "0.23", "best_ask": "0.27"}], "timestamp": "1769384470792", "event_type": "price_change"}}
{"_local_timestamp": "2026-01-25T23:41:10.861242+00:00", "data": {"market": "0x31084034029b612638e3fb22b7a601d6ac29a675179c4cc606eba58750454da1", "price_changes": [{"asset_id": "99896232523630538632605367960708575654428843671945194710554437725405697950894", "price": "0.25", "size": "600", "side": "BUY", "hash": "7c0e9a3d53b92469bbbca283f7709eb0cf882597", "best_bid": "0.73", "best_ask": "0.77"}, {"asset_id": "44663683609771624335776214797712449871138282164713549046114267101981463159940", "price": "0.75", "size": "600", "side": "SELL", "hash": "ff74bc0f35cedd679d6bc99d1d20a166a6b7ae31", "best_bid": "0.23", "best_ask": "0.27"}], "timestamp": "1769384470793", "event_type": "price_change"}}
{"_local_timestamp": "2026-01-25T23:41:12.200658+00:00", "data": {"market": "0x31084034029b612638e3fb22b7a601d6ac29a675179c4cc606eba58750454da1", "price_changes": [{"asset_id": "99896232523630538632605367960708575654428843671945194710554437725405697950894", "price": "0.73", "size": "200", "side": "BUY", "hash": "90651c1a6d587362ecf6fc089cb7fdeae845df16", "best_bid": "0.73", "best_ask": "0.77"}, {"asset_id": "44663683609771624335776214797712449871138282164713549046114267101981463159940", "price": "0.27", "size": "200", "side": "SELL", "hash": "ee80bd78668cddac5fb711ce0d9bd8cd2730fcdf", "best_bid": "0.23", "best_ask": "0.27"}], "timestamp": "1769384472082", "event_type": "price_change"}}
{"_local_timestamp": "2026-01-25T23:41:12.289568+00:00", "data": {"market": "0x31084034029b612638e3fb22b7a601d6ac29a675179c4cc606eba58750454da1", "price_changes": [{"asset_id": "99896232523630538632605367960708575654428843671945194710554437725405697950894", "price": "0.74", "size": "11.35", "side": "BUY", "hash": "f232b10caee6eb638e08646a9a0485a728e06497", "best_bid": "0.74", "best_ask": "0.77"}, {"asset_id": "44663683609771624335776214797712449871138282164713549046114267101981463159940", "price": "0.26", "size": "11.35", "side": "SELL", "hash": "7ef5b52ddefbcced525969ff5d0965a24cea8989", "best_bid": "0.23", "best_ask": "0.26"}], "timestamp": "1769384472190", "event_type": "price_change"}}
{"_local_timestamp": "2026-01-25T23:41:12.863846+00:00", "data": {"market": "0x31084034029b612638e3fb22b7a601d6ac29a675179c4cc606eba58750454da1", "price_changes": [{"asset_id": "44663683609771624335776214797712449871138282164713549046114267101981463159940", "price": "0.13", "size": "205", "side": "BUY", "hash": "36568f466aca06178377dd8730bf9b8c4d37eb8c", "best_bid": "0.23", "best_ask": "0.26"}, {"asset_id": "99896232523630538632605367960708575654428843671945194710554437725405697950894", "price": "0.87", "size": "205", "side": "SELL", "hash": "bc868af4fbf722d73300fef16335b874d58c51ee", "best_bid": "0.74", "best_ask": "0.77"}], "timestamp": "1769384472794", "event_type": "price_change"}}
{"_local_timestamp": "2026-01-25T23:41:12.865274+00:00", "data": {"market": "0x31084034029b612638e3fb22b7a601d6ac29a675179c4cc606eba58750454da1", "price_changes": [{"asset_id": "99896232523630538632605367960708575654428843671945194710554437725405697950894", "price": "0.74", "size": "211.35", "side": "BUY", "hash": "a1a77cf13e8473cc3a9917631763710ba9d955b3", "best_bid": "0.74", "best_ask": "0.77"}, {"asset_id": "44663683609771624335776214797712449871138282164713549046114267101981463159940", "price": "0.26", "size": "211.35", "side": "SELL", "hash": "6c437226f326b22cd83f4eac50f42d964d597ce3", "best_bid": "0.23", "best_ask": "0.26"}], "timestamp": "1769384472795", "event_type": "price_change"}}
{"_local_timestamp": "2026-01-25T23:41:12.867642+00:00", "data": {"market": "0x31084034029b612638e3fb22b7a601d6ac29a675179c4cc606eba58750454da1", "price_changes": [{"asset_id": "99896232523630538632605367960708575654428843671945194710554437725405697950894", "price": "0.73", "size": "0", "side": "BUY", "hash": "c487b83d39df20c64440010fbdc8397a1af0bc71", "best_bid": "0.74", "best_ask": "0.77"}, {"asset_id": "44663683609771624335776214797712449871138282164713549046114267101981463159940", "price": "0.27", "size": "0", "side": "SELL", "hash": "5bd35bda143cf77c477656da53c5593d12bf3a66", "best_bid": "0.23", "best_ask": "0.26"}], "timestamp": "1769384472801", "event_type": "price_change"}}
{"_local_timestamp": "2026-01-25T23:41:12.871077+00:00", "data": {"market": "0x31084034029b612638e3fb22b7a601d6ac29a675179c4cc606eba58750454da1", "price_changes": [{"asset_id": "44663683609771624335776214797712449871138282164713549046114267101981463159940", "price": "0.15", "size": "86.66", "side": "BUY", "hash": "788cd083fa03a5ac142f30c612c8197c12129b1a", "best_bid": "0.23", "best_ask": "0.26"}, {"asset_id": "99896232523630538632605367960708575654428843671945194710554437725405697950894", "price": "0.85", "size": "86.66", "side": "SELL", "hash": "e44b6d8d9f929b446adf708adabb0e26750ab57f", "best_bid": "0.74", "best_ask": "0.77"}], "timestamp": "1769384472801", "event_type": "price_change"}}
{"_local_timestamp": "2026-01-25T23:41:13.360171+00:00", "data": {"market": "0x31084034029b612638e3fb22b7a601d6ac29a675179c4cc606eba58750454da1", "price_changes": [{"asset_id": "99896232523630538632605367960708575654428843671945194710554437725405697950894", "price": "0.74", "size": "200", "side": "BUY", "hash": "643584acaafd0256e7783a302fae315ad5a94a21", "best_bid": "0.74", "best_ask": "0.77"}, {"asset_id": "44663683609771624335776214797712449871138282164713549046114267101981463159940", "price": "0.26", "size": "200", "side": "SELL", "hash": "14b054058b283d070c4b9201d8cc7939eaca5ad0", "best_bid": "0.23", "best_ask": "0.26"}], "timestamp": "1769384473284", "event_type": "price_change"}}
{"_local_timestamp": "2026-01-25T23:41:13.406357+00:00", "data": {"market": "0x31084034029b612638e3fb22b7a601d6ac29a675179c4cc606eba58750454da1", "price_changes": [{"asset_id": "99896232523630538632605367960708575654428843671945194710554437725405697950894", "price": "0.75", "size": "11.35", "side": "BUY", "hash": "104edc1c5f14e735c69a9bd968d9e7ee3249a438", "best_bid": "0.75", "best_ask": "0.77"}, {"asset_id": "44663683609771624335776214797712449871138282164713549046114267101981463159940", "price": "0.25", "size": "11.35", "side": "SELL", "hash": "d4950309fb445a7b4348a971afeb7f0df27aaa6d", "best_bid": "0.23", "best_ask": "0.25"}], "timestamp": "1769384473336", "event_type": "price_change"}}
