{"_local_timestamp": "2026-01-25T23:41:07.562738+00:00", "data": [{"market": "0x0f97134941bd80679fdee6892db8aa43456430756876c21e28814ab6ea82d7b1", "asset_id": "92818068545414333729417941054615491650742925428104282357485931479679785757287", "timestamp": "1769384338532", "hash": "7dc1c782f5cddaab6c675b435f1ac3d3b588684b", "bids": [{"price": "0.01", "size": "2982.98"}, {"price": "0.02", "size": "2250"}, {"price": "0.03", "size": "10.43"}, {"price": "0.04", "size": "125"}, {"price": "0.05", "size": "1900"}, {"price": "0.06", "size": "200"}, {"price": "0.1", "size": "10"}, {"price": "0.11", "size": "5.33"}, {"price": "0.12", "size": "900"}, {"price": "0.13", "size": "200"}, {"price": "0.17", "size": "425"}, {"price": "0.3", "size": "100"}, {"price": "0.36", "size": "36.11"}, {"price": "0.41", "size": "200"}, {"price": "0.42", "size": "226.19"}, {"price": "0.43", "size": "300"}, {"price": "0.55", "size": "173"}, {"price": "0.56", "size": "100"}, {"price": "0.57", "size": "5"}, {"price": "0.59", "size": "5"}, {"price": "0.6", "size": "0.93"}], "asks": [{"price": "0.99", "size": "781.95"}, {"price": "0.98", "size": "150"}, {"price": "0.97", "size": "5.23"}, {"price": "0.96", "size": "125"}, {"price": "0.95", "size": "200"}, {"price": "0.93", "size": "210.76"}, {"price": "0.9", "size": "195"}, {"price": "0.88", "size": "96"}, {"price": "0.85", "size": "205"}, {"price": "0.82", "size": "72.22"}, {"price": "0.81", "size": "57.89"}, {"price": "0.79", "size": "100"}, {"price": "0.77", "size": "59.96"}, {"price": "0.7", "size": "5"}, {"price": "0.68", "size": "5"}, {"price": "0.67", "size": "55"}, {"price": "0.66", "size": "90"}], "event_type": "book", "last_trade_price": "0.600"}, {"market": "0x0f97134941bd80679fdee6892db8aa43456430756876c21e28814ab6ea82d7b1", "asset_id": "104235310571533635551220454953382422248214642032501217365985130073703667808957", "timestamp": "1769384338532", "hash": "792b1ce7e6775adf5fb43d3e200a68af8dd87047", "bids": [{"price": "0.01", "size": "781.95"}, {"price": "0.02", "size": "150"}, {"price": "0.03", "size": "5.23"}, {"price": "0.04", "size": "125"}, {"price": "0.05", "size": "200"}, {"price": "0.07", "size": "210.76"}, {"price": "0.1", "size": "195"}, {"price": "0.12", "size": "96"}, {"price": "0.15", "size": "205"}, {"price": "0.18", "size": "72.22"}, {"price": "0.19", "size": "57.89"}, {"price": "0.21", "size": "100"}, {"price": "0.23", "size": "59.96"}, {"price": "0.3", "size": "5"}, {"price": "0.32", "size": "5"}, {"price": "0.33", "size": "55"}, {"price": "0.34", "size": "90"}], "asks": [{"price": "0.99", "size": "2982.98"}, {"price": "0.98", "size": "2250"}, {"price": "0.97", "size": "10.43"}, {"price": "0.96", "size": "125"}, {"price": "0.95", "size": "1900"}, {"price": "0.94", "size": "200"}, {"price": "0.9", "size": "10"}, {"price": "0.89", "size": "5.33"}, {"price": "0.88", "size": "900"}, {"price": "0.87", "size": "200"}, {"price": "0.83", "size": "425"}, {"price": "0.7", "size": "100"}, {"price": "0.64", "size": "36.11"}, {"price": "0.59", "size": "200"}, {"price": "0.58", "size": "226.19"}, {"price": "0.57", "size": "300"}, {"price": "0.45", "size": "173"}, {"price": "0.44", "size": "100"}, {"price": "0.43", "size": "5"}, {"price": "0.41", "size": "5"}, {"price": "0.4", "size": "0.93"}], "event_type": "book", "last_trade_price": "0.600"}]}
{"_local_timestamp": "2026-01-25T23:42:53.180259+00:00", "data": {"market": "0x0f97134941bd80679fdee6892db8aa43456430756876c21e28814ab6ea82d7b1", "price_changes": [{"asset_id": "104235310571533635551220454953382422248214642032501217365985130073703667808957", "price": "0.33", "size": "5", "side": "BUY", "hash": "3ee7f4ffcf46aa5ce39f24728a7d97fe6c33e39f", "best_bid": "0.34", "best_ask": "0.4"}, {"asset_id": "92818068545414333729417941054615491650742925428104282357485931479679785757287", "price": "0.67", "size": "5", "side": "SELL", "hash": "4858e4d471f23f8b4d69111038e9dcb854a51ad1", "best_bid": "0.6", "best_ask": "0.66"}], "timestamp": "1769384573005", "event_type": "price_change"}}
{"_local_timestamp": "2026-01-25T23:43:47.009182+00:00", "data": {"market": "0x0f97134941bd80679fdee6892db8aa43456430756876c21e28814ab6ea82d7b1", "price_changes": [{"asset_id": "104235310571533635551220454953382422248214642032501217365985130073703667808957", "price": "0.07", "size": "200", "side": "BUY", "hash": "10184f9fbe48b3180ceb3222e07c716cbc89a6f7", "best_bid": "0.34", "best_ask": "0.4"}, {"asset_id": "92818068545414333729417941054615491650742925428104282357485931479679785757287", "price": "0.93", "size": "200", "side": "SELL", "hash": "122fb75f60814d8fd742ac2fb367e5fe2c96c9ec", "best_bid": "0.6", "best_ask": "0.66"}], "timestamp": "1769384626866", "event_type": "price_change"}}
{"_local_timestamp": "2026-01-25T23:43:47.036938+00:00", "data": {"market": "0x0f97134941bd80679fdee6892db8aa43456430756876c21e28814ab6ea82d7b1", "price_changes": [{"asset_id": "104235310571533635551220454953382422248214642032501217365985130073703667808957", "price": "0.03", "size": "205.23", "side": "BUY", "hash": "9fb3c57279f877549b238147d679963955eec550", "best_bid": "0.34", "best_ask": "0.4"}, {"asset_id": "92818068545414333729417941054615491650742925428104282357485931479679785757287", "price": "0.97", "size": "205.23", "side": "SELL", "hash": "854528760f7062e2759681b00bf331b70cdf80ad", "best_bid": "0.6", "best_ask": "0.66"}], "timestamp": "1769384626901", "event_type": "price_change"}}
{"_local_timestamp": "2026-01-25T23:43:47.037294+00:00", "data": {"market": "0x0f97134941bd80679fdee6892db8aa43456430756876c21e28814ab6ea82d7b1", "price_changes": [{"asset_id": "104235310571533635551220454953382422248214642032501217365985130073703667808957", "price": "0.07", "size": "0", "side": "BUY", "hash": "181b63a60ab4cb707c477b3d0ae6aead332a462f", "best_bid": "0.34", "best_ask": "0.4"}, {"asset_id": "92818068545414333729417941054615491650742925428104282357485931479679785757287", "price": "0.93", "size": "0", "side": "SELL", "hash": "4ac538fdcc0b92393aa329071c99d6a2df53a389", "best_bid": "0.6", "best_ask": "0.66"}], "timestamp": "1769384626901", "event_type": "price_change"}}
{"_local_timestamp": "2026-01-25T23:43:47.467552+00:00", "data": {"market": "0x0f97134941bd80679fdee6892db8aa43456430756876c21e28814ab6ea82d7b1", "price_changes": [{"asset_id": "104235310571533635551220454953382422248214642032501217365985130073703667808957", "price": "0.06", "size": "12.56", "side": "BUY", "hash": "a0b038d0eddd7dbb62da87ab5cafacbe6b3d01a8", "best_bid": "0.34", "best_ask": "0.4"}, {"asset_id": "92818068545414333729417941054615491650742925428104282357485931479679785757287", "price": "0.94", "size": "12.56", "side": "SELL", "hash": "c57323736fde0dd898184d3028a27f0820cf2dc8", "best_bid": "0.6", "best_ask": "0.66"}], "timestamp": "1769384627303", "event_type": "price_change"}}
{"_local_timestamp": "2026-01-25T23:43:49.015735+00:00", "data": {"market": "0x0f97134941bd80679fdee6892db8aa43456430756876c21e28814ab6ea82d7b1", "price_changes": [{"asset_id": "104235310571533635551220454953382422248214642032501217365985130073703667808957", "price": "0.03", "size": "5.23", "side": "BUY", "hash": "bf78bb0443ceb4a5ac274d71bf98b8b3c8f58bbd", "best_bid": "0.34", "best_ask": "0.4"}, {"asset_id": "92818068545414333729417941054615491650742925428104282357485931479679785757287", "price": "0.97", "size": "5.23", "side": "SELL", "hash": "00bf74bee2fe254bbbd205bae761dedcf901a9ca", "best_bid": "0.6", "best_ask": "0.66"}], "timestamp": "1769384628900", "event_type": "price_change"}}
{"_local_timestamp": "2026-01-25T23:43:49.020304+00:00", "data": {"market": "0x0f97134941bd80679fdee6892db8aa43456430756876c21e28814ab6ea82d7b1", "price_changes": [{"asset_id": "104235310571533635551220454953382422248214642032501217365985130073703667808957", "price": "0.06", "size": "212.56", "side": "BUY", "hash": "aae4f26ce51f41e62a352c59ab87c9d85f5fdeeb", "best_bid": "0.34", "best_ask": "0.4"}, {"asset_id": "92818068545414333729417941054615491650742925428104282357485931479679785757287", "price": "0.94", "size": "212.56", "side": "SELL", "hash": "418325ddc3bc01ff353a570e7648974d3c82c10a", "best_bid": "0.6", "best_ask": "0.66"}], "timestamp": "1769384628902", "event_type": "price_change"}}
{"_local_timestamp": "2026-01-25T23:44:26.743193+00:00", "data": {"market": "0x0f97134941bd80679fdee6892db8aa43456430756876c21e28814ab6ea82d7b1", "price_changes": [{"asset_id": "104235310571533635551220454953382422248214642032501217365985130073703667808957", "price": "0.33", "size": "55", "side": "BUY", "hash": "d36b18c0bfa4b007ca2c021e085dde3796fcf9ab", "best_bid": "0.34", "best_ask": "0.4"}, {"asset_id": "92818068545414333729417941054615491650742925428104282357485931479679785757287", "price": "0.67", "size": "55", "side": "SELL", "hash": "f6452846eeec074809ae986a871e1a369dda3fb3", "best_bid": "0.6", "best_ask": "0.66"}], "timestamp": "1769384666673", "event_type": "price_change"}}
