{"_local_timestamp": "2026-01-25T23:33:44.647944+00:00", "data": [{"market": "0x11128a5f30b7b884aa4c5c4082d1e5f03a185806d3bbb5a73715bfe0598dfc44", "asset_id": "60988675328494000470713588443398355077336002345389821702397317360668188440539", "timestamp": "1769383628297", "hash": "1a7dc35a019c5660c154cafd96f61799848a68e6", "bids": [{"price": "0.01", "size": "20.52"}, {"price": "0.02", "size": "5"}], "asks": [{"price": "0.99", "size": "45.39"}], "event_type": "book", "last_trade_price": ""}, {"market": "0x11128a5f30b7b884aa4c5c4082d1e5f03a185806d3bbb5a73715bfe0598dfc44", "asset_id": "64523186822959790500601042082487016086925583684302688311647052674759778040468", "timestamp": "1769383628297", "hash": "fb5748922f8e75802a9b3fb5057c2cf00131f7fd", "bids": [{"price": "0.01", "size": "45.39"}], "asks": [{"price": "0.99", "size": "20.52"}, {"price": "0.98", "size": "5"}], "event_type": "book", "last_trade_price": ""}]}
{"_local_timestamp": "2026-01-25T23:34:20.650078+00:00", "data": {"market": "0x11128a5f30b7b884aa4c5c4082d1e5f03a185806d3bbb5a73715bfe0598dfc44", "price_changes": [{"asset_id": "64523186822959790500601042082487016086925583684302688311647052674759778040468", "price": "0.01", "size": "8", "side": "BUY", "hash": "46bdd5156b8ec400bb853d6b650a3c846d0d798f", "best_bid": "0.01", "best_ask": "0.98"}, {"asset_id": "60988675328494000470713588443398355077336002345389821702397317360668188440539", "price": "0.99", "size": "8", "side": "SELL", "hash": "bdf4458950498f4734fcde3b565e40b03c965646", "best_bid": "0.02", "best_ask": "0.99"}], "timestamp": "1769384060582", "event_type": "price_change"}}
{"_local_timestamp": "2026-01-25T23:34:21.796016+00:00", "data": {"market": "0x11128a5f30b7b884aa4c5c4082d1e5f03a185806d3bbb5a73715bfe0598dfc44", "price_changes": [{"asset_id": "64523186822959790500601042082487016086925583684302688311647052674759778040468", "price": "0.01", "size": "45.39", "side": "BUY", "hash": "708b2e8222ab339be0a2ec90a4fcfedd928dafb2", "best_bid": "0.01", "best_ask": "0.98"}, {"asset_id": "60988675328494000470713588443398355077336002345389821702397317360668188440539", "price": "0.99", "size": "45.39", "side": "SELL", "hash": "3c7253ce6adcee068e6799433966edd5f2c6c281", "best_bid": "0.02", "best_ask": "0.99"}], "timestamp": "1769384061731", "event_type": "price_change"}}
{"_local_timestamp": "2026-01-25T23:34:53.745800+00:00", "data": {"market": "0x11128a5f30b7b884aa4c5c4082d1e5f03a185806d3bbb5a73715bfe0598dfc44", "price_changes": [{"asset_id": "60988675328494000470713588443398355077336002345389821702397317360668188440539", "price": "0.02", "size": "0", "side": "BUY", "hash": "34114221081610ca7aa7cb12f71760f87afdf0a0", "best_bid": "0.01", "best_ask": "0.99"}, {"asset_id": "64523186822959790500601042082487016086925583684302688311647052674759778040468", "price": "0.98", "size": "0", "side": "SELL", "hash": "a97795921cf2a5ec27e624ee49714c5e3b60c2f2", "best_bid": "0.01", "best_ask": "0.99"}], "timestamp": "1769384093679", "event_type": "price_change"}}
{"_local_timestamp": "2026-01-25T23:34:55.947720+00:00", "data": {"market": "0x11128a5f30b7b884aa4c5c4082d1e5f03a185806d3bbb5a73715bfe0598dfc44", "price_changes": [{"asset_id": "60988675328494000470713588443398355077336002345389821702397317360668188440539", "price": "0.01", "size": "65.9", "side": "BUY", "hash": "2db686f807c26256ff1005198e9c988be94eeba8", "best_bid": "0.01", "best_ask": "0.99"}, {"asset_id": "64523186822959790500601042082487016086925583684302688311647052674759778040468", "price": "0.99", "size": "65.9", "side": "SELL", "hash": "0db30e90c7551e1c5b85b4eaa5e9c08ac75175ac", "best_bid": "0.01", "best_ask": "0.99"}], "timestamp": "1769384095881", "event_type": "price_change"}}
{"_local_timestamp": "2026-01-25T23:34:55.954258+00:00", "data": {"market": "0x11128a5f30b7b884aa4c5c4082d1e5f03a185806d3bbb5a73715bfe0598dfc44", "price_changes": [{"asset_id": "60988675328494000470713588443398355077336002345389821702397317360668188440539", "price": "0.02", "size": "5", "side": "BUY", "hash": "86840a7bcb833158cbc0857c04b2d9ffdd147ead", "best_bid": "0.02", "best_ask": "0.99"}, {"asset_id": "64523186822959790500601042082487016086925583684302688311647052674759778040468", "price": "0.98", "size": "5", "side": "SELL", "hash": "7f3527feff4e7a802c3694368264f711abc5f6eb", "best_bid": "0.01", "best_ask": "0.98"}], "timestamp": "1769384095886", "event_type": "price_change"}}
