{"_local_timestamp": "2026-01-25T23:41:09.284419+00:00", "data": [{"market": "0x16a67626ffd7a22cd5a3a0c378cea79fd94cd66d79db4877a6492c9db8a069eb", "asset_id": "89425585128814090174487403320335053482292664960203686888109194568852453675157", "timestamp": "1769384410261", "hash": "abea400443a328e659fc08a296b4d29ff1bf84b0", "bids": [{"price": "0.01", "size": "13981.6"}, {"price": "0.02", "size": "4854.21"}, {"price": "0.03", "size": "1999.11"}, {"price": "0.04", "size": "7.16"}, {"price": "0.05", "size": "600"}, {"price": "0.08", "size": "200"}, {"price": "0.1", "size": "600"}, {"price": "0.11", "size": "5.09"}, {"price": "0.17", "size": "300"}, {"price": "0.19", "size": "200"}, {"price": "0.2", "size": "725"}, {"price": "0.22", "size": "75"}, {"price": "0.24", "size": "54.16"}, {"price": "0.25", "size": "44"}, {"price": "0.3", "size": "600"}, {"price": "0.31", "size": "27.03"}, {"price": "0.32", "size": "363"}, {"price": "0.45", "size": "50"}], "asks": [{"price": "0.99", "size": "794.79"}, {"price": "0.98", "size": "863.72"}, {"price": "0.97", "size": "200"}, {"price": "0.96", "size": "14.44"}, {"price": "0.94", "size": "35.73"}, {"price": "0.93", "size": "194.29"}, {"price": "0.92", "size": "50"}], "event_type": "book", "last_trade_price": ""}, {"market": "0x16a67626ffd7a22cd5a3a0c378cea79fd94cd66d79db4877a6492c9db8a069eb", "asset_id": "44960051374137791601268833492432817662579923132049628047412915553047448680444", "timestamp": "1769384410261", "hash": "b596c6fe520eed282497bb63ed85a0c2c8a5071f", "bids": [{"price": "0.01", "size": "794.79"}, {"price": "0.02", "size": "863.72"}, {"price": "0.03", "size": "200"}, {"price": "0.04", "size": "14.44"}, {"price": "0.06", "size": "35.73"}, {"price": "0.07", "size": "194.29"}, {"price": "0.08", "size": "50"}], "asks": [{"price": "0.99", "size": "13981.6"}, {"price": "0.98", "size": "4854.21"}, {"price": "0.97", "size": "1999.11"}, {"price": "0.96", "size": "7.16"}, {"price": "0.95", "size": "600"}, {"price": "0.92", "size": "200"}, {"price": "0.9", "size": "600"}, {"price": "0.89", "size": "5.09"}, {"price": "0.83", "size": "300"}, {"price": "0.81", "size": "200"}, {"price": "0.8", "size": "725"}, {"price": "0.78", "size": "75"}, {"price": "0.76", "size": "54.16"}, {"price": "0.75", "size": "44"}, {"price": "0.7", "size": "600"}, {"price": "0.69", "size": "27.03"}, {"price": "0.68", "size": "363"}, {"price": "0.55", "size": "50"}], "event_type": "book", "last_trade_price": ""}]}
{"_local_timestamp": "2026-01-25T23:41:43.120826+00:00", "data": {"market": "0x16a67626ffd7a22cd5a3a0c378cea79fd94cd66d79db4877a6492c9db8a069eb", "price_changes": [{"asset_id": "89425585128814090174487403320335053482292664960203686888109194568852453675157", "price": "0.45", "size": "0", "side": "BUY", "hash": "2d8f5d5fd560777c267ca6213b5173b83e252287", "best_bid": "0.32", "best_ask": "0.92"}, {"asset_id": "44960051374137791601268833492432817662579923132049628047412915553047448680444", "price": "0.55", "size": "0", "side": "SELL", "hash": "b8059feffa28c4d64cc19c2a02e49a1ace73715d", "best_bid": "0.08", "best_ask": "0.68"}], "timestamp": "1769384503038", "event_type": "price_change"}}
{"_local_timestamp": "2026-01-25T23:43:18.466862+00:00", "data": {"market": "0x16a67626ffd7a22cd5a3a0c378cea79fd94cd66d79db4877a6492c9db8a069eb", "price_changes": [{"asset_id": "89425585128814090174487403320335053482292664960203686888109194568852453675157", "price": "0.11", "size": "0", "side": "BUY", "hash": "afd839bb47f4a11cdc5ffb62d3e7d66079331a2d", "best_bid": "0.32", "best_ask": "0.92"}, {"asset_id": "44960051374137791601268833492432817662579923132049628047412915553047448680444", "price": "0.89", "size": "0", "side": "SELL", "hash": "badc5fe887af22cd1ff554a7e1f9d809c1d34d4f", "best_bid": "0.08", "best_ask": "0.68"}], "timestamp": "1769384598391", "event_type": "price_change"}}
{"_local_timestamp": "2026-01-25T23:43:18.752284+00:00", "data": {"market": "0x16a67626ffd7a22cd5a3a0c378cea79fd94cd66d79db4877a6492c9db8a069eb", "price_changes": [{"asset_id": "89425585128814090174487403320335053482292664960203686888109194568852453675157", "price": "0.09", "size": "6.22", "side": "BUY", "hash": "e3efda9e3a4a6430802d7b41a9de5ef3780a0860", "best_bid": "0.32", "best_ask": "0.92"}, {"asset_id": "44960051374137791601268833492432817662579923132049628047412915553047448680444", "price": "0.91", "size": "6.22", "side": "SELL", "hash": "27102b8ecd4c1a51fa6019e4059513dc6e787b95", "best_bid": "0.08", "best_ask": "0.68"}], "timestamp": "1769384598675", "event_type": "price_change"}}
{"_local_timestamp": "2026-01-25T23:43:21.065158+00:00", "data": {"market": "0x16a67626ffd7a22cd5a3a0c378cea79fd94cd66d79db4877a6492c9db8a069eb", "price_changes": [{"asset_id": "89425585128814090174487403320335053482292664960203686888109194568852453675157", "price": "0.45", "size": "50", "side": "BUY", "hash": "966c5ebd8bda79426ff6d8a6ae17b5f92d3f044b", "best_bid": "0.45", "best_ask": "0.92"}, {"asset_id": "44960051374137791601268833492432817662579923132049628047412915553047448680444", "price": "0.55", "size": "50", "side": "SELL", "hash": "f2cf60efe5f75d573fb2bee1747796ccad53f4f7", "best_bid": "0.08", "best_ask": "0.55"}], "timestamp": "1769384600998", "event_type": "price_change"}}
{"_local_timestamp": "2026-01-25T23:43:54.110838+00:00", "data": {"market": "0x16a67626ffd7a22cd5a3a0c378cea79fd94cd66d79db4877a6492c9db8a069eb", "price_changes": [{"asset_id": "44960051374137791601268833492432817662579923132049628047412915553047448680444", "price": "0.08", "size": "0", "side": "BUY", "hash": "16a8cbc0381cbfd7e8527b4f6d55e4699e3d2bfd", "best_bid": "0.07", "best_ask": "0.55"}, {"asset_id": "89425585128814090174487403320335053482292664960203686888109194568852453675157", "price": "0.92", "size": "0", "side": "SELL", "hash": "d727c7c12eadbe4f7314f9b161d3058421a5cc5e", "best_bid": "0.45", "best_ask": "0.93"}], "timestamp": "1769384634003", "event_type": "price_change"}}
{"_local_timestamp": "2026-01-25T23:45:23.637806+00:00", "data": {"market": "0x16a67626ffd7a22cd5a3a0c378cea79fd94cd66d79db4877a6492c9db8a069eb", "price_changes": [{"asset_id": "44960051374137791601268833492432817662579923132049628047412915553047448680444", "price": "0.08", "size": "50", "side": "BUY", "hash": "1beed0b201624844343d4b1a47dcec99f8997a72", "best_bid": "0.08", "best_ask": "0.55"}, {"asset_id": "89425585128814090174487403320335053482292664960203686888109194568852453675157", "price": "0.92", "size": "50", "side": "SELL", "hash": "893e79d03b91932886eccfd27645e38c15e0b00e", "best_bid": "0.45", "best_ask": "0.92"}], "timestamp": "1769384723566", "event_type": "price_change"}}
{"_local_timestamp": "2026-01-25T23:45:46.217598+00:00", "data": {"market": "0x16a67626ffd7a22cd5a3a0c378cea79fd94cd66d79db4877a6492c9db8a069eb", "price_changes": [{"asset_id": "89425585128814090174487403320335053482292664960203686888109194568852453675157", "price": "0.46", "size": "10.86", "side": "BUY", "hash": "0d68a266149a960010e15fff0ad2b28869ed284d", "best_bid": "0.46", "best_ask": "0.92"}, {"asset_id": "44960051374137791601268833492432817662579923132049628047412915553047448680444", "price": "0.54", "size": "10.86", "side": "SELL", "hash": "ad6f32991b9465b6b0c26838b54cd45a93535df4", "best_bid": "0.08", "best_ask": "0.54"}], "timestamp": "1769384746148", "event_type": "price_change"}}
{"_local_timestamp": "2026-01-25T23:45:56.482101+00:00", "data": {"market": "0x16a67626ffd7a22cd5a3a0c378cea79fd94cd66d79db4877a6492c9db8a069eb", "price_changes": [{"asset_id": "44960051374137791601268833492432817662579923132049628047412915553047448680444", "price": "0.07", "size": "52.29", "side": "BUY", "hash": "c55465a674f940ce009ad56f766262989d8b843a", "best_bid": "0.08", "best_ask": "0.54"}, {"asset_id": "89425585128814090174487403320335053482292664960203686888109194568852453675157", "price": "0.93", "size": "52.29", "side": "SELL", "hash": "197f13dc9bea59e65671d80f50afe41e67bb790f", "best_bid": "0.46", "best_ask": "0.92"}], "timestamp": "1769384756083", "event_type": "price_change"}}
{"_local_timestamp": "2026-01-25T23:46:48.819720+00:00", "data": {"market": "0x16a67626ffd7a22cd5a3a0c378cea79fd94cd66d79db4877a6492c9db8a069eb", "price_changes": [{"asset_id": "44960051374137791601268833492432817662579923132049628047412915553047448680444", "price": "0.05", "size": "7", "side": "BUY", "hash": "c361113b9dda84053c91c8ae31d6226425d3f4c8", "best_bid": "0.08", "best_ask": "0.54"}, {"asset_id": "89425585128814090174487403320335053482292664960203686888109194568852453675157", "price": "0.95", "size": "7", "side": "SELL", "hash": "4db0cc048a65b37f81df06a3d824b0ab0d438801", "best_bid": "0.46", "best_ask": "0.92"}], "timestamp": "1769384808584", "event_type": "price_change"}}
{"_local_timestamp": "2026-01-25T23:47:13.127200+00:00", "data": {"market": "0x16a67626ffd7a22cd5a3a0c378cea79fd94cd66d79db4877a6492c9db8a069eb", "price_changes": [{"asset_id": "89425585128814090174487403320335053482292664960203686888109194568852453675157", "price": "0.45", "size": "0", "side": "BUY", "hash": "41b9ce9e639a1dd171e5b5b19d948aa7db095b03", "best_bid": "0.46", "best_ask": "0.92"}, {"asset_id": "44960051374137791601268833492432817662579923132049628047412915553047448680444", "price": "0.55", "size": "0", "side": "SELL", "hash": "1e8286e02de71eb2d87c014218799f00958617b9", "best_bid": "0.08", "best_ask": "0.54"}], "timestamp": "1769384833000", "event_type": "price_change"}}
{"_local_timestamp": "2026-01-25T23:47:36.813028+00:00", "data": {"market": "0x16a67626ffd7a22cd5a3a0c378cea79fd94cd66d79db4877a6492c9db8a069eb", "price_changes": [{"asset_id": "89425585128814090174487403320335053482292664960203686888109194568852453675157", "price": "0.46", "size": "0", "side": "BUY", "hash": "4eff5bc015b973163bf0078b942c45c35a685930", "best_bid": "0.32", "best_ask": "0.92"}, {"asset_id": "44960051374137791601268833492432817662579923132049628047412915553047448680444", "price": "0.54", "size": "0", "side": "SELL", "hash": "31a93ac2a9d0df760ea659fe007551caa791b690", "best_bid": "0.08", "best_ask": "0.68"}], "timestamp": "1769384856553", "event_type": "price_change"}}
{"_local_timestamp": "2026-01-25T23:47:36.865511+00:00", "data": {"market": "0x16a67626ffd7a22cd5a3a0c378cea79fd94cd66d79db4877a6492c9db8a069eb", "price_changes": [{"asset_id": "89425585128814090174487403320335053482292664960203686888109194568852453675157", "price": "0.33", "size": "15.15", "side": "BUY", "hash": "aee9537e600c858532bf7cb6907957b1ee47a4a3", "best_bid": "0.33", "best_ask": "0.92"}, {"asset_id": "44960051374137791601268833492432817662579923132049628047412915553047448680444", "price": "0.67", "size": "15.15", "side": "SELL", "hash": "42652b624659ae24560f880939fc375bb1eb478a", "best_bid": "0.08", "best_ask": "0.67"}], "timestamp": "1769384856610", "event_type": "price_change"}}
{"_local_timestamp": "2026-01-25T23:48:05.345389+00:00", "data": {"market": "0x16a67626ffd7a22cd5a3a0c378cea79fd94cd66d79db4877a6492c9db8a069eb", "price_changes": [{"asset_id": "89425585128814090174487403320335053482292664960203686888109194568852453675157", "price": "0.33", "size": "0", "side": "BUY", "hash": "929a7ed3532bc4b2f361f013e9b9471a45743972", "best_bid": "0.32", "best_ask": "0.92"}, {"asset_id": "44960051374137791601268833492432817662579923132049628047412915553047448680444", "price": "0.67", "size": "0", "side": "SELL", "hash": "bae834382e45ee9126d6520d7c4242f72c3b2f23", "best_bid": "0.08", "best_ask": "0.68"}], "timestamp": "1769384885276", "event_type": "price_change"}}
{"_local_timestamp": "2026-01-25T23:48:46.161604+00:00", "data": {"market": "0x16a67626ffd7a22cd5a3a0c378cea79fd94cd66d79db4877a6492c9db8a069eb", "price_changes": [{"asset_id": "89425585128814090174487403320335053482292664960203686888109194568852453675157", "price": "0.45", "size": "50", "side": "BUY", "hash": "1f74b034a66a0f8d78abaded2b0593818f4de676", "best_bid": "0.45", "best_ask": "0.92"}, {"asset_id": "44960051374137791601268833492432817662579923132049628047412915553047448680444", "price": "0.55", "size": "50", "side": "SELL", "hash": "d9eefe5a900998f71a3855210854dea386887e50", "best_bid": "0.08", "best_ask": "0.55"}], "timestamp": "1769384926058", "event_type": "price_change"}}
{"_local_timestamp": "2026-01-25T23:48:49.508239+00:00", "data": {"market": "0x16a67626ffd7a22cd5a3a0c378cea79fd94cd66d79db4877a6492c9db8a069eb", "price_changes": [{"asset_id": "89425585128814090174487403320335053482292664960203686888109194568852453675157", "price": "0.01", "size": "4984.27", "side": "BUY", "hash": "b044757fe2e0f76bdbcbbb23f32f95e985f9f453", "best_bid": "0.45", "best_ask": "0.92"}, {"asset_id": "44960051374137791601268833492432817662579923132049628047412915553047448680444", "price": "0.99", "size": "4984.27", "side": "SELL", "hash": "01865473d6ca5fdad91b69a161f17f896a4eed1c", "best_bid": "0.08", "best_ask": "0.55"}], "timestamp": "1769384929433", "event_type": "price_change"}}
{"_local_timestamp": "2026-01-25T23:48:55.187500+00:00", "data": {"market": "0x16a67626ffd7a22cd5a3a0c378cea79fd94cd66d79db4877a6492c9db8a069eb", "price_changes": [{"asset_id": "89425585128814090174487403320335053482292664960203686888109194568852453675157", "price": "0.01", "size": "7983.38", "side": "BUY", "hash": "225065ad27003282fed629d57dfeb343ace8837a", "best_bid": "0.45", "best_ask": "0.92"}, {"asset_id": "44960051374137791601268833492432817662579923132049628047412915553047448680444", "price": "0.99", "size": "7983.38", "side": "SELL", "hash": "d25e8ed96f50646f1da9e9a4fb15f16cce7089cc", "best_bid": "0.08", "best_ask": "0.55"}], "timestamp": "1769384935114", "event_type": "price_change"}}
{"_local_timestamp": "2026-01-25T23:48:55.187964+00:00", "data": {"market": "0x16a67626ffd7a22cd5a3a0c378cea79fd94cd66d79db4877a6492c9db8a069eb", "price_changes": [{"asset_id": "89425585128814090174487403320335053482292664960203686888109194568852453675157", "price": "0.01", "size": "10982.49", "side": "BUY", "hash": "12e07f3dcdcdfcf592057581ffbf80f16c9c15a3", "best_bid": "0.45", "best_ask": "0.92"}, {"asset_id": "44960051374137791601268833492432817662579923132049628047412915553047448680444", "price": "0.99", "size": "10982.49", "side": "SELL", "hash": "ac0f1d219050d7f7e75cb0a8f1879a02790cfec3", "best_bid": "0.08", "best_ask": "0.55"}], "timestamp": "1769384935114", "event_type": "price_change"}}
{"_local_timestamp": "2026-01-25T23:48:55.188348+00:00", "data": {"market": "0x16a67626ffd7a22cd5a3a0c378cea79fd94cd66d79db4877a6492c9db8a069eb", "price_changes": [{"asset_id": "89425585128814090174487403320335053482292664960203686888109194568852453675157", "price": "0.01", "size": "13981.6", "side": "BUY", "hash": "b8e5cf83f4c75bcaba9411eb7a1a6c41194cf0d1", "best_bid": "0.45", "best_ask": "0.92"}, {"asset_id": "44960051374137791601268833492432817662579923132049628047412915553047448680444", "price": "0.99", "size": "13981.6", "side": "SELL", "hash": "2219b42045ed6b58ab6b4dfc0b7a0425b5658117", "best_bid": "0.08", "best_ask": "0.55"}], "timestamp": "1769384935115", "event_type": "price_change"}}
{"_local_timestamp": "2026-01-25T23:48:55.408096+00:00", "data": {"market": "0x16a67626ffd7a22cd5a3a0c378cea79fd94cd66d79db4877a6492c9db8a069eb", "price_changes": [{"asset_id": "89425585128814090174487403320335053482292664960203686888109194568852453675157", "price": "0.02", "size": "6853.32", "side": "BUY", "hash": "046aabe5434f28c95720b03f5390c76ff49d54a4", "best_bid": "0.45", "best_ask": "0.92"}, {"asset_id": "44960051374137791601268833492432817662579923132049628047412915553047448680444", "price": "0.98", "size": "6853.32", "side": "SELL", "hash": "8317218839b174c934045e5351f8999fb2036981", "best_bid": "0.08", "best_ask": "0.55"}], "timestamp": "1769384935340", "event_type": "price_change"}}
{"_local_timestamp": "2026-01-25T23:49:00.489226+00:00", "data": {"market": "0x16a67626ffd7a22cd5a3a0c378cea79fd94cd66d79db4877a6492c9db8a069eb", "price_changes": [{"asset_id": "89425585128814090174487403320335053482292664960203686888109194568852453675157", "price": "0.46", "size": "10.86", "side": "BUY", "hash": "4ca2a56f884717f82b8223b49c6beebf2fa70935", "best_bid": "0.46", "best_ask": "0.92"}, {"asset_id": "44960051374137791601268833492432817662579923132049628047412915553047448680444", "price": "0.54", "size": "10.86", "side": "SELL", "hash": "68f2db4490b6096a1b9839e25152c60c1c873fd3", "best_bid": "0.08", "best_ask": "0.54"}], "timestamp": "1769384940418", "event_type": "price_change"}}
{"_local_timestamp": "2026-01-25T23:49:00.533571+00:00", "data": {"market": "0x16a67626ffd7a22cd5a3a0c378cea79fd94cd66d79db4877a6492c9db8a069eb", "price_changes": [{"asset_id": "89425585128814090174487403320335053482292664960203686888109194568852453675157", "price": "0.02", "size": "4854.21", "side": "BUY", "hash": "7f8ddc3b8c9196758797f4a0d14dfff4b9365943", "best_bid": "0.46", "best_ask": "0.92"}, {"asset_id": "44960051374137791601268833492432817662579923132049628047412915553047448680444", "price": "0.98", "size": "4854.21", "side": "SELL", "hash": "97caea55a2677cf114da5708216bc78380ef2aae", "best_bid": "0.08", "best_ask": "0.54"}], "timestamp": "1769384940465", "event_type": "price_change"}}
{"_local_timestamp": "2026-01-25T23:49:05.213666+00:00", "data": {"market": "0x16a67626ffd7a22cd5a3a0c378cea79fd94cd66d79db4877a6492c9db8a069eb", "price_changes": [{"asset_id": "89425585128814090174487403320335053482292664960203686888109194568852453675157", "price": "0.45", "size": "0", "side": "BUY", "hash": "53de9d18483827c55f496ab6e0e358b110fe98b0", "best_bid": "0.46", "best_ask": "0.92"}, {"asset_id": "44960051374137791601268833492432817662579923132049628047412915553047448680444", "price": "0.55", "size": "0", "side": "SELL", "hash": "761b13e5666458641816aacd7b5faa2f97441b70", "best_bid": "0.08", "best_ask": "0.54"}], "timestamp": "1769384945137", "event_type": "price_change"}}
{"_local_timestamp": "2026-01-25T23:49:12.940070+00:00", "data": {"market": "0x16a67626ffd7a22cd5a3a0c378cea79fd94cd66d79db4877a6492c9db8a069eb", "price_changes": [{"asset_id": "89425585128814090174487403320335053482292664960203686888109194568852453675157", "price": "0.44", "size": "50", "side": "BUY", "hash": "e9e95918df31dc72b4dd1ceb22b90b0daf2d453b", "best_bid": "0.46", "best_ask": "0.92"}, {"asset_id": "44960051374137791601268833492432817662579923132049628047412915553047448680444", "price": "0.56", "size": "50", "side": "SELL", "hash": "3e1c45f4fbebb00e1bca49a913df2820752b2e01", "best_bid": "0.08", "best_ask": "0.54"}], "timestamp": "1769384952858", "event_type": "price_change"}}
{"_local_timestamp": "2026-01-25T23:49:23.078416+00:00", "data": {"market": "0x16a67626ffd7a22cd5a3a0c378cea79fd94cd66d79db4877a6492c9db8a069eb", "price_changes": [{"asset_id": "44960051374137791601268833492432817662579923132049628047412915553047448680444", "price": "0.08", "size": "0", "side": "BUY", "hash": "b8d488c943611d45a9f4daadfadaea1bf86ba35d", "best_bid": "0.07", "best_ask": "0.54"}, {"asset_id": "89425585128814090174487403320335053482292664960203686888109194568852453675157", "price": "0.92", "size": "0", "side": "SELL", "hash": "f94ed6c39e8875566266a770ce1edc47870de5e9", "best_bid": "0.46", "best_ask": "0.93"}], "timestamp": "1769384963000", "event_type": "price_change"}}
{"_local_timestamp": "2026-01-25T23:49:43.110644+00:00", "data": {"market": "0x16a67626ffd7a22cd5a3a0c378cea79fd94cd66d79db4877a6492c9db8a069eb", "price_changes": [{"asset_id": "89425585128814090174487403320335053482292664960203686888109194568852453675157", "price": "0.02", "size": "4704.21", "side": "BUY", "hash": "96286d6bf03e6f7fd39ecab575c442d95b6cfe2b", "best_bid": "0.46", "best_ask": "0.93"}, {"asset_id": "44960051374137791601268833492432817662579923132049628047412915553047448680444", "price": "0.98", "size": "4704.21", "side": "SELL", "hash": "fa8906da9000adeac7d290d286b72885b18c25f0", "best_bid": "0.07", "best_ask": "0.54"}], "timestamp": "1769384983001", "event_type": "price_change"}}
{"_local_timestamp": "2026-01-25T23:49:43.141790+00:00", "data": {"market": "0x16a67626ffd7a22cd5a3a0c378cea79fd94cd66d79db4877a6492c9db8a069eb", "price_changes": [{"asset_id": "44960051374137791601268833492432817662579923132049628047412915553047448680444", "price": "0.02", "size": "713.72", "side": "BUY", "hash": "8d27593d7e39e73a3bcd65b35b4cc27fb3103fae", "best_bid": "0.07", "best_ask": "0.54"}, {"asset_id": "89425585128814090174487403320335053482292664960203686888109194568852453675157", "price": "0.98", "size": "713.72", "side": "SELL", "hash": "473e95bb9a4d057dbf30d33433c823f9c5fb85f6", "best_bid": "0.46", "best_ask": "0.93"}], "timestamp": "1769384983004", "event_type": "price_change"}}
{"_local_timestamp": "2026-01-25T23:49:46.875507+00:00", "data": {"market": "0x16a67626ffd7a22cd5a3a0c378cea79fd94cd66d79db4877a6492c9db8a069eb", "price_changes": [{"asset_id": "89425585128814090174487403320335053482292664960203686888109194568852453675157", "price": "0.02", "size": "4854.21", "side": "BUY", "hash": "9e67a5f7ef5a34f248176894cb452e418405e11d", "best_bid": "0.46", "best_ask": "0.93"}, {"asset_id": "44960051374137791601268833492432817662579923132049628047412915553047448680444", "price": "0.98", "size": "4854.21", "side": "SELL", "hash": "31a04228a03ad035923eb7bc65691750800d47d9", "best_bid": "0.07", "best_ask": "0.54"}], "timestamp": "1769384986797", "event_type": "price_change"}}
{"_local_timestamp": "2026-01-25T23:49:46.875980+00:00", "data": {"market": "0x16a67626ffd7a22cd5a3a0c378cea79fd94cd66d79db4877a6492c9db8a069eb", "price_changes": [{"asset_id": "44960051374137791601268833492432817662579923132049628047412915553047448680444", "price": "0.02", "size": "863.72", "side": "BUY", "hash": "62f64240c50f17d9546f6cf3282c9da56a8f12c1", "best_bid": "0.07", "best_ask": "0.54"}, {"asset_id": "89425585128814090174487403320335053482292664960203686888109194568852453675157", "price": "0.98", "size": "863.72", "side": "SELL", "hash": "26bb97cadd1fb1f4c52d62945f4b939d1faa80a2", "best_bid": "0.46", "best_ask": "0.93"}], "timestamp": "1769384986798", "event_type": "price_change"}}
{"_local_timestamp": "2026-01-25T23:49:56.357617+00:00", "data": {"market": "0x16a67626ffd7a22cd5a3a0c378cea79fd94cd66d79db4877a6492c9db8a069eb", "price_changes": [{"asset_id": "89425585128814090174487403320335053482292664960203686888109194568852453675157", "price": "0.44", "size": "0", "side": "BUY", "hash": "d5a27e796b71967611076eb1a78d0d2b07927a86", "best_bid": "0.46", "best_ask": "0.93"}, {"asset_id": "44960051374137791601268833492432817662579923132049628047412915553047448680444", "price": "0.56", "size": "0", "side": "SELL", "hash": "aac12b3df3138e1b7e04d244f7097eed2cf27575", "best_bid": "0.07", "best_ask": "0.54"}], "timestamp": "1769384996282", "event_type": "price_change"}}
{"_local_timestamp": "2026-01-25T23:50:02.014849+00:00", "data": {"market": "0x16a67626ffd7a22cd5a3a0c378cea79fd94cd66d79db4877a6492c9db8a069eb", "price_changes": [{"asset_id": "89425585128814090174487403320335053482292664960203686888109194568852453675157", "price": "0.45", "size": "50", "side": "BUY", "hash": "b8ad2f04a95d9a2fc93b7df0615b93608476818e", "best_bid": "0.46", "best_ask": "0.93"}, {"asset_id": "44960051374137791601268833492432817662579923132049628047412915553047448680444", "price": "0.55", "size": "50", "side": "SELL", "hash": "a98dfc29749e4d9996f05df88ce54395e0a9f924", "best_bid": "0.07", "best_ask": "0.54"}], "timestamp": "1769385001939", "event_type": "price_change"}}
