{"_local_timestamp": "2026-01-25T23:33:35.657087+00:00", "data": [{"market": "0xca76faf001d267c0fc809c1f39b801f95e2bcb45ebc6f5ba489630c0acd05059", "asset_id": "22883281051100193685236025657268856534873448228400701464864171575150378577088", "timestamp": "1769384012751", "hash": "97eb06e0ebac9caf1484f6b94123f31cc367402e", "bids": [{"price": "0.001", "size": "100049"}, {"price": "0.002", "size": "55000"}, {"price": "0.008", "size": "155"}, {"price": "0.01", "size": "27048"}, {"price": "0.011", "size": "55710"}, {"price": "0.08", "size": "155"}, {"price": "0.097", "size": "100"}, {"price": "0.099", "size": "100"}, {"price": "0.1", "size": "3500"}, {"price": "0.101", "size": "10000"}, {"price": "0.47", "size": "100"}, {"price": "0.49", "size": "100"}, {"price": "0.497", "size": "200"}, {"price": "0.499", "size": "100"}, {"price": "0.5", "size": "176"}, {"price": "0.75", "size": "60"}, {"price": "0.767", "size": "60"}, {"price": "0.768", "size": "777"}, {"price": "0.769", "size": "60"}, {"price": "0.77", "size": "60"}, {"price": "0.771", "size": "53"}, {"price": "0.772", "size": "19.68"}, {"price": "0.773", "size": "5.32"}, {"price": "0.991", "size": "500"}, {"price": "0.999", "size": "113303"}], "asks": [], "event_type": "book", "last_trade_price": ""}, {"market": "0xca76faf001d267c0fc809c1f39b801f95e2bcb45ebc6f5ba489630c0acd05059", "asset_id": "18066679137160239835833186135441870746243656504791377368093305126991522725800", "timestamp": "1769384012751", "hash": "61e4ab0d71855ab8210f37b1e88700a702f32d98", "bids": [], "asks": [{"price": "0.999", "size": "100049"}, {"price": "0.998", "size": "55000"}, {"price": "0.992", "size": "155"}, {"price": "0.99", "size": "27048"}, {"price": "0.989", "size": "55710"}, {"price": "0.92", "size": "155"}, {"price": "0.903", "size": "100"}, {"price": "0.901", "size": "100"}, {"price": "0.9", "size": "3500"}, {"price": "0.899", "size": "10000"}, {"price": "0.53", "size": "100"}, {"price": "0.51", "size": "100"}, {"price": "0.503", "size": "200"}, {"price": "0.501", "size": "100"}, {"price": "0.5", "size": "176"}, {"price": "0.25", "size": "60"}, {"price": "0.233", "size": "60"}, {"price": "0.232", "size": "777"}, {"price": "0.231", "size": "60"}, {"price": "0.23", "size": "60"}, {"price": "0.229", "size": "53"}, {"price": "0.228", "size": "19.68"}, {"price": "0.227", "size": "5.32"}, {"price": "0.009", "size": "500"}, {"price": "0.001", "size": "113303"}], "event_type": "book", "last_trade_price": ""}]}
{"_local_timestamp": "2026-01-25T23:33:45.903816+00:00", "data": {"market": "0xca76faf001d267c0fc809c1f39b801f95e2bcb45ebc6f5ba489630c0acd05059", "price_changes": [{"asset_id": "22883281051100193685236025657268856534873448228400701464864171575150378577088", "price": "0.999", "size": "100005", "side": "BUY", "hash": "48f8ada0d1a61688d8f909b189e4ef10e66c0a26", "best_bid": "0.999", "best_ask": "1"}, {"asset_id": "18066679137160239835833186135441870746243656504791377368093305126991522725800", "price": "0.001", "size": "100005", "side": "SELL", "hash": "108080cbc7f1ef21cad8b28bf232d5d3ff0ffb71", "best_bid": "0", "best_ask": "0.001"}], "timestamp": "1769384025812", "event_type": "price_change"}}
{"_local_timestamp": "2026-01-25T23:33:47.575758+00:00", "data": {"market": "0xca76faf001d267c0fc809c1f39b801f95e2bcb45ebc6f5ba489630c0acd05059", "price_changes": [{"asset_id": "22883281051100193685236025657268856534873448228400701464864171575150378577088", "price": "0.999", "size": "102502", "side": "BUY", "hash": "e50a89b8b08329470d6071c953e42140fbd275fb", "best_bid": "0.999", "best_ask": "1"}, {"asset_id": "18066679137160239835833186135441870746243656504791377368093305126991522725800", "price": "0.001", "size": "102502", "side": "SELL", "hash": "a42756fbf896668e2fa59f93dd3ee6506e0a5951", "best_bid": "0", "best_ask": "0.001"}], "timestamp": "1769384027504", "event_type": "price_change"}}
{"_local_timestamp": "2026-01-25T23:33:47.995469+00:00", "data": {"market": "0xca76faf001d267c0fc809c1f39b801f95e2bcb45ebc6f5ba489630c0acd05059", "price_changes": [{"asset_id": "22883281051100193685236025657268856534873448228400701464864171575150378577088", "price": "0.999", "size": "104998", "side": "BUY", "hash": "bdece70e969e744e00c30416fed6ba0ccc028661", "best_bid": "0.999", "best_ask": "1"}, {"asset_id": "18066679137160239835833186135441870746243656504791377368093305126991522725800", "price": "0.001", "size": "104998", "side": "SELL", "hash": "714bf2821963e5bc79983b2a85039d46e6d0efde", "best_bid": "0", "best_ask": "0.001"}], "timestamp": "1769384027913", "event_type": "price_change"}}
{"_local_timestamp": "2026-01-25T23:33:48.510945+00:00", "data": {"market": "0xca76faf001d267c0fc809c1f39b801f95e2bcb45ebc6f5ba489630c0acd05059", "price_changes": [{"asset_id": "22883281051100193685236025657268856534873448228400701464864171575150378577088", "price": "0.999", "size": "107493", "side": "BUY", "hash": "7eadf94d5b1e3c62b9b843cb093447437eccd56e", "best_bid": "0.999", "best_ask": "1"}, {"asset_id": "18066679137160239835833186135441870746243656504791377368093305126991522725800", "price": "0.001", "size": "107493", "side": "SELL", "hash": "c2340dd7ab7c28d206332491dad9b2142a91add0", "best_bid": "0", "best_ask": "0.001"}], "timestamp": "1769384028430", "event_type": "price_change"}}
{"_local_timestamp": "2026-01-25T23:33:49.327967+00:00", "data": {"market": "0xca76faf001d267c0fc809c1f39b801f95e2bcb45ebc6f5ba489630c0acd05059", "price_changes": [{"asset_id": "22883281051100193685236025657268856534873448228400701464864171575150378577088", "price": "0.999", "size": "108116", "side": "BUY", "hash": "f0bd74fd0ddcfed77b963825f6f34dc98ef9ea6a", "best_bid": "0.999", "best_ask": "1"}, {"asset_id": "18066679137160239835833186135441870746243656504791377368093305126991522725800", "price": "0.001", "size": "108116", "side": "SELL", "hash": "e8d345c509aa8ff5abc127d509f2c96b84601dda", "best_bid": "0", "best_ask": "0.001"}], "timestamp": "1769384029237", "event_type": "price_change"}}
{"_local_timestamp": "2026-01-25T23:33:49.807640+00:00", "data": {"market": "0xca76faf001d267c0fc809c1f39b801f95e2bcb45ebc6f5ba489630c0acd05059", "price_changes": [{"asset_id": "22883281051100193685236025657268856534873448228400701464864171575150378577088", "price": "0.999", "size": "108738", "side": "BUY", "hash": "c19ee710731c108adaf6d5636f02805b2e3c0fde", "best_bid": "0.999", "best_ask": "1"}, {"asset_id": "18066679137160239835833186135441870746243656504791377368093305126991522725800", "price": "0.001", "size": "108738", "side": "SELL", "hash": "dc433eaadd2a9b4609993935fd3df4012ca7b1d0", "best_bid": "0", "best_ask": "0.001"}], "timestamp": "1769384029724", "event_type": "price_change"}}
{"_local_timestamp": "2026-01-25T23:33:51.637083+00:00", "data": {"market": "0xca76faf001d267c0fc809c1f39b801f95e2bcb45ebc6f5ba489630c0acd05059", "price_changes": [{"asset_id": "22883281051100193685236025657268856534873448228400701464864171575150378577088", "price": "0.999", "size": "108893", "side": "BUY", "hash": "39021632033662b66062300be86c3f7f6c797af1", "best_bid": "0.999", "best_ask": "1"}, {"asset_id": "18066679137160239835833186135441870746243656504791377368093305126991522725800", "price": "0.001", "size": "108893", "side": "SELL", "hash": "84a1483f9d06f2693cbd9a30e0a5e2e5a6bd37f6", "best_bid": "0", "best_ask": "0.001"}], "timestamp": "1769384031552", "event_type": "price_change"}}
{"_local_timestamp": "2026-01-25T23:33:52.610695+00:00", "data": {"market": "0xca76faf001d267c0fc809c1f39b801f95e2bcb45ebc6f5ba489630c0acd05059", "price_changes": [{"asset_id": "22883281051100193685236025657268856534873448228400701464864171575150378577088", "price": "0.999", "size": "109047", "side": "BUY", "hash": "f1c3f6318874f0dc3a28b261f1ea4c235d416b55", "best_bid": "0.999", "best_ask": "1"}, {"asset_id": "18066679137160239835833186135441870746243656504791377368093305126991522725800", "price": "0.001", "size": "109047", "side": "SELL", "hash": "7d3995c1335c064c4cb0d5a8dcda4704559bbcb0", "best_bid": "0", "best_ask": "0.001"}], "timestamp": "1769384032533", "event_type": "price_change"}}
{"_local_timestamp": "2026-01-25T23:33:52.992087+00:00", "data": {"market": "0xca76faf001d267c0fc809c1f39b801f95e2bcb45ebc6f5ba489630c0acd05059", "price_changes": [{"asset_id": "22883281051100193685236025657268856534873448228400701464864171575150378577088", "price": "0.999", "size": "109200", "side": "BUY", "hash": "92e27d1eabe608ab1b7750c90cd30f39d8d57b34", "best_bid": "0.999", "best_ask": "1"}, {"asset_id": "18066679137160239835833186135441870746243656504791377368093305126991522725800", "price": "0.001", "size": "109200", "side": "SELL", "hash": "dab256e7e955122b475c0c578779e917cd8b18a5", "best_bid": "0", "best_ask": "0.001"}], "timestamp": "1769384032904", "event_type": "price_change"}}
{"_local_timestamp": "2026-01-25T23:33:54.556479+00:00", "data": {"market": "0xca76faf001d267c0fc809c1f39b801f95e2bcb45ebc6f5ba489630c0acd05059", "price_changes": [{"asset_id": "22883281051100193685236025657268856534873448228400701464864171575150378577088", "price": "0.999", "size": "109237", "side": "BUY", "hash": "8fa0ea894661c2749943b78fcaf18c702e51945b", "best_bid": "0.999", "best_ask": "1"}, {"asset_id": "18066679137160239835833186135441870746243656504791377368093305126991522725800", "price": "0.001", "size": "109237", "side": "SELL", "hash": "2484e316ed2e52bab866698368da7aa01ec82f06", "best_bid": "0", "best_ask": "0.001"}], "timestamp": "1769384034484", "event_type": "price_change"}}
{"_local_timestamp": "2026-01-25T23:33:55.236238+00:00", "data": {"market": "0xca76faf001d267c0fc809c1f39b801f95e2bcb45ebc6f5ba489630c0acd05059", "price_changes": [{"asset_id": "22883281051100193685236025657268856534873448228400701464864171575150378577088", "price": "0.999", "size": "109273", "side": "BUY", "hash": "3c881f3457972f27af1efb1a326c0e38c559d8f6", "best_bid": "0.999", "best_ask": "1"}, {"asset_id": "18066679137160239835833186135441870746243656504791377368093305126991522725800", "price": "0.001", "size": "109273", "side": "SELL", "hash": "e458d66201ec469690c0cb1062dda352f4765e08", "best_bid": "0", "best_ask": "0.001"}], "timestamp": "1769384035140", "event_type": "price_change"}}
{"_local_timestamp": "2026-01-25T23:33:55.631560+00:00", "data": {"market": "0xca76faf001d267c0fc809c1f39b801f95e2bcb45ebc6f5ba489630c0acd05059", "price_changes": [{"asset_id": "22883281051100193685236025657268856534873448228400701464864171575150378577088", "price": "0.999", "size": "109308", "side": "BUY", "hash": "4b89369245b9c323a4a3046b221022f43d7d03b7", "best_bid": "0.999", "best_ask": "1"}, {"asset_id": "18066679137160239835833186135441870746243656504791377368093305126991522725800", "price": "0.001", "size": "109308", "side": "SELL", "hash": "bcc105743dd38dfcf000ef8b0495fda06d78fb37", "best_bid": "0", "best_ask": "0.001"}], "timestamp": "1769384035536", "event_type": "price_change"}}
