{"_local_timestamp": "2026-01-25T23:33:35.638706+00:00", "data": [{"market": "0x379fcf80b366d153a2f8713d866e2143b8863e4def5588f17438789f8a18dcb0", "asset_id": "99979521694478037738736461364917213190752373074064736375722225786848406846523", "timestamp": "1769384012751", "hash": "1f24695cc1c2e04e4f89e4e6b53c18e2354c1081", "bids": [{"price": "0.001", "size": "100049"}, {"price": "0.002", "size": "55000"}, {"price": "0.008", "size": "155"}, {"price": "0.01", "size": "27048"}, {"price": "0.011", "size": "55710"}, {"price": "0.08", "size": "155"}, {"price": "0.097", "size": "100"}, {"price": "0.099", "size": "100"}, {"price": "0.1", "size": "3500"}, {"price": "0.101", "size": "10000"}, {"price": "0.47", "size": "100"}, {"price": "0.49", "size": "100"}, {"price": "0.497", "size": "200"}, {"price": "0.499", "size": "100"}, {"price": "0.5", "size": "176"}, {"price": "0.75", "size": "60"}, {"price": "0.767", "size": "60"}, {"price": "0.768", "size": "88"}, {"price": "0.769", "size": "60"}, {"price": "0.77", "size": "60"}, {"price": "0.771", "size": "53"}, {"price": "0.991", "size": "500"}, {"price": "0.992", "size": "92.5"}, {"price": "0.999", "size": "113395.6"}], "asks": [], "event_type": "book", "last_trade_price": ""}, {"market": "0x379fcf80b366d153a2f8713d866e2143b8863e4def5588f17438789f8a18dcb0", "asset_id": "115601138248658286639524300994319821533206375006233800422201577666903731357871", "timestamp": "1769384012751", "hash": "6af251ee9962d03ae3a69c4fb291901b91a0c9fb", "bids": [], "asks": [{"price": "0.999", "size": "100049"}, {"price": "0.998", "size": "55000"}, {"price": "0.992", "size": "155"}, {"price": "0.99", "size": "27048"}, {"price": "0.989", "size": "55710"}, {"price": "0.92", "size": "155"}, {"price": "0.903", "size": "100"}, {"price": "0.901", "size": "100"}, {"price": "0.9", "size": "3500"}, {"price": "0.899", "size": "10000"}, {"price": "0.53", "size": "100"}, {"price": "0.51", "size": "100"}, {"price": "0.503", "size": "200"}, {"price": "0.501", "size": "100"}, {"price": "0.5", "size": "176"}, {"price": "0.25", "size": "60"}, {"price": "0.233", "size": "60"}, {"price": "0.232", "size": "88"}, {"price": "0.231", "size": "60"}, {"price": "0.23", "size": "60"}, {"price": "0.229", "size": "53"}, {"price": "0.009", "size": "500"}, {"price": "0.008", "size": "92.5"}, {"price": "0.001", "size": "113395.6"}], "event_type": "book", "last_trade_price": ""}]}
{"_local_timestamp": "2026-01-25T23:33:45.910233+00:00", "data": {"market": "0x379fcf80b366d153a2f8713d866e2143b8863e4def5588f17438789f8a18dcb0", "price_changes": [{"asset_id": "99979521694478037738736461364917213190752373074064736375722225786848406846523", "price": "0.999", "size": "100097.6", "side": "BUY", "hash": "f0f4ccfa2be30436d0ddaaef0b0a666023169874", "best_bid": "0.999", "best_ask": "1"}, {"asset_id": "115601138248658286639524300994319821533206375006233800422201577666903731357871", "price": "0.001", "size": "100097.6", "side": "SELL", "hash": "36fc1dd2bda47d49c24aab769d90dfda603d9fbf", "best_bid": "0", "best_ask": "0.001"}], "timestamp": "1769384025807", "event_type": "price_change"}}
{"_local_timestamp": "2026-01-25T23:33:47.575787+00:00", "data": {"market": "0x379fcf80b366d153a2f8713d866e2143b8863e4def5588f17438789f8a18dcb0", "price_changes": [{"asset_id": "99979521694478037738736461364917213190752373074064736375722225786848406846523", "price": "0.999", "size": "102594.6", "side": "BUY", "hash": "2196fab71e7eeb39f0e9c3bd572dc9f84e3c9513", "best_bid": "0.999", "best_ask": "1"}, {"asset_id": "115601138248658286639524300994319821533206375006233800422201577666903731357871", "price": "0.001", "size": "102594.6", "side": "SELL", "hash": "0b589f47dbe70cc8c7153456a8725f1fae5d2f27", "best_bid": "0", "best_ask": "0.001"}], "timestamp": "1769384027504", "event_type": "price_change"}}
{"_local_timestamp": "2026-01-25T23:33:47.992459+00:00", "data": {"market": "0x379fcf80b366d153a2f8713d866e2143b8863e4def5588f17438789f8a18dcb0", "price_changes": [{"asset_id": "99979521694478037738736461364917213190752373074064736375722225786848406846523", "price": "0.999", "size": "105090.6", "side": "BUY", "hash": "dc1121cf176aceaeb2dc8c493c52a8cb499891e0", "best_bid": "0.999", "best_ask": "1"}, {"asset_id": "115601138248658286639524300994319821533206375006233800422201577666903731357871", "price": "0.001", "size": "105090.6", "side": "SELL", "hash": "fd103b9670dc5d2936e9b3d90f697348bab8b7f1", "best_bid": "0", "best_ask": "0.001"}], "timestamp": "1769384027913", "event_type": "price_change"}}
{"_local_timestamp": "2026-01-25T23:33:48.504124+00:00", "data": {"market": "0x379fcf80b366d153a2f8713d866e2143b8863e4def5588f17438789f8a18dcb0", "price_changes": [{"asset_id": "99979521694478037738736461364917213190752373074064736375722225786848406846523", "price": "0.999", "size": "107585.6", "side": "BUY", "hash": "f889272109c0af2a39934423fdd1a626ad900ee1", "best_bid": "0.999", "best_ask": "1"}, {"asset_id": "115601138248658286639524300994319821533206375006233800422201577666903731357871", "price": "0.001", "size": "107585.6", "side": "SELL", "hash": "d0285e02405fbdaa31be4f603050c74a80d1ed62", "best_bid": "0", "best_ask": "0.001"}], "timestamp": "1769384028430", "event_type": "price_change"}}
{"_local_timestamp": "2026-01-25T23:33:49.319905+00:00", "data": {"market": "0x379fcf80b366d153a2f8713d866e2143b8863e4def5588f17438789f8a18dcb0", "price_changes": [{"asset_id": "99979521694478037738736461364917213190752373074064736375722225786848406846523", "price": "0.999", "size": "108208.6", "side": "BUY", "hash": "51db92bc8369d7f26bfb105caa1ce33a365898a1", "best_bid": "0.999", "best_ask": "1"}, {"asset_id": "115601138248658286639524300994319821533206375006233800422201577666903731357871", "price": "0.001", "size": "108208.6", "side": "SELL", "hash": "de45ecaa4858de5accd65704647447ffc7850070", "best_bid": "0", "best_ask": "0.001"}], "timestamp": "1769384029236", "event_type": "price_change"}}
{"_local_timestamp": "2026-01-25T23:33:49.805548+00:00", "data": {"market": "0x379fcf80b366d153a2f8713d866e2143b8863e4def5588f17438789f8a18dcb0", "price_changes": [{"asset_id": "99979521694478037738736461364917213190752373074064736375722225786848406846523", "price": "0.999", "size": "108830.6", "side": "BUY", "hash": "eaad410e371bc88c3fe684956621dbdf054daaad", "best_bid": "0.999", "best_ask": "1"}, {"asset_id": "115601138248658286639524300994319821533206375006233800422201577666903731357871", "price": "0.001", "size": "108830.6", "side": "SELL", "hash": "00787e179770a5e2702f5596745924b469aa43eb", "best_bid": "0", "best_ask": "0.001"}], "timestamp": "1769384029724", "event_type": "price_change"}}
{"_local_timestamp": "2026-01-25T23:33:51.634258+00:00", "data": {"market": "0x379fcf80b366d153a2f8713d866e2143b8863e4def5588f17438789f8a18dcb0", "price_changes": [{"asset_id": "99979521694478037738736461364917213190752373074064736375722225786848406846523", "price": "0.999", "size": "108985.6", "side": "BUY", "hash": "b3b212f7ddf06c946c08e619a1ac97f81c8c4426", "best_bid": "0.999", "best_ask": "1"}, {"asset_id": "115601138248658286639524300994319821533206375006233800422201577666903731357871", "price": "0.001", "size": "108985.6", "side": "SELL", "hash": "15ff3fa4fb7672fbb13c533e27958645c97bbd06", "best_bid": "0", "best_ask": "0.001"}], "timestamp": "1769384031551", "event_type": "price_change"}}
{"_local_timestamp": "2026-01-25T23:33:52.611398+00:00", "data": {"market": "0x379fcf80b366d153a2f8713d866e2143b8863e4def5588f17438789f8a18dcb0", "price_changes": [{"asset_id": "99979521694478037738736461364917213190752373074064736375722225786848406846523", "price": "0.999", "size": "109139.6", "side": "BUY", "hash": "3575faf3b4df7b60636789a7414f034ccf06db56", "best_bid": "0.999", "best_ask": "1"}, {"asset_id": "115601138248658286639524300994319821533206375006233800422201577666903731357871", "price": "0.001", "size": "109139.6", "side": "SELL", "hash": "0775eaf1afd87167a99672c7d3db5ad583794767", "best_bid": "0", "best_ask": "0.001"}], "timestamp": "1769384032534", "event_type": "price_change"}}
{"_local_timestamp": "2026-01-25T23:33:52.987422+00:00", "data": {"market": "0x379fcf80b366d153a2f8713d866e2143b8863e4def5588f17438789f8a18dcb0", "price_changes": [{"asset_id": "99979521694478037738736461364917213190752373074064736375722225786848406846523", "price": "0.999", "size": "109292.6", "side": "BUY", "hash": "a2a8dadec5cd4f3e3ffe47fb41ba70616c25134a", "best_bid": "0.999", "best_ask": "1"}, {"asset_id": "115601138248658286639524300994319821533206375006233800422201577666903731357871", "price": "0.001", "size": "109292.6", "side": "SELL", "hash": "e59ba4616bdfe52234e67d3fe0a3f770c6c7316b", "best_bid": "0", "best_ask": "0.001"}], "timestamp": "1769384032903", "event_type": "price_change"}}
{"_local_timestamp": "2026-01-25T23:33:54.562826+00:00", "data": {"market": "0x379fcf80b366d153a2f8713d866e2143b8863e4def5588f17438789f8a18dcb0", "price_changes": [{"asset_id": "99979521694478037738736461364917213190752373074064736375722225786848406846523", "price": "0.999", "size": "109329.6", "side": "BUY", "hash": "053725790efb08e9cece945d55ff8f0ca77eb6dc", "best_bid": "0.999", "best_ask": "1"}, {"asset_id": "115601138248658286639524300994319821533206375006233800422201577666903731357871", "price": "0.001", "size": "109329.6", "side": "SELL", "hash": "68fcd9dc211156dcb3c232a9202a998707d96ba5", "best_bid": "0", "best_ask": "0.001"}], "timestamp": "1769384034483", "event_type": "price_change"}}
{"_local_timestamp": "2026-01-25T23:33:55.244057+00:00", "data": {"market": "0x379fcf80b366d153a2f8713d866e2143b8863e4def5588f17438789f8a18dcb0", "price_changes": [{"asset_id": "99979521694478037738736461364917213190752373074064736375722225786848406846523", "price": "0.999", "size": "109365.6", "side": "BUY", "hash": "0afef0215c24ec7c723347af962e3a6abd37e691", "best_bid": "0.999", "best_ask": "1"}, {"asset_id": "115601138248658286639524300994319821533206375006233800422201577666903731357871", "price": "0.001", "size": "109365.6", "side": "SELL", "hash": "15137cd9d9b9d2d1df66b93cd64838f466c6c447", "best_bid": "0", "best_ask": "0.001"}], "timestamp": "1769384035140", "event_type": "price_change"}}
{"_local_timestamp": "2026-01-25T23:33:55.618396+00:00", "data": {"market": "0x379fcf80b366d153a2f8713d866e2143b8863e4def5588f17438789f8a18dcb0", "price_changes": [{"asset_id": "99979521694478037738736461364917213190752373074064736375722225786848406846523", "price": "0.999", "size": "109400.6", "side": "BUY", "hash": "c5db6e0b1a278e9bccecc7f8a7eacbb9ece00ce1", "best_bid": "0.999", "best_ask": "1"}, {"asset_id": "115601138248658286639524300994319821533206375006233800422201577666903731357871", "price": "0.001", "size": "109400.6", "side": "SELL", "hash": "17af8426a29db8b4b555a72b8f33be28bca9dc77", "best_bid": "0", "best_ask": "0.001"}], "timestamp": "1769384035536", "event_type": "price_change"}}
