{"_local_timestamp": "2026-01-25T23:33:55.053959+00:00", "data": [{"market": "0x09a666b396fe2d109eb5d7f2ceb2503e44af24533ad4a7ef032f32b7eda6dc62", "asset_id": "96159090155296538158413431087000397979926596731893161029991660218094383454255", "timestamp": "1769384016179", "hash": "1bdad02b6d7b9e063faeb2091047864f924e6aa9", "bids": [{"price": "0.001", "size": "1000"}, {"price": "0.54", "size": "6"}, {"price": "0.561", "size": "6"}, {"price": "0.575", "size": "6"}, {"price": "0.847", "size": "12.6"}, {"price": "0.848", "size": "9.41"}, {"price": "0.958", "size": "5.38"}, {"price": "0.973", "size": "7.21"}, {"price": "0.975", "size": "8.4"}], "asks": [], "event_type": "book", "last_trade_price": "0.003"}, {"market": "0x09a666b396fe2d109eb5d7f2ceb2503e44af24533ad4a7ef032f32b7eda6dc62", "asset_id": "98606197491205967200700640359464086313480576537360039938434591761091984923719", "timestamp": "1769384016179", "hash": "7572e050739c5c06667da4f82573bc3669c66efe", "bids": [], "asks": [{"price": "0.999", "size": "1000"}, {"price": "0.46", "size": "6"}, {"price": "0.439", "size": "6"}, {"price": "0.425", "size": "6"}, {"price": "0.153", "size": "12.6"}, {"price": "0.152", "size": "9.41"}, {"price": "0.042", "size": "5.38"}, {"price": "0.027", "size": "7.21"}, {"price": "0.025", "size": "8.4"}], "event_type": "book", "last_trade_price": "0.003"}]}
{"_local_timestamp": "2026-01-25T23:33:58.211099+00:00", "data": {"market": "0x09a666b396fe2d109eb5d7f2ceb2503e44af24533ad4a7ef032f32b7eda6dc62", "price_changes": [{"asset_id": "98606197491205967200700640359464086313480576537360039938434591761091984923719", "price": "0.025", "size": "0", "side": "SELL", "hash": "374852181db10a94595ac1699040e43942070a3a", "best_bid": "0", "best_ask": "0.027"}, {"asset_id": "96159090155296538158413431087000397979926596731893161029991660218094383454255", "price": "0.975", "size": "0", "side": "BUY", "hash": "5bab862a07e66b870ea649af38a9de4657a0a5da", "best_bid": "0.973", "best_ask": "1"}], "timestamp": "1769384038136", "event_type": "price_change"}}
{"_local_timestamp": "2026-01-25T23:33:58.651914+00:00", "data": {"market": "0x09a666b396fe2d109eb5d7f2ceb2503e44af24533ad4a7ef032f32b7eda6dc62", "price_changes": [{"asset_id": "98606197491205967200700640359464086313480576537360039938434591761091984923719", "price": "0.024", "size": "8.4", "side": "SELL", "hash": "b16d3c994a11f73cd6e89b4d9ab085da46d8396d", "best_bid": "0", "best_ask": "0.024"}, {"asset_id": "96159090155296538158413431087000397979926596731893161029991660218094383454255", "price": "0.976", "size": "8.4", "side": "BUY", "hash": "bb90d8a426cafb7488d2df9f3e2c3db1388b6b46", "best_bid": "0.976", "best_ask": "1"}], "timestamp": "1769384038584", "event_type": "price_change"}}
{"_local_timestamp": "2026-01-25T23:34:17.999029+00:00", "data": {"market": "0x09a666b396fe2d109eb5d7f2ceb2503e44af24533ad4a7ef032f32b7eda6dc62", "price_changes": [{"asset_id": "96159090155296538158413431087000397979926596731893161029991660218094383454255", "price": "0.001", "size": "0", "side": "BUY", "hash": "34bfc18df8d58178aa1be8e42c62a708304de5d7", "best_bid": "0.976", "best_ask": "1"}, {"asset_id": "98606197491205967200700640359464086313480576537360039938434591761091984923719", "price": "0.999", "size": "0", "side": "SELL", "hash": "b8c93b44842d4a675fdf0d1bc95359a523278fdb", "best_bid": "0", "best_ask": "0.024"}], "timestamp": "1769384057757", "event_type": "price_change"}}
{"_local_timestamp": "2026-01-25T23:34:19.281627+00:00", "data": {"market": "0x09a666b396fe2d109eb5d7f2ceb2503e44af24533ad4a7ef032f32b7eda6dc62", "price_changes": [{"asset_id": "98606197491205967200700640359464086313480576537360039938434591761091984923719", "price": "0.024", "size": "0", "side": "SELL", "hash": "4616feadbee4311dd003ee5fbadbc469af4bd8d6", "best_bid": "0", "best_ask": "0.027"}, {"asset_id": "96159090155296538158413431087000397979926596731893161029991660218094383454255", "price": "0.976", "size": "0", "side": "BUY", "hash": "71f0a135be4994c75363853f3eafaf39ffd6c840", "best_bid": "0.973", "best_ask": "1"}], "timestamp": "1769384059024", "event_type": "price_change"}}
{"_local_timestamp": "2026-01-25T23:34:19.682450+00:00", "data": {"market": "0x09a666b396fe2d109eb5d7f2ceb2503e44af24533ad4a7ef032f32b7eda6dc62", "price_changes": [{"asset_id": "98606197491205967200700640359464086313480576537360039938434591761091984923719", "price": "0.999", "size": "8.4", "side": "SELL", "hash": "1e9d942bac6e60c4990f33b75e5b57b17c8b443e", "best_bid": "0", "best_ask": "0.027"}, {"asset_id": "96159090155296538158413431087000397979926596731893161029991660218094383454255", "price": "0.001", "size": "8.4", "side": "BUY", "hash": "c75097fd1c20dbe0f821014685bcb8aa5848d66e", "best_bid": "0.973", "best_ask": "1"}], "timestamp": "1769384059470", "event_type": "price_change"}}
{"_local_timestamp": "2026-01-25T23:34:37.972611+00:00", "data": {"market": "0x09a666b396fe2d109eb5d7f2ceb2503e44af24533ad4a7ef032f32b7eda6dc62", "price_changes": [{"asset_id": "98606197491205967200700640359464086313480576537360039938434591761091984923719", "price": "0.027", "size": "0", "side": "SELL", "hash": "b8204c7daebf45b0e2048451f390cd235d726759", "best_bid": "0", "best_ask": "0.152"}, {"asset_id": "96159090155296538158413431087000397979926596731893161029991660218094383454255", "price": "0.973", "size": "0", "side": "BUY", "hash": "2e967258bcf2662bcb37d85a49aad3bdddec8a53", "best_bid": "0.848", "best_ask": "1"}], "timestamp": "1769384077900", "event_type": "price_change"}}
{"_local_timestamp": "2026-01-25T23:34:37.973396+00:00", "data": {"market": "0x09a666b396fe2d109eb5d7f2ceb2503e44af24533ad4a7ef032f32b7eda6dc62", "price_changes": [{"asset_id": "98606197491205967200700640359464086313480576537360039938434591761091984923719", "price": "0.042", "size": "0", "side": "SELL", "hash": "b8204c7daebf45b0e2048451f390cd235d726759", "best_bid": "0", "best_ask": "0.152"}, {"asset_id": "96159090155296538158413431087000397979926596731893161029991660218094383454255", "price": "0.958", "size": "0", "side": "BUY", "hash": "2e967258bcf2662bcb37d85a49aad3bdddec8a53", "best_bid": "0.848", "best_ask": "1"}], "timestamp": "1769384077900", "event_type": "price_change"}}
{"_local_timestamp": "2026-01-25T23:34:40.098627+00:00", "data": {"market": "0x09a666b396fe2d109eb5d7f2ceb2503e44af24533ad4a7ef032f32b7eda6dc62", "price_changes": [{"asset_id": "98606197491205967200700640359464086313480576537360039938434591761091984923719", "price": "0.999", "size": "0", "side": "SELL", "hash": "887101e0792cdb5f6dbfa90cbf20726bfde6ec12", "best_bid": "0", "best_ask": "0.152"}, {"asset_id": "96159090155296538158413431087000397979926596731893161029991660218094383454255", "price": "0.001", "size": "0", "side": "BUY", "hash": "32650c62f08d14910ed65c012c829e2b4a6d99e8", "best_bid": "0.848", "best_ask": "1"}], "timestamp": "1769384079961", "event_type": "price_change"}}
{"_local_timestamp": "2026-01-25T23:34:40.530889+00:00", "data": {"market": "0x09a666b396fe2d109eb5d7f2ceb2503e44af24533ad4a7ef032f32b7eda6dc62", "price_changes": [{"asset_id": "98606197491205967200700640359464086313480576537360039938434591761091984923719", "price": "0.041", "size": "6.4", "side": "SELL", "hash": "6f388314b7e7fe4f67ee976578829f499395f7b9", "best_bid": "0", "best_ask": "0.041"}, {"asset_id": "96159090155296538158413431087000397979926596731893161029991660218094383454255", "price": "0.959", "size": "6.4", "side": "BUY", "hash": "e813a4ca0a8f2f015c8a3896b52505417b80f6aa", "best_bid": "0.959", "best_ask": "1"}], "timestamp": "1769384080329", "event_type": "price_change"}}
{"_local_timestamp": "2026-01-25T23:34:40.537997+00:00", "data": {"market": "0x09a666b396fe2d109eb5d7f2ceb2503e44af24533ad4a7ef032f32b7eda6dc62", "price_changes": [{"asset_id": "98606197491205967200700640359464086313480576537360039938434591761091984923719", "price": "0.026", "size": "6.19", "side": "SELL", "hash": "c550277b063aa25f9260d35c27f16de61ca92088", "best_bid": "0", "best_ask": "0.026"}, {"asset_id": "96159090155296538158413431087000397979926596731893161029991660218094383454255", "price": "0.974", "size": "6.19", "side": "BUY", "hash": "edd16b49d7ce8b90f4e783f8be062e3557fae6ea", "best_bid": "0.974", "best_ask": "1"}], "timestamp": "1769384080333", "event_type": "price_change"}}
{"_local_timestamp": "2026-01-25T23:34:40.601346+00:00", "data": {"market": "0x09a666b396fe2d109eb5d7f2ceb2503e44af24533ad4a7ef032f32b7eda6dc62", "price_changes": [{"asset_id": "98606197491205967200700640359464086313480576537360039938434591761091984923719", "price": "0.026", "size": "14.59", "side": "SELL", "hash": "6a44bee8e157b764d8e7b93305bdb6a4c5799ff7", "best_bid": "0", "best_ask": "0.026"}, {"asset_id": "96159090155296538158413431087000397979926596731893161029991660218094383454255", "price": "0.974", "size": "14.59", "side": "BUY", "hash": "dfeb6e43a9b50f4bc3d55b035959c6a38caa10e7", "best_bid": "0.974", "best_ask": "1"}], "timestamp": "1769384080420", "event_type": "price_change"}}
{"_local_timestamp": "2026-01-25T23:34:48.936757+00:00", "data": {"market": "0x09a666b396fe2d109eb5d7f2ceb2503e44af24533ad4a7ef032f32b7eda6dc62", "price_changes": [{"asset_id": "96159090155296538158413431087000397979926596731893161029991660218094383454255", "price": "0.001", "size": "1000", "side": "BUY", "hash": "28b2dcf26b465b3fc79c7d4e72baa2526722ffb4", "best_bid": "0.974", "best_ask": "1"}, {"asset_id": "98606197491205967200700640359464086313480576537360039938434591761091984923719", "price": "0.999", "size": "1000", "side": "SELL", "hash": "7671ca8ddd7162859bbd4963920853bdb48ea01d", "best_bid": "0", "best_ask": "0.026"}], "timestamp": "1769384088865", "event_type": "price_change"}}
{"_local_timestamp": "2026-01-25T23:35:03.273818+00:00", "data": {"market": "0x09a666b396fe2d109eb5d7f2ceb2503e44af24533ad4a7ef032f32b7eda6dc62", "price_changes": [{"asset_id": "98606197491205967200700640359464086313480576537360039938434591761091984923719", "price": "0.026", "size": "6.19", "side": "SELL", "hash": "2126bdb9204b79ad062161d16581c1f301ddac54", "best_bid": "0", "best_ask": "0.026"}, {"asset_id": "96159090155296538158413431087000397979926596731893161029991660218094383454255", "price": "0.974", "size": "6.19", "side": "BUY", "hash": "a1bd9f4dfb14f7f75932e1b6f51e3615cec42a24", "best_bid": "0.974", "best_ask": "1"}], "timestamp": "1769384103195", "event_type": "price_change"}}
{"_local_timestamp": "2026-01-25T23:35:03.701779+00:00", "data": {"market": "0x09a666b396fe2d109eb5d7f2ceb2503e44af24533ad4a7ef032f32b7eda6dc62", "price_changes": [{"asset_id": "98606197491205967200700640359464086313480576537360039938434591761091984923719", "price": "0.025", "size": "8.4", "side": "SELL", "hash": "9b298e8ea99bc91adeba7de6bf04d254578ffce8", "best_bid": "0", "best_ask": "0.025"}, {"asset_id": "96159090155296538158413431087000397979926596731893161029991660218094383454255", "price": "0.975", "size": "8.4", "side": "BUY", "hash": "b0ca31328db924021eaaa06fa98aa4075326f8cf", "best_bid": "0.975", "best_ask": "1"}], "timestamp": "1769384103621", "event_type": "price_change"}}
{"_local_timestamp": "2026-01-25T23:35:25.399673+00:00", "data": {"market": "0x09a666b396fe2d109eb5d7f2ceb2503e44af24533ad4a7ef032f32b7eda6dc62", "price_changes": [{"asset_id": "98606197491205967200700640359464086313480576537360039938434591761091984923719", "price": "0.025", "size": "0", "side": "SELL", "hash": "ce03cbc03358c8b0cf4a0fccb6104f233fc41167", "best_bid": "0", "best_ask": "0.026"}, {"asset_id": "96159090155296538158413431087000397979926596731893161029991660218094383454255", "price": "0.975", "size": "0", "side": "BUY", "hash": "8c9be00cc63ffd9b241b5edfeab6b0bd71da9812", "best_bid": "0.974", "best_ask": "1"}], "timestamp": "1769384125334", "event_type": "price_change"}}
{"_local_timestamp": "2026-01-25T23:35:25.833844+00:00", "data": {"market": "0x09a666b396fe2d109eb5d7f2ceb2503e44af24533ad4a7ef032f32b7eda6dc62", "price_changes": [{"asset_id": "98606197491205967200700640359464086313480576537360039938434591761091984923719", "price": "0.024", "size": "8.4", "side": "SELL", "hash": "bc9f2f1cee5f226fd7a524973993c6d15e3b0741", "best_bid": "0", "best_ask": "0.024"}, {"asset_id": "96159090155296538158413431087000397979926596731893161029991660218094383454255", "price": "0.976", "size": "8.4", "side": "BUY", "hash": "00bac853c57df953528a53781486ec74f5c3be7d", "best_bid": "0.976", "best_ask": "1"}], "timestamp": "1769384125767", "event_type": "price_change"}}
{"_local_timestamp": "2026-01-25T23:35:48.463176+00:00", "data": {"market": "0x09a666b396fe2d109eb5d7f2ceb2503e44af24533ad4a7ef032f32b7eda6dc62", "price_changes": [{"asset_id": "98606197491205967200700640359464086313480576537360039938434591761091984923719", "price": "0.024", "size": "0", "side": "SELL", "hash": "283988228766265e2ce58a92f145608b918dfe80", "best_bid": "0", "best_ask": "0.026"}, {"asset_id": "96159090155296538158413431087000397979926596731893161029991660218094383454255", "price": "0.976", "size": "0", "side": "BUY", "hash": "2ee686988ac92db08dbf069f96692d12277074bc", "best_bid": "0.974", "best_ask": "1"}], "timestamp": "1769384148398", "event_type": "price_change"}}
{"_local_timestamp": "2026-01-25T23:35:48.928727+00:00", "data": {"market": "0x09a666b396fe2d109eb5d7f2ceb2503e44af24533ad4a7ef032f32b7eda6dc62", "price_changes": [{"asset_id": "98606197491205967200700640359464086313480576537360039938434591761091984923719", "price": "0.999", "size": "1008.4", "side": "SELL", "hash": "7cb034d924408b32665898ece5fba21c87422d1c", "best_bid": "0", "best_ask": "0.026"}, {"asset_id": "96159090155296538158413431087000397979926596731893161029991660218094383454255", "price": "0.001", "size": "1008.4", "side": "BUY", "hash": "1d880199ed024cc37641cd2b92ff697083abbf87", "best_bid": "0.974", "best_ask": "1"}], "timestamp": "1769384148865", "event_type": "price_change"}}
{"_local_timestamp": "2026-01-25T23:36:13.600649+00:00", "data": {"market": "0x09a666b396fe2d109eb5d7f2ceb2503e44af24533ad4a7ef032f32b7eda6dc62", "price_changes": [{"asset_id": "98606197491205967200700640359464086313480576537360039938434591761091984923719", "price": "0.999", "size": "1000", "side": "SELL", "hash": "ba7fa655c8e199a927b71254b3646d70ab87a847", "best_bid": "0", "best_ask": "0.026"}, {"asset_id": "96159090155296538158413431087000397979926596731893161029991660218094383454255", "price": "0.001", "size": "1000", "side": "BUY", "hash": "4237fd7ebc7ec1955cc125d94be9500db03699ef", "best_bid": "0.974", "best_ask": "1"}], "timestamp": "1769384173534", "event_type": "price_change"}}
{"_local_timestamp": "2026-01-25T23:36:14.044392+00:00", "data": {"market": "0x09a666b396fe2d109eb5d7f2ceb2503e44af24533ad4a7ef032f32b7eda6dc62", "price_changes": [{"asset_id": "98606197491205967200700640359464086313480576537360039938434591761091984923719", "price": "0.025", "size": "8.4", "side": "SELL", "hash": "c9203e381323ec3b6565e8a552539598f08b008a", "best_bid": "0", "best_ask": "0.025"}, {"asset_id": "96159090155296538158413431087000397979926596731893161029991660218094383454255", "price": "0.975", "size": "8.4", "side": "BUY", "hash": "88903c69b9d9e943fd82d2608ec4199fd1bf12dc", "best_bid": "0.975", "best_ask": "1"}], "timestamp": "1769384173966", "event_type": "price_change"}}
{"_local_timestamp": "2026-01-25T23:36:34.424467+00:00", "data": {"market": "0x09a666b396fe2d109eb5d7f2ceb2503e44af24533ad4a7ef032f32b7eda6dc62", "price_changes": [{"asset_id": "98606197491205967200700640359464086313480576537360039938434591761091984923719", "price": "0.025", "size": "0", "side": "SELL", "hash": "865dd6979d2a9e7e67a43466bf89fd1b02e6c6fa", "best_bid": "0", "best_ask": "0.026"}, {"asset_id": "96159090155296538158413431087000397979926596731893161029991660218094383454255", "price": "0.975", "size": "0", "side": "BUY", "hash": "03ed5343b4816d848832ba9306e33c0e8e57494f", "best_bid": "0.974", "best_ask": "1"}], "timestamp": "1769384194344", "event_type": "price_change"}}
{"_local_timestamp": "2026-01-25T23:36:34.886817+00:00", "data": {"market": "0x09a666b396fe2d109eb5d7f2ceb2503e44af24533ad4a7ef032f32b7eda6dc62", "price_changes": [{"asset_id": "98606197491205967200700640359464086313480576537360039938434591761091984923719", "price": "0.024", "size": "8.4", "side": "SELL", "hash": "f1420e5b758e6545c063a2132ba23b6bd82f23af", "best_bid": "0", "best_ask": "0.024"}, {"asset_id": "96159090155296538158413431087000397979926596731893161029991660218094383454255", "price": "0.976", "size": "8.4", "side": "BUY", "hash": "f938206e83adb0742c95a70ea156f1c47a453816", "best_bid": "0.976", "best_ask": "1"}], "timestamp": "1769384194806", "event_type": "price_change"}}
{"_local_timestamp": "2026-01-25T23:36:59.033910+00:00", "data": {"market": "0x09a666b396fe2d109eb5d7f2ceb2503e44af24533ad4a7ef032f32b7eda6dc62", "price_changes": [{"asset_id": "98606197491205967200700640359464086313480576537360039938434591761091984923719", "price": "0.024", "size": "0", "side": "SELL", "hash": "d19d5cf62b9e541b5760dcac68a204893e5df1e9", "best_bid": "0", "best_ask": "0.026"}, {"asset_id": "96159090155296538158413431087000397979926596731893161029991660218094383454255", "price": "0.976", "size": "0", "side": "BUY", "hash": "25606ba8b2bc37aa3ef22912d9534a5dc96835f6", "best_bid": "0.974", "best_ask": "1"}], "timestamp": "1769384218804", "event_type": "price_change"}}
{"_local_timestamp": "2026-01-25T23:36:59.285956+00:00", "data": {"market": "0x09a666b396fe2d109eb5d7f2ceb2503e44af24533ad4a7ef032f32b7eda6dc62", "price_changes": [{"asset_id": "98606197491205967200700640359464086313480576537360039938434591761091984923719", "price": "0.999", "size": "1008.4", "side": "SELL", "hash": "582a29fa3773a2fca815820b83fb27ff79a16f76", "best_bid": "0", "best_ask": "0.026"}, {"asset_id": "96159090155296538158413431087000397979926596731893161029991660218094383454255", "price": "0.001", "size": "1008.4", "side": "BUY", "hash": "446c02c59925bebbda142b6063074ffb0e41e1ff", "best_bid": "0.974", "best_ask": "1"}], "timestamp": "1769384219215", "event_type": "price_change"}}
{"_local_timestamp": "2026-01-25T23:37:22.993987+00:00", "data": {"market": "0x09a666b396fe2d109eb5d7f2ceb2503e44af24533ad4a7ef032f32b7eda6dc62", "price_changes": [{"asset_id": "98606197491205967200700640359464086313480576537360039938434591761091984923719", "price": "0.999", "size": "1000", "side": "SELL", "hash": "f9d9e2c4b4e419d5d749b4f6b459d84e304375db", "best_bid": "0", "best_ask": "0.026"}, {"asset_id": "96159090155296538158413431087000397979926596731893161029991660218094383454255", "price": "0.001", "size": "1000", "side": "BUY", "hash": "ede494173a31f5380882628162515196f7a255ad", "best_bid": "0.974", "best_ask": "1"}], "timestamp": "1769384242918", "event_type": "price_change"}}
{"_local_timestamp": "2026-01-25T23:37:23.475510+00:00", "data": {"market": "0x09a666b396fe2d109eb5d7f2ceb2503e44af24533ad4a7ef032f32b7eda6dc62", "price_changes": [{"asset_id": "98606197491205967200700640359464086313480576537360039938434591761091984923719", "price": "0.025", "size": "8.4", "side": "SELL", "hash": "ce6a1f853bd891f5682700973be2e8fd0d1de6e5", "best_bid": "0", "best_ask": "0.025"}, {"asset_id": "96159090155296538158413431087000397979926596731893161029991660218094383454255", "price": "0.975", "size": "8.4", "side": "BUY", "hash": "51546cca85d504ba7f4340521d5bfab23fecc8d1", "best_bid": "0.975", "best_ask": "1"}], "timestamp": "1769384243400", "event_type": "price_change"}}
{"_local_timestamp": "2026-01-25T23:37:45.135576+00:00", "data": {"market": "0x09a666b396fe2d109eb5d7f2ceb2503e44af24533ad4a7ef032f32b7eda6dc62", "price_changes": [{"asset_id": "98606197491205967200700640359464086313480576537360039938434591761091984923719", "price": "0.025", "size": "0", "side": "SELL", "hash": "5e9269d891a2fccecd4abc9d9db8a1d8a7040cd5", "best_bid": "0", "best_ask": "0.026"}, {"asset_id": "96159090155296538158413431087000397979926596731893161029991660218094383454255", "price": "0.975", "size": "0", "side": "BUY", "hash": "3344251c1ace5d697d52d2f8838d790a392ee937", "best_bid": "0.974", "best_ask": "1"}], "timestamp": "1769384265049", "event_type": "price_change"}}
{"_local_timestamp": "2026-01-25T23:37:45.540050+00:00", "data": {"market": "0x09a666b396fe2d109eb5d7f2ceb2503e44af24533ad4a7ef032f32b7eda6dc62", "price_changes": [{"asset_id": "98606197491205967200700640359464086313480576537360039938434591761091984923719", "price": "0.024", "size": "8.4", "side": "SELL", "hash": "149981cb0d3c5a7acca5919a66f9f66f18a33c2c", "best_bid": "0", "best_ask": "0.024"}, {"asset_id": "96159090155296538158413431087000397979926596731893161029991660218094383454255", "price": "0.976", "size": "8.4", "side": "BUY", "hash": "a801328b731d016ae856ae62c9d029c23a868680", "best_bid": "0.976", "best_ask": "1"}], "timestamp": "1769384265467", "event_type": "price_change"}}
{"_local_timestamp": "2026-01-25T23:38:06.898648+00:00", "data": {"market": "0x09a666b396fe2d109eb5d7f2ceb2503e44af24533ad4a7ef032f32b7eda6dc62", "price_changes": [{"asset_id": "98606197491205967200700640359464086313480576537360039938434591761091984923719", "price": "0.024", "size": "0", "side": "SELL", "hash": "1d9434f18e93a467f5c9ca23528a20ba44cbfbdf", "best_bid": "0", "best_ask": "0.026"}, {"asset_id": "96159090155296538158413431087000397979926596731893161029991660218094383454255", "price": "0.976", "size": "0", "side": "BUY", "hash": "08f3e4574a9cb0520cb419b9d708258fc1493ab4", "best_bid": "0.974", "best_ask": "1"}], "timestamp": "1769384286827", "event_type": "price_change"}}
{"_local_timestamp": "2026-01-25T23:38:07.306122+00:00", "data": {"market": "0x09a666b396fe2d109eb5d7f2ceb2503e44af24533ad4a7ef032f32b7eda6dc62", "price_changes": [{"asset_id": "98606197491205967200700640359464086313480576537360039938434591761091984923719", "price": "0.999", "size": "1008.4", "side": "SELL", "hash": "e955ea18b5d54336f9c75a71fd234f530604d995", "best_bid": "0", "best_ask": "0.026"}, {"asset_id": "96159090155296538158413431087000397979926596731893161029991660218094383454255", "price": "0.001", "size": "1008.4", "side": "BUY", "hash": "9e92c4b459b2e165f18d4037974fad514d8fda32", "best_bid": "0.974", "best_ask": "1"}], "timestamp": "1769384287237", "event_type": "price_change"}}
{"_local_timestamp": "2026-01-25T23:38:27.812731+00:00", "data": {"market": "0x09a666b396fe2d109eb5d7f2ceb2503e44af24533ad4a7ef032f32b7eda6dc62", "price_changes": [{"asset_id": "98606197491205967200700640359464086313480576537360039938434591761091984923719", "price": "0.026", "size": "0", "side": "SELL", "hash": "15cbe6c7098aaa8ab2d094c285d40dc9af37f2b6", "best_bid": "0", "best_ask": "0.152"}, {"asset_id": "96159090155296538158413431087000397979926596731893161029991660218094383454255", "price": "0.974", "size": "0", "side": "BUY", "hash": "17e6e7348ebc0dd4d27f2ff53d32cba4f60dd5c8", "best_bid": "0.848", "best_ask": "1"}], "timestamp": "1769384307740", "event_type": "price_change"}}
{"_local_timestamp": "2026-01-25T23:38:27.813111+00:00", "data": {"market": "0x09a666b396fe2d109eb5d7f2ceb2503e44af24533ad4a7ef032f32b7eda6dc62", "price_changes": [{"asset_id": "98606197491205967200700640359464086313480576537360039938434591761091984923719", "price": "0.041", "size": "0", "side": "SELL", "hash": "15cbe6c7098aaa8ab2d094c285d40dc9af37f2b6", "best_bid": "0", "best_ask": "0.152"}, {"asset_id": "96159090155296538158413431087000397979926596731893161029991660218094383454255", "price": "0.959", "size": "0", "side": "BUY", "hash": "17e6e7348ebc0dd4d27f2ff53d32cba4f60dd5c8", "best_bid": "0.848", "best_ask": "1"}], "timestamp": "1769384307740", "event_type": "price_change"}}
{"_local_timestamp": "2026-01-25T23:38:27.828785+00:00", "data": {"market": "0x09a666b396fe2d109eb5d7f2ceb2503e44af24533ad4a7ef032f32b7eda6dc62", "price_changes": [{"asset_id": "98606197491205967200700640359464086313480576537360039938434591761091984923719", "price": "0.999", "size": "1000", "side": "SELL", "hash": "5d29235eaef6c838f7949785f20d6b476b2c3b3f", "best_bid": "0", "best_ask": "0.152"}, {"asset_id": "96159090155296538158413431087000397979926596731893161029991660218094383454255", "price": "0.001", "size": "1000", "side": "BUY", "hash": "ddfac1ba2518aa8ca169d2af9bb8429bc87dc537", "best_bid": "0.848", "best_ask": "1"}], "timestamp": "1769384307762", "event_type": "price_change"}}
{"_local_timestamp": "2026-01-25T23:38:28.139222+00:00", "data": {"market": "0x09a666b396fe2d109eb5d7f2ceb2503e44af24533ad4a7ef032f32b7eda6dc62", "price_changes": [{"asset_id": "98606197491205967200700640359464086313480576537360039938434591761091984923719", "price": "0.152", "size": "22.01", "side": "SELL", "hash": "c7a2ce9351e03b1f776ac8a0c059cb6a178925a0", "best_bid": "0", "best_ask": "0.152"}, {"asset_id": "96159090155296538158413431087000397979926596731893161029991660218094383454255", "price": "0.848", "size": "22.01", "side": "BUY", "hash": "553b675fe15a9521020cab9df2787f66ba209ac7", "best_bid": "0.848", "best_ask": "1"}], "timestamp": "1769384308076", "event_type": "price_change"}}
{"_local_timestamp": "2026-01-25T23:38:28.231507+00:00", "data": {"market": "0x09a666b396fe2d109eb5d7f2ceb2503e44af24533ad4a7ef032f32b7eda6dc62", "price_changes": [{"asset_id": "98606197491205967200700640359464086313480576537360039938434591761091984923719", "price": "0.025", "size": "8.4", "side": "SELL", "hash": "0d650a8af9f0f503c6dbca1f1263fabe1f054ade", "best_bid": "0", "best_ask": "0.025"}, {"asset_id": "96159090155296538158413431087000397979926596731893161029991660218094383454255", "price": "0.975", "size": "8.4", "side": "BUY", "hash": "148f12544e43d60c26bd7858dddc37f023e4598a", "best_bid": "0.975", "best_ask": "1"}], "timestamp": "1769384308166", "event_type": "price_change"}}
{"_local_timestamp": "2026-01-25T23:38:28.456571+00:00", "data": {"market": "0x09a666b396fe2d109eb5d7f2ceb2503e44af24533ad4a7ef032f32b7eda6dc62", "price_changes": [{"asset_id": "98606197491205967200700640359464086313480576537360039938434591761091984923719", "price": "0.001", "size": "134", "side": "BUY", "hash": "d5860827b0576ee7467e3f588e8979ba34e93a30", "best_bid": "0.001", "best_ask": "0.025"}, {"asset_id": "96159090155296538158413431087000397979926596731893161029991660218094383454255", "price": "0.999", "size": "134", "side": "SELL", "hash": "bb26d86317133094a2cbecc2cf3df47ede043126", "best_bid": "0.975", "best_ask": "0.999"}], "timestamp": "1769384308392", "event_type": "price_change"}}
{"_local_timestamp": "2026-01-25T23:38:28.490521+00:00", "data": {"market": "0x09a666b396fe2d109eb5d7f2ceb2503e44af24533ad4a7ef032f32b7eda6dc62", "price_changes": [{"asset_id": "96159090155296538158413431087000397979926596731893161029991660218094383454255", "price": "0.576", "size": "52", "side": "BUY", "hash": "6af2c58c033e4e72747bac22ebe19f04cf95ee3f", "best_bid": "0.975", "best_ask": "0.999"}, {"asset_id": "98606197491205967200700640359464086313480576537360039938434591761091984923719", "price": "0.424", "size": "52", "side": "SELL", "hash": "619838d1b57542dcb8a5975e773267c7394b151a", "best_bid": "0.001", "best_ask": "0.025"}], "timestamp": "1769384308417", "event_type": "price_change"}}
{"_local_timestamp": "2026-01-25T23:38:51.306427+00:00", "data": {"market": "0x09a666b396fe2d109eb5d7f2ceb2503e44af24533ad4a7ef032f32b7eda6dc62", "price_changes": [{"asset_id": "98606197491205967200700640359464086313480576537360039938434591761091984923719", "price": "0.025", "size": "0", "side": "SELL", "hash": "52501f42f57b91c0ebd931d6664d7b8e27a79e6d", "best_bid": "0.001", "best_ask": "0.152"}, {"asset_id": "96159090155296538158413431087000397979926596731893161029991660218094383454255", "price": "0.975", "size": "0", "side": "BUY", "hash": "0473a371587e92766be824ac29503e82063e1829", "best_bid": "0.848", "best_ask": "0.999"}], "timestamp": "1769384331231", "event_type": "price_change"}}
{"_local_timestamp": "2026-01-25T23:38:51.337874+00:00", "data": {"market": "0x09a666b396fe2d109eb5d7f2ceb2503e44af24533ad4a7ef032f32b7eda6dc62", "price_changes": [{"asset_id": "96159090155296538158413431087000397979926596731893161029991660218094383454255", "price": "0.576", "size": "0", "side": "BUY", "hash": "c3d257892bbcb490cdbbfd5b3d8ca5a1d3221b33", "best_bid": "0.848", "best_ask": "0.999"}, {"asset_id": "98606197491205967200700640359464086313480576537360039938434591761091984923719", "price": "0.424", "size": "0", "side": "SELL", "hash": "f25a345e0b2feec9d8a2c3d8993c8e3842f9aa0c", "best_bid": "0.001", "best_ask": "0.152"}], "timestamp": "1769384331259", "event_type": "price_change"}}
{"_local_timestamp": "2026-01-25T23:38:51.364369+00:00", "data": {"market": "0x09a666b396fe2d109eb5d7f2ceb2503e44af24533ad4a7ef032f32b7eda6dc62", "price_changes": [{"asset_id": "96159090155296538158413431087000397979926596731893161029991660218094383454255", "price": "0.576", "size": "64", "side": "BUY", "hash": "61fb8fc5ae3b20cfc9cf3ff65bf82222e972a4b1", "best_bid": "0.848", "best_ask": "0.999"}, {"asset_id": "98606197491205967200700640359464086313480576537360039938434591761091984923719", "price": "0.424", "size": "64", "side": "SELL", "hash": "b3366a075429cd0cae206662806cfbcbb67d7c8f", "best_bid": "0.001", "best_ask": "0.152"}], "timestamp": "1769384331290", "event_type": "price_change"}}
{"_local_timestamp": "2026-01-25T23:38:51.784334+00:00", "data": {"market": "0x09a666b396fe2d109eb5d7f2ceb2503e44af24533ad4a7ef032f32b7eda6dc62", "price_changes": [{"asset_id": "98606197491205967200700640359464086313480576537360039938434591761091984923719", "price": "0.024", "size": "8.4", "side": "SELL", "hash": "0f9fb1c9297d416f7999af3c7a89f37fabe9b0d0", "best_bid": "0.001", "best_ask": "0.024"}, {"asset_id": "96159090155296538158413431087000397979926596731893161029991660218094383454255", "price": "0.976", "size": "8.4", "side": "BUY", "hash": "4cc31cfb596a21188f9afe87337cc9480b7052e7", "best_bid": "0.976", "best_ask": "0.999"}], "timestamp": "1769384331720", "event_type": "price_change"}}
{"_local_timestamp": "2026-01-25T23:39:12.849917+00:00", "data": {"market": "0x09a666b396fe2d109eb5d7f2ceb2503e44af24533ad4a7ef032f32b7eda6dc62", "price_changes": [{"asset_id": "98606197491205967200700640359464086313480576537360039938434591761091984923719", "price": "0.024", "size": "0", "side": "SELL", "hash": "bbcc61423462d7dd5aa4c934f942cee13a8565ac", "best_bid": "0.001", "best_ask": "0.152"}, {"asset_id": "96159090155296538158413431087000397979926596731893161029991660218094383454255", "price": "0.976", "size": "0", "side": "BUY", "hash": "cd79da9b764a9dc95bbca93f05ccf32f8328e584", "best_bid": "0.848", "best_ask": "0.999"}], "timestamp": "1769384352777", "event_type": "price_change"}}
{"_local_timestamp": "2026-01-25T23:39:13.284317+00:00", "data": {"market": "0x09a666b396fe2d109eb5d7f2ceb2503e44af24533ad4a7ef032f32b7eda6dc62", "price_changes": [{"asset_id": "98606197491205967200700640359464086313480576537360039938434591761091984923719", "price": "0.999", "size": "1008.4", "side": "SELL", "hash": "8f032cea8a9930487d2262273f583b2ac511dcfb", "best_bid": "0.001", "best_ask": "0.152"}, {"asset_id": "96159090155296538158413431087000397979926596731893161029991660218094383454255", "price": "0.001", "size": "1008.4", "side": "BUY", "hash": "8d69bd3705d1226f2f72c60476347b907e21df3a", "best_bid": "0.848", "best_ask": "0.999"}], "timestamp": "1769384353219", "event_type": "price_change"}}
{"_local_timestamp": "2026-01-25T23:39:31.988576+00:00", "data": {"market": "0x09a666b396fe2d109eb5d7f2ceb2503e44af24533ad4a7ef032f32b7eda6dc62", "price_changes": [{"asset_id": "98606197491205967200700640359464086313480576537360039938434591761091984923719", "price": "0.999", "size": "1000", "side": "SELL", "hash": "ba69d79bc28ff3aa8a1cd3633c85210a7d7fc0c3", "best_bid": "0.001", "best_ask": "0.152"}, {"asset_id": "96159090155296538158413431087000397979926596731893161029991660218094383454255", "price": "0.001", "size": "1000", "side": "BUY", "hash": "af3e54ff32df61a1856a142b849b325a11718ea4", "best_bid": "0.848", "best_ask": "0.999"}], "timestamp": "1769384371909", "event_type": "price_change"}}
{"_local_timestamp": "2026-01-25T23:39:32.410211+00:00", "data": {"market": "0x09a666b396fe2d109eb5d7f2ceb2503e44af24533ad4a7ef032f32b7eda6dc62", "price_changes": [{"asset_id": "98606197491205967200700640359464086313480576537360039938434591761091984923719", "price": "0.151", "size": "8.4", "side": "SELL", "hash": "2c8ee48c16963bcd9a2879e0e752adfd79563b39", "best_bid": "0.001", "best_ask": "0.151"}, {"asset_id": "96159090155296538158413431087000397979926596731893161029991660218094383454255", "price": "0.849", "size": "8.4", "side": "BUY", "hash": "de6e8aaff05be2a7dbc127a52912b1ffa4bba726", "best_bid": "0.849", "best_ask": "0.999"}], "timestamp": "1769384372338", "event_type": "price_change"}}
{"_local_timestamp": "2026-01-25T23:39:54.637739+00:00", "data": {"market": "0x09a666b396fe2d109eb5d7f2ceb2503e44af24533ad4a7ef032f32b7eda6dc62", "price_changes": [{"asset_id": "98606197491205967200700640359464086313480576537360039938434591761091984923719", "price": "0.151", "size": "0", "side": "SELL", "hash": "11644cbe8be5253d48671701de7c18c617984440", "best_bid": "0.001", "best_ask": "0.152"}, {"asset_id": "96159090155296538158413431087000397979926596731893161029991660218094383454255", "price": "0.849", "size": "0", "side": "BUY", "hash": "2579e3749817b48f102e79b2cb2729756ee3f6ea", "best_bid": "0.848", "best_ask": "0.999"}], "timestamp": "1769384394568", "event_type": "price_change"}}
{"_local_timestamp": "2026-01-25T23:39:55.176844+00:00", "data": {"market": "0x09a666b396fe2d109eb5d7f2ceb2503e44af24533ad4a7ef032f32b7eda6dc62", "price_changes": [{"asset_id": "98606197491205967200700640359464086313480576537360039938434591761091984923719", "price": "0.15", "size": "8.4", "side": "SELL", "hash": "d3b40a74380cf03ae0c171a8fd5c83e41d75c928", "best_bid": "0.001", "best_ask": "0.15"}, {"asset_id": "96159090155296538158413431087000397979926596731893161029991660218094383454255", "price": "0.85", "size": "8.4", "side": "BUY", "hash": "bb6c71a1066da528b7b5fe7467ffcc441e47dd5d", "best_bid": "0.85", "best_ask": "0.999"}], "timestamp": "1769384395112", "event_type": "price_change"}}
