{"_local_timestamp": "2026-01-25T23:34:00.286848+00:00", "data": [{"market": "0x5012977e03e0a83c6cb665ce009d872b79cbdc1cdd0a7126c4ee8b5a388e0643", "asset_id": "96423544147934209787534016777817827305369172993341707110485929057303796180822", "timestamp": "1769384016069", "hash": "ec274def1972f4cfacdef9b0622b267a9c23877f", "bids": [{"price": "0.01", "size": "423"}, {"price": "0.02", "size": "158.64"}, {"price": "0.03", "size": "433.33"}, {"price": "0.04", "size": "144.94"}, {"price": "0.05", "size": "1030"}, {"price": "0.06", "size": "250"}, {"price": "0.07", "size": "264.2"}, {"price": "0.08", "size": "206.61"}, {"price": "0.1", "size": "205"}, {"price": "0.11", "size": "200"}, {"price": "0.12", "size": "5"}, {"price": "0.13", "size": "105"}, {"price": "0.14", "size": "100"}, {"price": "0.16", "size": "121.62"}], "asks": [{"price": "0.99", "size": "3087.18"}, {"price": "0.98", "size": "2250"}, {"price": "0.96", "size": "6.47"}, {"price": "0.95", "size": "1930"}, {"price": "0.92", "size": "600"}, {"price": "0.9", "size": "10"}, {"price": "0.89", "size": "5.44"}, {"price": "0.85", "size": "800"}, {"price": "0.82", "size": "72.22"}, {"price": "0.78", "size": "50"}, {"price": "0.75", "size": "200"}, {"price": "0.74", "size": "200"}, {"price": "0.73", "size": "112"}, {"price": "0.72", "size": "200"}, {"price": "0.27", "size": "5"}, {"price": "0.26", "size": "600"}, {"price": "0.25", "size": "205"}, {"price": "0.24", "size": "216.57"}], "event_type": "book", "last_trade_price": "0.780"}, {"market": "0x5012977e03e0a83c6cb665ce009d872b79cbdc1cdd0a7126c4ee8b5a388e0643", "asset_id": "74624385942845069438539974559063992986754214171302908289412161378942338423298", "timestamp": "1769384016069", "hash": "ccd172d695f60383a435817577ad348343fd3d04", "bids": [{"price": "0.01", "size": "3087.18"}, {"price": "0.02", "size": "2250"}, {"price": "0.04", "size": "6.47"}, {"price": "0.05", "size": "1930"}, {"price": "0.08", "size": "600"}, {"price": "0.1", "size": "10"}, {"price": "0.11", "size": "5.44"}, {"price": "0.15", "size": "800"}, {"price": "0.18", "size": "72.22"}, {"price": "0.22", "size": "50"}, {"price": "0.25", "size": "200"}, {"price": "0.26", "size": "200"}, {"price": "0.27", "size": "112"}, {"price": "0.28", "size": "200"}, {"price": "0.73", "size": "5"}, {"price": "0.74", "size": "600"}, {"price": "0.75", "size": "205"}, {"price": "0.76", "size": "216.57"}], "asks": [{"price": "0.99", "size": "423"}, {"price": "0.98", "size": "158.64"}, {"price": "0.97", "size": "433.33"}, {"price": "0.96", "size": "144.94"}, {"price": "0.95", "size": "1030"}, {"price": "0.94", "size": "250"}, {"price": "0.93", "size": "264.2"}, {"price": "0.92", "size": "206.61"}, {"price": "0.9", "size": "205"}, {"price": "0.89", "size": "200"}, {"price": "0.88", "size": "5"}, {"price": "0.87", "size": "105"}, {"price": "0.86", "size": "100"}, {"price": "0.84", "size": "121.62"}], "event_type": "book", "last_trade_price": "0.780"}]}
{"_local_timestamp": "2026-01-25T23:34:46.615433+00:00", "data": {"market": "0x5012977e03e0a83c6cb665ce009d872b79cbdc1cdd0a7126c4ee8b5a388e0643", "price_changes": [{"asset_id": "96423544147934209787534016777817827305369172993341707110485929057303796180822", "price": "0.01", "size": "2422.11", "side": "BUY", "hash": "6ce48c0b600abb709416bb50b5aded2b7960116a", "best_bid": "0.16", "best_ask": "0.24"}, {"asset_id": "74624385942845069438539974559063992986754214171302908289412161378942338423298", "price": "0.99", "size": "2422.11", "side": "SELL", "hash": "830918df529e15a7feeeed717a5c68377b7485b0", "best_bid": "0.76", "best_ask": "0.84"}], "timestamp": "1769384086545", "event_type": "price_change"}}
{"_local_timestamp": "2026-01-25T23:34:46.616558+00:00", "data": {"market": "0x5012977e03e0a83c6cb665ce009d872b79cbdc1cdd0a7126c4ee8b5a388e0643", "price_changes": [{"asset_id": "96423544147934209787534016777817827305369172993341707110485929057303796180822", "price": "0.01", "size": "5421.22", "side": "BUY", "hash": "9c079ab4f799f56f661583beb5dff0984dba237a", "best_bid": "0.16", "best_ask": "0.24"}, {"asset_id": "74624385942845069438539974559063992986754214171302908289412161378942338423298", "price": "0.99", "size": "5421.22", "side": "SELL", "hash": "208263096a575adffb7334671d7ab0570cbb0260", "best_bid": "0.76", "best_ask": "0.84"}], "timestamp": "1769384086546", "event_type": "price_change"}}
{"_local_timestamp": "2026-01-25T23:34:46.616950+00:00", "data": {"market": "0x5012977e03e0a83c6cb665ce009d872b79cbdc1cdd0a7126c4ee8b5a388e0643", "price_changes": [{"asset_id": "74624385942845069438539974559063992986754214171302908289412161378942338423298", "price": "0.01", "size": "6086.29", "side": "BUY", "hash": "6c4196c83bb2dfe850907056eaef0a6b7f8afd00", "best_bid": "0.76", "best_ask": "0.84"}, {"asset_id": "96423544147934209787534016777817827305369172993341707110485929057303796180822", "price": "0.99", "size": "6086.29", "side": "SELL", "hash": "b5ab019b8ce7b83387e03d72747261a818b62689", "best_bid": "0.16", "best_ask": "0.24"}], "timestamp": "1769384086546", "event_type": "price_change"}}
{"_local_timestamp": "2026-01-25T23:34:46.617216+00:00", "data": {"market": "0x5012977e03e0a83c6cb665ce009d872b79cbdc1cdd0a7126c4ee8b5a388e0643", "price_changes": [{"asset_id": "74624385942845069438539974559063992986754214171302908289412161378942338423298", "price": "0.05", "size": "3929.11", "side": "BUY", "hash": "1a4fffbfb3876020aa4fcf5ea9b10e789abfe5d7", "best_bid": "0.76", "best_ask": "0.84"}, {"asset_id": "96423544147934209787534016777817827305369172993341707110485929057303796180822", "price": "0.95", "size": "3929.11", "side": "SELL", "hash": "2ac2f141b473978cc74dc8346f349cea4f9001ca", "best_bid": "0.16", "best_ask": "0.24"}], "timestamp": "1769384086547", "event_type": "price_change"}}
{"_local_timestamp": "2026-01-25T23:34:46.617491+00:00", "data": {"market": "0x5012977e03e0a83c6cb665ce009d872b79cbdc1cdd0a7126c4ee8b5a388e0643", "price_changes": [{"asset_id": "74624385942845069438539974559063992986754214171302908289412161378942338423298", "price": "0.01", "size": "8085.4", "side": "BUY", "hash": "47b37da646fe166fc94ca54e6f3873572d93d216", "best_bid": "0.76", "best_ask": "0.84"}, {"asset_id": "96423544147934209787534016777817827305369172993341707110485929057303796180822", "price": "0.99", "size": "8085.4", "side": "SELL", "hash": "464649b2e1a4bc06cb58f16e3c0a9bf4a61627ab", "best_bid": "0.16", "best_ask": "0.24"}], "timestamp": "1769384086548", "event_type": "price_change"}}
{"_local_timestamp": "2026-01-25T23:34:46.617763+00:00", "data": {"market": "0x5012977e03e0a83c6cb665ce009d872b79cbdc1cdd0a7126c4ee8b5a388e0643", "price_changes": [{"asset_id": "74624385942845069438539974559063992986754214171302908289412161378942338423298", "price": "0.06", "size": "1999.11", "side": "BUY", "hash": "b914709dbf03be905e2e2d193dae8805f62d54ef", "best_bid": "0.76", "best_ask": "0.84"}, {"asset_id": "96423544147934209787534016777817827305369172993341707110485929057303796180822", "price": "0.94", "size": "1999.11", "side": "SELL", "hash": "8a63e5a99dffcd76a94710fd6a3997538c386e97", "best_bid": "0.16", "best_ask": "0.24"}], "timestamp": "1769384086548", "event_type": "price_change"}}
{"_local_timestamp": "2026-01-25T23:34:46.618015+00:00", "data": {"market": "0x5012977e03e0a83c6cb665ce009d872b79cbdc1cdd0a7126c4ee8b5a388e0643", "price_changes": [{"asset_id": "74624385942845069438539974559063992986754214171302908289412161378942338423298", "price": "0.01", "size": "11084.51", "side": "BUY", "hash": "dd7ceea6d9765cc94b096c84208bb4ea416614b0", "best_bid": "0.76", "best_ask": "0.84"}, {"asset_id": "96423544147934209787534016777817827305369172993341707110485929057303796180822", "price": "0.99", "size": "11084.51", "side": "SELL", "hash": "f2b100fd3661cdbdf71dc6e8b1fbfde35d406196", "best_bid": "0.16", "best_ask": "0.24"}], "timestamp": "1769384086549", "event_type": "price_change"}}
{"_local_timestamp": "2026-01-25T23:34:46.618278+00:00", "data": {"market": "0x5012977e03e0a83c6cb665ce009d872b79cbdc1cdd0a7126c4ee8b5a388e0643", "price_changes": [{"asset_id": "96423544147934209787534016777817827305369172993341707110485929057303796180822", "price": "0.01", "size": "8420.33", "side": "BUY", "hash": "218da1d824d9b04fa0e17c0179018ab251f7a178", "best_bid": "0.16", "best_ask": "0.24"}, {"asset_id": "74624385942845069438539974559063992986754214171302908289412161378942338423298", "price": "0.99", "size": "8420.33", "side": "SELL", "hash": "79fffe18831a4fdbf8ac553d0fa5da99aee3bd41", "best_bid": "0.76", "best_ask": "0.84"}], "timestamp": "1769384086550", "event_type": "price_change"}}
{"_local_timestamp": "2026-01-25T23:34:46.618566+00:00", "data": {"market": "0x5012977e03e0a83c6cb665ce009d872b79cbdc1cdd0a7126c4ee8b5a388e0643", "price_changes": [{"asset_id": "74624385942845069438539974559063992986754214171302908289412161378942338423298", "price": "0.01", "size": "14083.62", "side": "BUY", "hash": "9b6017246a3721496bf044212ae05fe1a1328f9f", "best_bid": "0.76", "best_ask": "0.84"}, {"asset_id": "96423544147934209787534016777817827305369172993341707110485929057303796180822", "price": "0.99", "size": "14083.62", "side": "SELL", "hash": "3f816585d1134d516631dc5517fb86859342b0a7", "best_bid": "0.16", "best_ask": "0.24"}], "timestamp": "1769384086551", "event_type": "price_change"}}
{"_local_timestamp": "2026-01-25T23:34:46.618827+00:00", "data": {"market": "0x5012977e03e0a83c6cb665ce009d872b79cbdc1cdd0a7126c4ee8b5a388e0643", "price_changes": [{"asset_id": "96423544147934209787534016777817827305369172993341707110485929057303796180822", "price": "0.01", "size": "10419.44", "side": "BUY", "hash": "2c4ec4e6dcb7819fa1ec4bfc5ec05d2cf11c5e9e", "best_bid": "0.16", "best_ask": "0.24"}, {"asset_id": "74624385942845069438539974559063992986754214171302908289412161378942338423298", "price": "0.99", "size": "10419.44", "side": "SELL", "hash": "b05bf0ea82b058404e1337d7e06d0c76edb71804", "best_bid": "0.76", "best_ask": "0.84"}], "timestamp": "1769384086551", "event_type": "price_change"}}
{"_local_timestamp": "2026-01-25T23:34:46.745270+00:00", "data": {"market": "0x5012977e03e0a83c6cb665ce009d872b79cbdc1cdd0a7126c4ee8b5a388e0643", "price_changes": [{"asset_id": "96423544147934209787534016777817827305369172993341707110485929057303796180822", "price": "0.01", "size": "13418.55", "side": "BUY", "hash": "2ea3ae8a66fd9ba4bdcdadeb7a2ff93497139c5b", "best_bid": "0.16", "best_ask": "0.24"}, {"asset_id": "74624385942845069438539974559063992986754214171302908289412161378942338423298", "price": "0.99", "size": "13418.55", "side": "SELL", "hash": "d6b26cdfde782be40b055fde42d43459ffb67e52", "best_bid": "0.76", "best_ask": "0.84"}], "timestamp": "1769384086552", "event_type": "price_change"}}
{"_local_timestamp": "2026-01-25T23:34:46.861010+00:00", "data": {"market": "0x5012977e03e0a83c6cb665ce009d872b79cbdc1cdd0a7126c4ee8b5a388e0643", "price_changes": [{"asset_id": "96423544147934209787534016777817827305369172993341707110485929057303796180822", "price": "0.13", "size": "5", "side": "BUY", "hash": "012e2d79c3a2ad6ba19012981a48030f6333fc5a", "best_bid": "0.16", "best_ask": "0.24"}, {"asset_id": "74624385942845069438539974559063992986754214171302908289412161378942338423298", "price": "0.87", "size": "5", "side": "SELL", "hash": "d9de760595c745cc84fd75ac39c0c36e47662455", "best_bid": "0.76", "best_ask": "0.84"}], "timestamp": "1769384086795", "event_type": "price_change"}}
{"_local_timestamp": "2026-01-25T23:35:01.326544+00:00", "data": {"market": "0x5012977e03e0a83c6cb665ce009d872b79cbdc1cdd0a7126c4ee8b5a388e0643", "price_changes": [{"asset_id": "74624385942845069438539974559063992986754214171302908289412161378942338423298", "price": "0.08", "size": "400", "side": "BUY", "hash": "b661873a18a97d96accb17f4ea1da6dbe2f2d93a", "best_bid": "0.76", "best_ask": "0.84"}, {"asset_id": "96423544147934209787534016777817827305369172993341707110485929057303796180822", "price": "0.92", "size": "400", "side": "SELL", "hash": "bea5546ba18c98b1a00856c099ab92000b4f41e7", "best_bid": "0.16", "best_ask": "0.24"}], "timestamp": "1769384101251", "event_type": "price_change"}}
{"_local_timestamp": "2026-01-25T23:35:01.582091+00:00", "data": {"market": "0x5012977e03e0a83c6cb665ce009d872b79cbdc1cdd0a7126c4ee8b5a388e0643", "price_changes": [{"asset_id": "74624385942845069438539974559063992986754214171302908289412161378942338423298", "price": "0.06", "size": "2199.11", "side": "BUY", "hash": "09e87df89dde08694c0d8eeb1915a17d881f9f58", "best_bid": "0.76", "best_ask": "0.84"}, {"asset_id": "96423544147934209787534016777817827305369172993341707110485929057303796180822", "price": "0.94", "size": "2199.11", "side": "SELL", "hash": "b7e0be70b2342f026e89fbf9170c2775630f8c94", "best_bid": "0.16", "best_ask": "0.24"}], "timestamp": "1769384101512", "event_type": "price_change"}}
{"_local_timestamp": "2026-01-25T23:36:12.162951+00:00", "data": {"market": "0x5012977e03e0a83c6cb665ce009d872b79cbdc1cdd0a7126c4ee8b5a388e0643", "price_changes": [{"asset_id": "74624385942845069438539974559063992986754214171302908289412161378942338423298", "price": "0.01", "size": "14069.44", "side": "BUY", "hash": "75b54e6b6ee92f837f4a226ec2634d16b0f77203", "best_bid": "0.76", "best_ask": "0.84"}, {"asset_id": "96423544147934209787534016777817827305369172993341707110485929057303796180822", "price": "0.99", "size": "14069.44", "side": "SELL", "hash": "89fdd700d25566c2ff66017937c7526fcb6f7267", "best_bid": "0.16", "best_ask": "0.24"}], "timestamp": "1769384172094", "event_type": "price_change"}}
{"_local_timestamp": "2026-01-25T23:36:12.164795+00:00", "data": {"market": "0x5012977e03e0a83c6cb665ce009d872b79cbdc1cdd0a7126c4ee8b5a388e0643", "price_changes": [{"asset_id": "74624385942845069438539974559063992986754214171302908289412161378942338423298", "price": "0.04", "size": "0", "side": "BUY", "hash": "75b54e6b6ee92f837f4a226ec2634d16b0f77203", "best_bid": "0.76", "best_ask": "0.84"}, {"asset_id": "96423544147934209787534016777817827305369172993341707110485929057303796180822", "price": "0.96", "size": "0", "side": "SELL", "hash": "89fdd700d25566c2ff66017937c7526fcb6f7267", "best_bid": "0.16", "best_ask": "0.24"}], "timestamp": "1769384172094", "event_type": "price_change"}}
{"_local_timestamp": "2026-01-25T23:36:12.566060+00:00", "data": {"market": "0x5012977e03e0a83c6cb665ce009d872b79cbdc1cdd0a7126c4ee8b5a388e0643", "price_changes": [{"asset_id": "96423544147934209787534016777817827305369172993341707110485929057303796180822", "price": "0.13", "size": "105", "side": "BUY", "hash": "deff45dd8efe59b9067f0c867212dc52460c68e3", "best_bid": "0.16", "best_ask": "0.24"}, {"asset_id": "74624385942845069438539974559063992986754214171302908289412161378942338423298", "price": "0.87", "size": "105", "side": "SELL", "hash": "05b5efd146da17788b91606da8db0fbfc8e6e067", "best_bid": "0.76", "best_ask": "0.84"}], "timestamp": "1769384172496", "event_type": "price_change"}}
{"_local_timestamp": "2026-01-25T23:36:14.403373+00:00", "data": {"market": "0x5012977e03e0a83c6cb665ce009d872b79cbdc1cdd0a7126c4ee8b5a388e0643", "price_changes": [{"asset_id": "74624385942845069438539974559063992986754214171302908289412161378942338423298", "price": "0.01", "size": "14079.15", "side": "BUY", "hash": "404ad6ebd2d18f6c7f1f0828887bfa0f33813274", "best_bid": "0.76", "best_ask": "0.84"}, {"asset_id": "96423544147934209787534016777817827305369172993341707110485929057303796180822", "price": "0.99", "size": "14079.15", "side": "SELL", "hash": "ca658779a6137a458a20bd8c422aa3f0c30eb4ba", "best_bid": "0.16", "best_ask": "0.24"}], "timestamp": "1769384174331", "event_type": "price_change"}}
{"_local_timestamp": "2026-01-25T23:36:14.404212+00:00", "data": {"market": "0x5012977e03e0a83c6cb665ce009d872b79cbdc1cdd0a7126c4ee8b5a388e0643", "price_changes": [{"asset_id": "74624385942845069438539974559063992986754214171302908289412161378942338423298", "price": "0.03", "size": "10.14", "side": "BUY", "hash": "38c6d44fe04b6b1416a273bb548d3252ffa834a3", "best_bid": "0.76", "best_ask": "0.84"}, {"asset_id": "96423544147934209787534016777817827305369172993341707110485929057303796180822", "price": "0.97", "size": "10.14", "side": "SELL", "hash": "fb5de87f7253c3a27dfca68ef205c6591a7015de", "best_bid": "0.16", "best_ask": "0.24"}], "timestamp": "1769384174335", "event_type": "price_change"}}
{"_local_timestamp": "2026-01-25T23:38:17.030829+00:00", "data": {"market": "0x5012977e03e0a83c6cb665ce009d872b79cbdc1cdd0a7126c4ee8b5a388e0643", "price_changes": [{"asset_id": "96423544147934209787534016777817827305369172993341707110485929057303796180822", "price": "0.14", "size": "0", "side": "BUY", "hash": "703ad99da934a9214eea8667ddbaad592ee98452", "best_bid": "0.16", "best_ask": "0.24"}, {"asset_id": "74624385942845069438539974559063992986754214171302908289412161378942338423298", "price": "0.86", "size": "0", "side": "SELL", "hash": "11c2db2daf354e36e5e5bdff80222091f313626c", "best_bid": "0.76", "best_ask": "0.84"}], "timestamp": "1769384296962", "event_type": "price_change"}}
{"_local_timestamp": "2026-01-25T23:38:17.031691+00:00", "data": {"market": "0x5012977e03e0a83c6cb665ce009d872b79cbdc1cdd0a7126c4ee8b5a388e0643", "price_changes": [{"asset_id": "74624385942845069438539974559063992986754214171302908289412161378942338423298", "price": "0.74", "size": "300", "side": "BUY", "hash": "53977b6de2b463e001f821c96329cb99a33c17b2", "best_bid": "0.76", "best_ask": "0.84"}, {"asset_id": "96423544147934209787534016777817827305369172993341707110485929057303796180822", "price": "0.26", "size": "300", "side": "SELL", "hash": "1fed1f9e05524feba9b416e2314f333a5b738d2e", "best_bid": "0.16", "best_ask": "0.24"}], "timestamp": "1769384296962", "event_type": "price_change"}}
{"_local_timestamp": "2026-01-25T23:38:17.049216+00:00", "data": {"market": "0x5012977e03e0a83c6cb665ce009d872b79cbdc1cdd0a7126c4ee8b5a388e0643", "price_changes": [{"asset_id": "74624385942845069438539974559063992986754214171302908289412161378942338423298", "price": "0.73", "size": "205", "side": "BUY", "hash": "16e9b322f094bcba256a35b026bbe164eb30e731", "best_bid": "0.76", "best_ask": "0.84"}, {"asset_id": "96423544147934209787534016777817827305369172993341707110485929057303796180822", "price": "0.27", "size": "205", "side": "SELL", "hash": "6e46129ed23b52610802af384cbfc90e9082add2", "best_bid": "0.16", "best_ask": "0.24"}], "timestamp": "1769384296982", "event_type": "price_change"}}
{"_local_timestamp": "2026-01-25T23:39:13.947446+00:00", "data": {"market": "0x5012977e03e0a83c6cb665ce009d872b79cbdc1cdd0a7126c4ee8b5a388e0643", "price_changes": [{"asset_id": "74624385942845069438539974559063992986754214171302908289412161378942338423298", "price": "0.74", "size": "100", "side": "BUY", "hash": "b1695eeaf6d000509cfb82eeebdc7483402e0904", "best_bid": "0.76", "best_ask": "0.84"}, {"asset_id": "96423544147934209787534016777817827305369172993341707110485929057303796180822", "price": "0.26", "size": "100", "side": "SELL", "hash": "3ce1f55f03d36a69b199131fa46de90f219ff2ec", "best_bid": "0.16", "best_ask": "0.24"}], "timestamp": "1769384353868", "event_type": "price_change"}}
{"_local_timestamp": "2026-01-25T23:39:13.947877+00:00", "data": {"market": "0x5012977e03e0a83c6cb665ce009d872b79cbdc1cdd0a7126c4ee8b5a388e0643", "price_changes": [{"asset_id": "74624385942845069438539974559063992986754214171302908289412161378942338423298", "price": "0.73", "size": "505", "side": "BUY", "hash": "47ef9890437d7556e34f084a47de3da189ed24c7", "best_bid": "0.76", "best_ask": "0.84"}, {"asset_id": "96423544147934209787534016777817827305369172993341707110485929057303796180822", "price": "0.27", "size": "505", "side": "SELL", "hash": "8f283b72e7d01318f0e4d33cc955bdc71840fb31", "best_bid": "0.16", "best_ask": "0.24"}], "timestamp": "1769384353879", "event_type": "price_change"}}
{"_local_timestamp": "2026-01-25T23:39:13.994831+00:00", "data": {"market": "0x5012977e03e0a83c6cb665ce009d872b79cbdc1cdd0a7126c4ee8b5a388e0643", "price_changes": [{"asset_id": "74624385942845069438539974559063992986754214171302908289412161378942338423298", "price": "0.74", "size": "300", "side": "BUY", "hash": "d52777c477d99a007dcf4e97b3acdc3dddbda349", "best_bid": "0.76", "best_ask": "0.84"}, {"asset_id": "96423544147934209787534016777817827305369172993341707110485929057303796180822", "price": "0.26", "size": "300", "side": "SELL", "hash": "6585c29664782a24b868ee26c6cafc94d1985085", "best_bid": "0.16", "best_ask": "0.24"}], "timestamp": "1769384353929", "event_type": "price_change"}}
