{"_local_timestamp": "2026-01-25T23:34:02.855175+00:00", "data": [{"market": "0x06e4063230316609733e6124fdf2d0bb1437d50b1951a6d9828f20b53f22dc37", "asset_id": "15380300024921773157246086606107455846091546347245401072780051622093883690964", "timestamp": "1769383982848", "hash": "081bf7bc11d26b59e0a3c701f86322c56a95f89a", "bids": [{"price": "0.01", "size": "395.09"}, {"price": "0.02", "size": "150"}, {"price": "0.03", "size": "12.91"}, {"price": "0.07", "size": "305.47"}, {"price": "0.08", "size": "200"}, {"price": "0.09", "size": "130.13"}, {"price": "0.1", "size": "675"}, {"price": "0.11", "size": "368.18"}, {"price": "0.14", "size": "300"}, {"price": "0.15", "size": "273.33"}, {"price": "0.16", "size": "236.25"}, {"price": "0.19", "size": "260"}], "asks": [{"price": "0.99", "size": "2990.84"}, {"price": "0.98", "size": "2450"}, {"price": "0.97", "size": "7.22"}, {"price": "0.94", "size": "1900"}, {"price": "0.92", "size": "400"}, {"price": "0.91", "size": "7.5"}, {"price": "0.85", "size": "800"}, {"price": "0.84", "size": "200"}, {"price": "0.83", "size": "200"}, {"price": "0.81", "size": "125"}, {"price": "0.8", "size": "875"}, {"price": "0.79", "size": "250"}, {"price": "0.76", "size": "54.16"}, {"price": "0.7", "size": "600"}, {"price": "0.69", "size": "235.48"}, {"price": "0.67", "size": "300"}, {"price": "0.49", "size": "210"}], "event_type": "book", "last_trade_price": ""}, {"market": "0x06e4063230316609733e6124fdf2d0bb1437d50b1951a6d9828f20b53f22dc37", "asset_id": "99043154677825348289059066634534714517769325186938308418854825663723401612814", "timestamp": "1769383982848", "hash": "fea50e0f6fcb06fd2f8eff700734e6364c13ff67", "bids": [{"price": "0.01", "size": "2990.84"}, {"price": "0.02", "size": "2450"}, {"price": "0.03", "size": "7.22"}, {"price": "0.06", "size": "1900"}, {"price": "0.08", "size": "400"}, {"price": "0.09", "size": "7.5"}, {"price": "0.15", "size": "800"}, {"price": "0.16", "size": "200"}, {"price": "0.17", "size": "200"}, {"price": "0.19", "size": "125"}, {"price": "0.2", "size": "875"}, {"price": "0.21", "size": "250"}, {"price": "0.24", "size": "54.16"}, {"price": "0.3", "size": "600"}, {"price": "0.31", "size": "235.48"}, {"price": "0.33", "size": "300"}, {"price": "0.51", "size": "210"}], "asks": [{"price": "0.99", "size": "395.09"}, {"price": "0.98", "size": "150"}, {"price": "0.97", "size": "12.91"}, {"price": "0.93", "size": "305.47"}, {"price": "0.92", "size": "200"}, {"price": "0.91", "size": "130.13"}, {"price": "0.9", "size": "675"}, {"price": "0.89", "size": "368.18"}, {"price": "0.86", "size": "300"}, {"price": "0.85", "size": "273.33"}, {"price": "0.84", "size": "236.25"}, {"price": "0.81", "size": "260"}], "event_type": "book", "last_trade_price": ""}]}
{"_local_timestamp": "2026-01-25T23:34:48.927122+00:00", "data": {"market": "0x06e4063230316609733e6124fdf2d0bb1437d50b1951a6d9828f20b53f22dc37", "price_changes": [{"asset_id": "99043154677825348289059066634534714517769325186938308418854825663723401612814", "price": "0.54", "size": "50", "side": "BUY", "hash": "f1682d82d2474b6e1fd83dca151e6ab7eb13bddb", "best_bid": "0.54", "best_ask": "0.81"}, {"asset_id": "15380300024921773157246086606107455846091546347245401072780051622093883690964", "price": "0.46", "size": "50", "side": "SELL", "hash": "5790355a363a265c11f0983f8351bca9353d93b2", "best_bid": "0.19", "best_ask": "0.46"}], "timestamp": "1769384088856", "event_type": "price_change"}}
{"_local_timestamp": "2026-01-25T23:34:48.975101+00:00", "data": {"market": "0x06e4063230316609733e6124fdf2d0bb1437d50b1951a6d9828f20b53f22dc37", "price_changes": [{"asset_id": "99043154677825348289059066634534714517769325186938308418854825663723401612814", "price": "0.17", "size": "400", "side": "BUY", "hash": "417749e15006ae9c7fc4d48cb29b7203bacba648", "best_bid": "0.54", "best_ask": "0.81"}, {"asset_id": "15380300024921773157246086606107455846091546347245401072780051622093883690964", "price": "0.83", "size": "400", "side": "SELL", "hash": "791037ccb7f8291535a5c1ddbae51dc62e2c3ad5", "best_bid": "0.19", "best_ask": "0.46"}], "timestamp": "1769384088903", "event_type": "price_change"}}
{"_local_timestamp": "2026-01-25T23:34:48.975554+00:00", "data": {"market": "0x06e4063230316609733e6124fdf2d0bb1437d50b1951a6d9828f20b53f22dc37", "price_changes": [{"asset_id": "99043154677825348289059066634534714517769325186938308418854825663723401612814", "price": "0.54", "size": "250", "side": "BUY", "hash": "7c70ed82b6206bae3b145f42f907e69f727f3162", "best_bid": "0.54", "best_ask": "0.81"}, {"asset_id": "15380300024921773157246086606107455846091546347245401072780051622093883690964", "price": "0.46", "size": "250", "side": "SELL", "hash": "a1778cd503b74e5e956b47990281b452472093e2", "best_bid": "0.19", "best_ask": "0.46"}], "timestamp": "1769384088905", "event_type": "price_change"}}
{"_local_timestamp": "2026-01-25T23:34:48.979014+00:00", "data": {"market": "0x06e4063230316609733e6124fdf2d0bb1437d50b1951a6d9828f20b53f22dc37", "price_changes": [{"asset_id": "99043154677825348289059066634534714517769325186938308418854825663723401612814", "price": "0.16", "size": "0", "side": "BUY", "hash": "37c7646ed073718527204e4d0861f301e7ada88a", "best_bid": "0.54", "best_ask": "0.81"}, {"asset_id": "15380300024921773157246086606107455846091546347245401072780051622093883690964", "price": "0.84", "size": "0", "side": "SELL", "hash": "5300c02188e82b33ddb73f618092426c01e8a657", "best_bid": "0.19", "best_ask": "0.46"}], "timestamp": "1769384088909", "event_type": "price_change"}}
{"_local_timestamp": "2026-01-25T23:34:48.979300+00:00", "data": {"market": "0x06e4063230316609733e6124fdf2d0bb1437d50b1951a6d9828f20b53f22dc37", "price_changes": [{"asset_id": "99043154677825348289059066634534714517769325186938308418854825663723401612814", "price": "0.01", "size": "2790.84", "side": "BUY", "hash": "37c7646ed073718527204e4d0861f301e7ada88a", "best_bid": "0.54", "best_ask": "0.81"}, {"asset_id": "15380300024921773157246086606107455846091546347245401072780051622093883690964", "price": "0.99", "size": "2790.84", "side": "SELL", "hash": "5300c02188e82b33ddb73f618092426c01e8a657", "best_bid": "0.19", "best_ask": "0.46"}], "timestamp": "1769384088909", "event_type": "price_change"}}
{"_local_timestamp": "2026-01-25T23:34:52.404499+00:00", "data": {"market": "0x06e4063230316609733e6124fdf2d0bb1437d50b1951a6d9828f20b53f22dc37", "price_changes": [{"asset_id": "15380300024921773157246086606107455846091546347245401072780051622093883690964", "price": "0.07", "size": "300", "side": "BUY", "hash": "c41d70b60918e7df5b8d342c776b3d35e84887cc", "best_bid": "0.19", "best_ask": "0.46"}, {"asset_id": "99043154677825348289059066634534714517769325186938308418854825663723401612814", "price": "0.93", "size": "300", "side": "SELL", "hash": "04c0ce6365fd92145a3e1f6798ea88e2fddabe1c", "best_bid": "0.54", "best_ask": "0.81"}], "timestamp": "1769384092338", "event_type": "price_change"}}
