{"_local_timestamp": "2026-01-25T23:34:07.899686+00:00", "data": [{"market": "0x6d4db1061b50324adbd8bd8b4415835ee739615fb5e1e10556323f8910346d6a", "asset_id": "109982081918145766365641230778225836256177040317609327089944654819628098346783", "timestamp": "1769382807970", "hash": "578e580c0aae88469d4203778de5d5b428839aad", "bids": [{"price": "0.01", "size": "250"}, {"price": "0.05", "size": "40"}, {"price": "0.06", "size": "66"}, {"price": "0.08", "size": "125"}, {"price": "0.09", "size": "22"}, {"price": "0.2", "size": "10"}, {"price": "0.21", "size": "20"}, {"price": "0.25", "size": "10"}, {"price": "0.3", "size": "10"}, {"price": "0.35", "size": "15"}], "asks": [{"price": "0.99", "size": "200"}, {"price": "0.98", "size": "59.99"}], "event_type": "book", "last_trade_price": ""}, {"market": "0xacd43cceab1377cc13914919fac3a41aec11caeaeaf8c3f88331a7f19e9d7828", "asset_id": "109596875107754275389047443831466274143436199292153257858316657897343860566046", "timestamp": "1769383046719", "hash": "9487f9a8cf9e14dbf042c90f7d77232bf174b997", "bids": [{"price": "0.01", "size": "250"}, {"price": "0.05", "size": "40"}, {"price": "0.06", "size": "66"}, {"price": "0.07", "size": "16"}, {"price": "0.08", "size": "25"}, {"price": "0.15", "size": "10"}, {"price": "0.2", "size": "10"}, {"price": "0.21", "size": "20"}, {"price": "0.25", "size": "10"}, {"price": "0.3", "size": "10"}, {"price": "0.35", "size": "10.4"}], "asks": [{"price": "0.99", "size": "200"}, {"price": "0.98", "size": "59.99"}], "event_type": "book", "last_trade_price": ""}, {"market": "0x44582a6c47fb2c304b633701bfb3f3073b32c509c0fb579698f0381d3eb6e541", "asset_id": "101638792784862703616059711844918114889330535313323798542376306130456961572523", "timestamp": "1769382433192", "hash": "611db3988377784aad034de0d8c8995d3023747a", "bids": [{"price": "0.01", "size": "250"}, {"price": "0.05", "size": "40"}, {"price": "0.06", "size": "66"}, {"price": "0.09", "size": "128"}, {"price": "0.1", "size": "20"}, {"price": "0.2", "size": "10"}, {"price": "0.21", "size": "20"}, {"price": "0.25", "size": "10"}, {"price": "0.3", "size": "10"}, {"price": "0.35", "size": "15"}], "asks": [{"price": "0.99", "size": "200"}, {"price": "0.98", "size": "59.99"}], "event_type": "book", "last_trade_price": ""}, {"market": "0x90a9686eb046fed8eeb34fdf5efb4b1f64abd04dcabccaccba4272ed485894a7", "asset_id": "24196953990754973079088648188136575817303540712721210006124537266094332174242", "timestamp": "1769383289370", "hash": "adc2fc5f301e11aba29be5a7ce2af4395f2dddf7", "bids": [{"price": "0.01", "size": "250"}, {"price": "0.02", "size": "25"}, {"price": "0.03", "size": "39.99"}], "asks": [{"price": "0.99", "size": "250"}, {"price": "0.95", "size": "40"}, {"price": "0.94", "size": "66"}, {"price": "0.91", "size": "125"}, {"price": "0.9", "size": "20"}, {"price": "0.8", "size": "10"}, {"price": "0.79", "size": "20"}, {"price": "0.75", "size": "60"}, {"price": "0.7", "size": "38.57"}], "event_type": "book", "last_trade_price": ""}, {"market": "0x475bd1762399213cfb5a364854a05768b8af22b8623d9aacf80fdda58c508620", "asset_id": "96875649895800726331709122418283574794289972164586316551121202815599804856466", "timestamp": "1769381607989", "hash": "c7ba23344dce729f7f92b2c4636a766fffc84433", "bids": [{"price": "0.01", "size": "200"}, {"price": "0.02", "size": "59.99"}], "asks": [{"price": "0.99", "size": "250"}, {"price": "0.95", "size": "40"}, {"price": "0.94", "size": "66"}, {"price": "0.93", "size": "16"}, {"price": "0.92", "size": "25"}, {"price": "0.8", "size": "10"}, {"price": "0.79", "size": "20"}, {"price": "0.75", "size": "10"}, {"price": "0.7", "size": "10"}, {"price": "0.65", "size": "15"}], "event_type": "book", "last_trade_price": ""}, {"market": "0x09390b6b0a0c3ccf123a6ba3ac495bf3e2d0831414583bd82176b35b12dcf3e3", "asset_id": "6583758407813292294179418582286296609596105205203160265800687495321421719356", "timestamp": "1769383898495", "hash": "42996b57706aec57bce9baaf3a0f44d84cb3f5d0", "bids": [{"price": "0.01", "size": "200"}, {"price": "0.02", "size": "59.99"}], "asks": [{"price": "0.99", "size": "250"}, {"price": "0.95", "size": "40"}, {"price": "0.94", "size": "66"}, {"price": "0.93", "size": "16"}, {"price": "0.9", "size": "20"}, {"price": "0.89", "size": "20"}, {"price": "0.75", "size": "10"}, {"price": "0.7", "size": "10"}, {"price": "0.65", "size": "15"}], "event_type": "book", "last_trade_price": ""}, {"market": "0x4ceb518f01d9343d319516f09e76178d2d1ca2967420189b6a116ab0401b4685", "asset_id": "76544963504731045534326144400687363545050183639615215645402179476191485471196", "timestamp": "1769381607989", "hash": "5a0d2ee18b70fc180c6f4d682d132950b1ff721a", "bids": [{"price": "0.01", "size": "250"}, {"price": "0.02", "size": "25"}, {"price": "0.03", "size": "39.99"}], "asks": [{"price": "0.99", "size": "250"}, {"price": "0.95", "size": "40"}, {"price": "0.94", "size": "66"}, {"price": "0.91", "size": "125"}, {"price": "0.9", "size": "20"}, {"price": "0.84", "size": "10"}, {"price": "0.8", "size": "10"}, {"price": "0.79", "size": "20"}, {"price": "0.75", "size": "10"}, {"price": "0.7", "size": "15"}], "event_type": "book", "last_trade_price": ""}, {"market": "0x475bd1762399213cfb5a364854a05768b8af22b8623d9aacf80fdda58c508620", "asset_id": "71358649458142931648551830160236995228048190071105690406414210448245981244156", "timestamp": "1769381607989", "hash": "ad165cc8a550c2a04871973cac3103d3c10c3863", "bids": [{"price": "0.01", "size": "250"}, {"price": "0.05", "size": "40"}, {"price": "0.06", "size": "66"}, {"price": "0.07", "size": "16"}, {"price": "0.08", "size": "25"}, {"price": "0.2", "size": "10"}, {"price": "0.21", "size": "20"}, {"price": "0.25", "size": "10"}, {"price": "0.3", "size": "10"}, {"price": "0.35", "size": "15"}], "asks": [{"price": "0.99", "size": "200"}, {"price": "0.98", "size": "59.99"}], "event_type": "book", "last_trade_price": ""}, {"market": "0x6d4db1061b50324adbd8bd8b4415835ee739615fb5e1e10556323f8910346d6a", "asset_id": "100671309575013043382292545836440793119146636633702636289150536398179114286101", "timestamp": "1769382807970", "hash": "f9f327ed11ba0e86ec805f8901d23c8c513e0317", "bids": [{"price": "0.01", "size": "200"}, {"price": "0.02", "size": "59.99"}], "asks": [{"price": "0.99", "size": "250"}, {"price": "0.95", "size": "40"}, {"price": "0.94", "size": "66"}, {"price": "0.92", "size": "125"}, {"price": "0.91", "size": "22"}, {"price": "0.8", "size": "10"}, {"price": "0.79", "size": "20"}, {"price": "0.75", "size": "10"}, {"price": "0.7", "size": "10"}, {"price": "0.65", "size": "15"}], "event_type": "book", "last_trade_price": ""}, {"market": "0xacd43cceab1377cc13914919fac3a41aec11caeaeaf8c3f88331a7f19e9d7828", "asset_id": "6393003263897151148216614835692244876122077391797501084950514137239988888047", "timestamp": "1769383046719", "hash": "698c1453fcaa81be725945de1adb4606c47c99e8", "bids": [{"price": "0.01", "size": "200"}, {"price": "0.02", "size": "59.99"}], "asks": [{"price": "0.99", "size": "250"}, {"price": "0.95", "size": "40"}, {"price": "0.94", "size": "66"}, {"price": "0.93", "size": "16"}, {"price": "0.92", "size": "25"}, {"price": "0.85", "size": "10"}, {"price": "0.8", "size": "10"}, {"price": "0.79", "size": "20"}, {"price": "0.75", "size": "10"}, {"price": "0.7", "size": "10"}, {"price": "0.65", "size": "10.4"}], "event_type": "book", "last_trade_price": ""}, {"market": "0x0a0309408ccf45813420858814080516b5a945b3af69e189ee6da019de28f1ca", "asset_id": "32707996073914092765599588850269116716195929106725681440784466405224813458712", "timestamp": "1769384035360", "hash": "53a77c2802d67c3c316144e0766f4d07c8354974", "bids": [{"price": "0.01", "size": "250"}, {"price": "0.05", "size": "59"}, {"price": "0.06", "size": "20"}, {"price": "0.13", "size": "20"}, {"price": "0.14", "size": "69"}], "asks": [{"price": "0.99", "size": "250"}, {"price": "0.98", "size": "175"}, {"price": "0.97", "size": "10"}, {"price": "0.87", "size": "20"}, {"price": "0.85", "size": "15"}], "event_type": "book", "last_trade_price": ""}, {"market": "0x4ceb518f01d9343d319516f09e76178d2d1ca2967420189b6a116ab0401b4685", "asset_id": "17004709726738082555714364180855313570963951685649490806009974570668795288492", "timestamp": "1769381607989", "hash": "c7ffa880c653637e64f1cd1dce1281ecdb53ba9e", "bids": [{"price": "0.01", "size": "250"}, {"price": "0.05", "size": "40"}, {"price": "0.06", "size": "66"}, {"price": "0.09", "size": "125"}, {"price": "0.1", "size": "20"}, {"price": "0.16", "size": "10"}, {"price": "0.2", "size": "10"}, {"price": "0.21", "size": "20"}, {"price": "0.25", "size": "10"}, {"price": "0.3", "size": "15"}], "asks": [{"price": "0.99", "size": "250"}, {"price": "0.98", "size": "25"}, {"price": "0.97", "size": "39.99"}], "event_type": "book", "last_trade_price": ""}, {"market": "0x0a0309408ccf45813420858814080516b5a945b3af69e189ee6da019de28f1ca", "asset_id": "82439665279183027891228472030230132056415047508200054137881987414575191884334", "timestamp": "1769384035360", "hash": "3fbbff4d098b2011470db9606c26b5160b5df41e", "bids": [{"price": "0.01", "size": "250"}, {"price": "0.02", "size": "175"}, {"price": "0.03", "size": "10"}, {"price": "0.13", "size": "20"}, {"price": "0.15", "size": "15"}], "asks": [{"price": "0.99", "size": "250"}, {"price": "0.95", "size": "59"}, {"price": "0.94", "size": "20"}, {"price": "0.87", "size": "20"}, {"price": "0.86", "size": "69"}], "event_type": "book", "last_trade_price": ""}, {"market": "0x90a9686eb046fed8eeb34fdf5efb4b1f64abd04dcabccaccba4272ed485894a7", "asset_id": "82075052435790389310360436766508696368068495345023608410978049727773262100221", "timestamp": "1769383289370", "hash": "74a4fdfec78e0a226dc12d6a4767b767dd45dd84", "bids": [{"price": "0.01", "size": "250"}, {"price": "0.05", "size": "40"}, {"price": "0.06", "size": "66"}, {"price": "0.09", "size": "125"}, {"price": "0.1", "size": "20"}, {"price": "0.2", "size": "10"}, {"price": "0.21", "size": "20"}, {"price": "0.25", "size": "60"}, {"price": "0.3", "size": "38.57"}], "asks": [{"price": "0.99", "size": "250"}, {"price": "0.98", "size": "25"}, {"price": "0.97", "size": "39.99"}], "event_type": "book", "last_trade_price": ""}, {"market": "0x44582a6c47fb2c304b633701bfb3f3073b32c509c0fb579698f0381d3eb6e541", "asset_id": "26235093555466565022164659437045681746218142284460152826986908958125275801009", "timestamp": "1769382433192", "hash": "acc630f93bc7333f266210a755189e40bce8639f", "bids": [{"price": "0.01", "size": "200"}, {"price": "0.02", "size": "59.99"}], "asks": [{"price": "0.99", "size": "250"}, {"price": "0.95", "size": "40"}, {"price": "0.94", "size": "66"}, {"price": "0.91", "size": "128"}, {"price": "0.9", "size": "20"}, {"price": "0.8", "size": "10"}, {"price": "0.79", "size": "20"}, {"price": "0.75", "size": "10"}, {"price": "0.7", "size": "10"}, {"price": "0.65", "size": "15"}], "event_type": "book", "last_trade_price": ""}, {"market": "0x09390b6b0a0c3ccf123a6ba3ac495bf3e2d0831414583bd82176b35b12dcf3e3", "asset_id": "84035393960260337937251938083125070492913488182807658180337785226800890889850", "timestamp": "1769383898495", "hash": "5c5b8d57a1b702d8ff02c4e83be15785ceed3569", "bids": [{"price": "0.01", "size": "250"}, {"price": "0.05", "size": "40"}, {"price": "0.06", "size": "66"}, {"price": "0.07", "size": "16"}, {"price": "0.1", "size": "20"}, {"price": "0.11", "size": "20"}, {"price": "0.25", "size": "10"}, {"price": "0.3", "size": "10"}, {"price": "0.35", "size": "15"}], "asks": [{"price": "0.99", "size": "200"}, {"price": "0.98", "size": "59.99"}], "event_type": "book", "last_trade_price": ""}]}
{"_local_timestamp": "2026-01-25T23:36:11.010071+00:00", "data": {"market": "0x4ceb518f01d9343d319516f09e76178d2d1ca2967420189b6a116ab0401b4685", "price_changes": [{"asset_id": "17004709726738082555714364180855313570963951685649490806009974570668795288492", "price": "0.1", "size": "0", "side": "BUY", "hash": "e6ae54721318ff5e00eccd924eb0173c2aef943c", "best_bid": "0.3", "best_ask": "0.97"}, {"asset_id": "76544963504731045534326144400687363545050183639615215645402179476191485471196", "price": "0.9", "size": "0", "side": "SELL", "hash": "e2b2bebcfeab05267e8464abc74036f012640957", "best_bid": "0.03", "best_ask": "0.7"}], "timestamp": "1769384170944", "event_type": "price_change"}}
{"_local_timestamp": "2026-01-25T23:36:11.062269+00:00", "data": {"market": "0x4ceb518f01d9343d319516f09e76178d2d1ca2967420189b6a116ab0401b4685", "price_changes": [{"asset_id": "17004709726738082555714364180855313570963951685649490806009974570668795288492", "price": "0.1", "size": "20", "side": "BUY", "hash": "cb1db02910acb305d513a07c78f8e72d7c7fb06b", "best_bid": "0.3", "best_ask": "0.97"}, {"asset_id": "76544963504731045534326144400687363545050183639615215645402179476191485471196", "price": "0.9", "size": "20", "side": "SELL", "hash": "8c1eacc3020504124d400a96e80b17535a95a1f6", "best_bid": "0.03", "best_ask": "0.7"}], "timestamp": "1769384170994", "event_type": "price_change"}}
{"_local_timestamp": "2026-01-25T23:37:31.553572+00:00", "data": {"market": "0x475bd1762399213cfb5a364854a05768b8af22b8623d9aacf80fdda58c508620", "price_changes": [{"asset_id": "71358649458142931648551830160236995228048190071105690406414210448245981244156", "price": "0.08", "size": "0", "side": "BUY", "hash": "4fba378a4b3ae6200da1a97a6e298b2c9773e6e5", "best_bid": "0.35", "best_ask": "0.98"}, {"asset_id": "96875649895800726331709122418283574794289972164586316551121202815599804856466", "price": "0.92", "size": "0", "side": "SELL", "hash": "15b63513749d02c8c1cbe8f988cbd3498c282b9d", "best_bid": "0.02", "best_ask": "0.65"}], "timestamp": "1769384251459", "event_type": "price_change"}}
{"_local_timestamp": "2026-01-25T23:37:31.603497+00:00", "data": {"market": "0x475bd1762399213cfb5a364854a05768b8af22b8623d9aacf80fdda58c508620", "price_changes": [{"asset_id": "71358649458142931648551830160236995228048190071105690406414210448245981244156", "price": "0.08", "size": "25", "side": "BUY", "hash": "5ff6e788a3b6f6f399600d32e298a88e579db1e3", "best_bid": "0.35", "best_ask": "0.98"}, {"asset_id": "96875649895800726331709122418283574794289972164586316551121202815599804856466", "price": "0.92", "size": "25", "side": "SELL", "hash": "6e14aeb1cc5c16c02c42228d742f904275a8cee3", "best_bid": "0.02", "best_ask": "0.65"}], "timestamp": "1769384251509", "event_type": "price_change"}}
{"_local_timestamp": "2026-01-25T23:37:49.506847+00:00", "data": {"market": "0x0a0309408ccf45813420858814080516b5a945b3af69e189ee6da019de28f1ca", "price_changes": [{"asset_id": "32707996073914092765599588850269116716195929106725681440784466405224813458712", "price": "0.06", "size": "138.75", "side": "BUY", "hash": "5450f353bf1f0972fd2f7855fc0fc4009219a286", "best_bid": "0.14", "best_ask": "0.85"}, {"asset_id": "82439665279183027891228472030230132056415047508200054137881987414575191884334", "price": "0.94", "size": "138.75", "side": "SELL", "hash": "0aa3b4ec7c132f635cfb7882834ed318dc5efdce", "best_bid": "0.15", "best_ask": "0.86"}], "timestamp": "1769384269400", "event_type": "price_change"}}
{"_local_timestamp": "2026-01-25T23:37:49.863952+00:00", "data": {"market": "0x0a0309408ccf45813420858814080516b5a945b3af69e189ee6da019de28f1ca", "price_changes": [{"asset_id": "32707996073914092765599588850269116716195929106725681440784466405224813458712", "price": "0.06", "size": "118.75", "side": "BUY", "hash": "ebba04d9635717354a026ecd4de8d0c6519e5c1c", "best_bid": "0.14", "best_ask": "0.85"}, {"asset_id": "82439665279183027891228472030230132056415047508200054137881987414575191884334", "price": "0.94", "size": "118.75", "side": "SELL", "hash": "de941ec8b1e567dea3d159980ded9835fd1d478e", "best_bid": "0.15", "best_ask": "0.86"}], "timestamp": "1769384269745", "event_type": "price_change"}}
{"_local_timestamp": "2026-01-25T23:37:49.901538+00:00", "data": {"market": "0x0a0309408ccf45813420858814080516b5a945b3af69e189ee6da019de28f1ca", "price_changes": [{"asset_id": "32707996073914092765599588850269116716195929106725681440784466405224813458712", "price": "0.07", "size": "20", "side": "BUY", "hash": "251ce7c01d63c621398219dc26d42d7230c22f60", "best_bid": "0.14", "best_ask": "0.85"}, {"asset_id": "82439665279183027891228472030230132056415047508200054137881987414575191884334", "price": "0.93", "size": "20", "side": "SELL", "hash": "24b7afccc689278f6f08c0bd5c74835fef0f13f2", "best_bid": "0.15", "best_ask": "0.86"}], "timestamp": "1769384269774", "event_type": "price_change"}}
