{"_local_timestamp": "2026-01-25T23:33:56.662799+00:00", "data": [{"market": "0xd8fc55155395d7c2083725edaebbd0e49d13fad1500ce7c007617cc00869573d", "asset_id": "99098756131834347005928583171407714812346106361396875454309713429429740108138", "timestamp": "1769384006958", "hash": "0bb42d72a1aaefa5502f28bcfa0f2869c60cd227", "bids": [{"price": "0.01", "size": "2614.63"}, {"price": "0.02", "size": "700"}, {"price": "0.03", "size": "3008.41"}, {"price": "0.04", "size": "200"}, {"price": "0.05", "size": "200"}, {"price": "0.06", "size": "266.66"}, {"price": "0.07", "size": "8.58"}, {"price": "0.1", "size": "125"}, {"price": "0.13", "size": "119.66"}, {"price": "0.17", "size": "40"}, {"price": "0.18", "size": "66.66"}], "asks": [{"price": "0.99", "size": "111.51"}, {"price": "0.98", "size": "200"}, {"price": "0.97", "size": "5.08"}, {"price": "0.96", "size": "1250"}, {"price": "0.95", "size": "100"}, {"price": "0.94", "size": "12.2"}, {"price": "0.9", "size": "566.66"}, {"price": "0.89", "size": "18"}, {"price": "0.88", "size": "9"}, {"price": "0.79", "size": "66.66"}, {"price": "0.75", "size": "12"}, {"price": "0.73", "size": "40"}, {"price": "0.71", "size": "15"}, {"price": "0.7", "size": "10"}, {"price": "0.69", "size": "5"}, {"price": "0.68", "size": "66.66"}], "event_type": "book", "last_trade_price": ""}, {"market": "0xd8fc55155395d7c2083725edaebbd0e49d13fad1500ce7c007617cc00869573d", "asset_id": "38227246228084078102619159217615033453495322228486864691758293351132521372496", "timestamp": "1769384006958", "hash": "09e8e6fcd1e99fa5bc650d0d1c7a3d12ebc9748e", "bids": [{"price": "0.01", "size": "111.51"}, {"price": "0.02", "size": "200"}, {"price": "0.03", "size": "5.08"}, {"price": "0.04", "size": "1250"}, {"price": "0.05", "size": "100"}, {"price": "0.06", "size": "12.2"}, {"price": "0.1", "size": "566.66"}, {"price": "0.11", "size": "18"}, {"price": "0.12", "size": "9"}, {"price": "0.21", "size": "66.66"}, {"price": "0.25", "size": "12"}, {"price": "0.27", "size": "40"}, {"price": "0.29", "size": "15"}, {"price": "0.3", "size": "10"}, {"price": "0.31", "size": "5"}, {"price": "0.32", "size": "66.66"}], "asks": [{"price": "0.99", "size": "2614.63"}, {"price": "0.98", "size": "700"}, {"price": "0.97", "size": "3008.41"}, {"price": "0.96", "size": "200"}, {"price": "0.95", "size": "200"}, {"price": "0.94", "size": "266.66"}, {"price": "0.93", "size": "8.58"}, {"price": "0.9", "size": "125"}, {"price": "0.87", "size": "119.66"}, {"price": "0.83", "size": "40"}, {"price": "0.82", "size": "66.66"}], "event_type": "book", "last_trade_price": ""}]}
{"_local_timestamp": "2026-01-25T23:35:15.198041+00:00", "data": {"market": "0xd8fc55155395d7c2083725edaebbd0e49d13fad1500ce7c007617cc00869573d", "price_changes": [{"asset_id": "38227246228084078102619159217615033453495322228486864691758293351132521372496", "price": "0.31", "size": "13.5", "side": "BUY", "hash": "f85f8924a0dc1916815d0ef24d94cb2d6f4a5d97", "best_bid": "0.32", "best_ask": "0.82"}, {"asset_id": "99098756131834347005928583171407714812346106361396875454309713429429740108138", "price": "0.69", "size": "13.5", "side": "SELL", "hash": "024a5ba9d50bf35e08beb2c8ec6558b5c278183b", "best_bid": "0.18", "best_ask": "0.68"}], "timestamp": "1769384115116", "event_type": "price_change"}}
{"_local_timestamp": "2026-01-25T23:35:15.211426+00:00", "data": {"market": "0xd8fc55155395d7c2083725edaebbd0e49d13fad1500ce7c007617cc00869573d", "price_changes": [{"asset_id": "99098756131834347005928583171407714812346106361396875454309713429429740108138", "price": "0.19", "size": "8.5", "side": "BUY", "hash": "a08e8a515d85eaa29b657a0318e5e2968ac854b7", "best_bid": "0.19", "best_ask": "0.68"}, {"asset_id": "38227246228084078102619159217615033453495322228486864691758293351132521372496", "price": "0.81", "size": "8.5", "side": "SELL", "hash": "03a805c6dffd595d8c2cd8b51f4b4aa78d7a0065", "best_bid": "0.32", "best_ask": "0.81"}], "timestamp": "1769384115117", "event_type": "price_change"}}
{"_local_timestamp": "2026-01-25T23:36:19.743230+00:00", "data": {"market": "0xd8fc55155395d7c2083725edaebbd0e49d13fad1500ce7c007617cc00869573d", "price_changes": [{"asset_id": "99098756131834347005928583171407714812346106361396875454309713429429740108138", "price": "0.18", "size": "0", "side": "BUY", "hash": "274a34f1f111b3083afae0ff5f0dd7fadff3e9bc", "best_bid": "0.19", "best_ask": "0.68"}, {"asset_id": "38227246228084078102619159217615033453495322228486864691758293351132521372496", "price": "0.82", "size": "0", "side": "SELL", "hash": "b5d39ba6c5ee342e4535e98e8de6734a011530c9", "best_bid": "0.32", "best_ask": "0.81"}], "timestamp": "1769384179672", "event_type": "price_change"}}
{"_local_timestamp": "2026-01-25T23:36:20.203220+00:00", "data": {"market": "0xd8fc55155395d7c2083725edaebbd0e49d13fad1500ce7c007617cc00869573d", "price_changes": [{"asset_id": "99098756131834347005928583171407714812346106361396875454309713429429740108138", "price": "0.2", "size": "66.66", "side": "BUY", "hash": "0ae5a48f2c802f99bfa07780799e72390dde0cda", "best_bid": "0.2", "best_ask": "0.68"}, {"asset_id": "38227246228084078102619159217615033453495322228486864691758293351132521372496", "price": "0.8", "size": "66.66", "side": "SELL", "hash": "ae6a48d98d7ae41536ff71f9680e968d02eb0f22", "best_bid": "0.32", "best_ask": "0.8"}], "timestamp": "1769384180131", "event_type": "price_change"}}
