{"_local_timestamp": "2026-01-25T23:41:08.889288+00:00", "data": [{"market": "0x78aac7fd742ab11276d35bc1e641ba4ef957e4f0148dc4ef79d5bb1b27fa04c9", "asset_id": "70533561112481393124370404999731526864148677954264021909933270724600887115112", "timestamp": "1769383071552", "hash": "eb341d93e294970cb72452e44609d67d8111bc8e", "bids": [{"price": "0.01", "size": "569.87"}, {"price": "0.02", "size": "156.69"}, {"price": "0.03", "size": "81.18"}, {"price": "0.05", "size": "15.11"}], "asks": [{"price": "0.99", "size": "550"}, {"price": "0.98", "size": "400"}], "event_type": "book", "last_trade_price": ""}, {"market": "0xd752754965bfad52d3e181072ab9e270dad769222e3bdb0cd4b336eefada9081", "asset_id": "58779505131857838581464020070024650695883082572217573295562283920504740574991", "timestamp": "1769382557979", "hash": "e50bd35350b3f2ec94c2e541ddf07b290b34cdf5", "bids": [{"price": "0.01", "size": "668.81"}, {"price": "0.02", "size": "183.94"}, {"price": "0.03", "size": "131.07"}, {"price": "0.04", "size": "7.53"}, {"price": "0.05", "size": "58.01"}], "asks": [{"price": "0.99", "size": "664.79"}, {"price": "0.98", "size": "163.72"}, {"price": "0.97", "size": "75"}, {"price": "0.96", "size": "6.21"}, {"price": "0.95", "size": "30"}, {"price": "0.94", "size": "43.95"}], "event_type": "book", "last_trade_price": ""}, {"market": "0xbea61441809c6a16ce4f66b64378ebdd91f246edcdaffa5e7434de52f4d18233", "asset_id": "51307516564525571803624634308808819221374066005731689946876523320509878731531", "timestamp": "1769382483670", "hash": "9e810edf4db29450eb7caa1d20ba65afc323eea4", "bids": [{"price": "0.01", "size": "569.87"}, {"price": "0.02", "size": "156.69"}, {"price": "0.03", "size": "89.68"}, {"price": "0.04", "size": "50"}, {"price": "0.05", "size": "11.81"}], "asks": [{"price": "0.99", "size": "550"}, {"price": "0.98", "size": "375"}], "event_type": "book", "last_trade_price": ""}, {"market": "0x5d5c1a0c468a5aae0be44f14c0e129f14829ccd06957c3d5c14223b128409cd6", "asset_id": "40886877465331735590854979167186315836399721735578417414028176447726346986450", "timestamp": "1769383072681", "hash": "e2aaa6b8ce38b6d751c7b3aec83732fb78484709", "bids": [{"price": "0.01", "size": "550"}, {"price": "0.02", "size": "400"}], "asks": [{"price": "0.99", "size": "569.64"}, {"price": "0.98", "size": "156.69"}, {"price": "0.97", "size": "81.22"}, {"price": "0.95", "size": "15.13"}], "event_type": "book", "last_trade_price": ""}, {"market": "0xbea61441809c6a16ce4f66b64378ebdd91f246edcdaffa5e7434de52f4d18233", "asset_id": "25649191509259568456917595666919916718214313729620811419909328404202694953060", "timestamp": "1769382483670", "hash": "c396eed384bc2cc528e81c29c94e30181fc009da", "bids": [{"price": "0.01", "size": "550"}, {"price": "0.02", "size": "375"}], "asks": [{"price": "0.99", "size": "569.87"}, {"price": "0.98", "size": "156.69"}, {"price": "0.97", "size": "89.68"}, {"price": "0.96", "size": "50"}, {"price": "0.95", "size": "11.81"}], "event_type": "book", "last_trade_price": ""}, {"market": "0x78aac7fd742ab11276d35bc1e641ba4ef957e4f0148dc4ef79d5bb1b27fa04c9", "asset_id": "9283235022531064809578081968267082594384603266180110131053914550977895449003", "timestamp": "1769383071552", "hash": "b6b6b4bb25be1a46b25f384c993fa8b49e6ba67f", "bids": [{"price": "0.01", "size": "550"}, {"price": "0.02", "size": "400"}], "asks": [{"price": "0.99", "size": "569.87"}, {"price": "0.98", "size": "156.69"}, {"price": "0.97", "size": "81.18"}, {"price": "0.95", "size": "15.11"}], "event_type": "book", "last_trade_price": ""}, {"market": "0x5d5c1a0c468a5aae0be44f14c0e129f14829ccd06957c3d5c14223b128409cd6", "asset_id": "66373290299433247574048643183536305128517370350861491949892456233158352513943", "timestamp": "1769383072681", "hash": "550741131c161e0051eedd489340c7e71d395f98", "bids": [{"price": "0.01", "size": "569.64"}, {"price": "0.02", "size": "156.69"}, {"price": "0.03", "size": "81.22"}, {"price": "0.05", "size": "15.13"}], "asks": [{"price": "0.99", "size": "550"}, {"price": "0.98", "size": "400"}], "event_type": "book", "last_trade_price": ""}, {"market": "0x3481b4948677df62e3a7c2b1f71a23dcc4f4212368ba2de3aa0dee99b860379c", "asset_id": "28351366744637366783494736498837369365542603015428291790314376013792001016329", "timestamp": "1769382483695", "hash": "66b0cef932d8458fc524b7951191a935514c6fc4", "bids": [{"price": "0.01", "size": "569.87"}, {"price": "0.02", "size": "156.69"}, {"price": "0.03", "size": "81.18"}, {"price": "0.05", "size": "15.11"}], "asks": [{"price": "0.99", "size": "550"}, {"price": "0.98", "size": "385"}], "event_type": "book", "last_trade_price": ""}, {"market": "0x3481b4948677df62e3a7c2b1f71a23dcc4f4212368ba2de3aa0dee99b860379c", "asset_id": "64624996072688718923601570235812194171459472508472508761295438306485743927288", "timestamp": "1769382483695", "hash": "48528c873674ee7be519a472bedda3ec0265e4d0", "bids": [{"price": "0.01", "size": "550"}, {"price": "0.02", "size": "385"}], "asks": [{"price": "0.99", "size": "569.87"}, {"price": "0.98", "size": "156.69"}, {"price": "0.97", "size": "81.18"}, {"price": "0.95", "size": "15.11"}], "event_type": "book", "last_trade_price": ""}, {"market": "0xd752754965bfad52d3e181072ab9e270dad769222e3bdb0cd4b336eefada9081", "asset_id": "61892017261243717552511982095924021494273410291416393338495397042135780671512", "timestamp": "1769382557979", "hash": "61e4ee78eb215a12a8d7b678bbf93f1809d978a8", "bids": [{"price": "0.01", "size": "664.79"}, {"price": "0.02", "size": "163.72"}, {"price": "0.03", "size": "75"}, {"price": "0.04", "size": "6.21"}, {"price": "0.05", "size": "30"}, {"price": "0.06", "size": "43.95"}], "asks": [{"price": "0.99", "size": "668.81"}, {"price": "0.98", "size": "183.94"}, {"price": "0.97", "size": "131.07"}, {"price": "0.96", "size": "7.53"}, {"price": "0.95", "size": "58.01"}], "event_type": "book", "last_trade_price": ""}]}
