{"_local_timestamp": "2026-01-25T23:41:13.250245+00:00", "data": [{"market": "0x88021bd1c984cdf7fb9733145fda2645a5a019ddd3a6f04deee959936cc3d37f", "asset_id": "39532932796582966541058553562735353434719204721479505748289857120295359720779", "timestamp": "1769384274154", "hash": "1a1ba4b18e81e90855d8a27fceb8b61696b285ee", "bids": [{"price": "0.01", "size": "166.61"}, {"price": "0.02", "size": "150"}, {"price": "0.03", "size": "27.79"}, {"price": "0.08", "size": "162.5"}, {"price": "0.09", "size": "61.11"}, {"price": "0.1", "size": "98"}, {"price": "0.16", "size": "131.25"}], "asks": [{"price": "0.99", "size": "166.03"}, {"price": "0.98", "size": "150"}, {"price": "0.97", "size": "27.99"}, {"price": "0.96", "size": "5.47"}, {"price": "0.92", "size": "162.5"}, {"price": "0.91", "size": "61.11"}, {"price": "0.89", "size": "83"}, {"price": "0.84", "size": "125"}, {"price": "0.83", "size": "5.88"}], "event_type": "book", "last_trade_price": ""}, {"market": "0xac87b458423903ae29591ed212f4370165fa8247839c0ab6d83a37ae5fbad031", "asset_id": "60341396096821992801567133978118925110587137953863549284293386440125695496230", "timestamp": "1769384278500", "hash": "de28dc069819096b298f510dfb4be881710f1e26", "bids": [{"price": "0.01", "size": "564.79"}, {"price": "0.02", "size": "156.69"}, {"price": "0.03", "size": "81.44"}, {"price": "0.04", "size": "13.12"}, {"price": "0.05", "size": "5.47"}], "asks": [{"price": "0.99", "size": "550"}, {"price": "0.98", "size": "375"}], "event_type": "book", "last_trade_price": ""}, {"market": "0x5b7acdcdae300f3025ba0fb2a2daf4bf04c6a07eae09eaaa5ab7913ef4316995", "asset_id": "94702530997807636559826629311706189866783266975333534456254063025648640323190", "timestamp": "1769384274156", "hash": "1ba8c66528e64c78c2bed47024711a56f72e033a", "bids": [{"price": "0.01", "size": "564.79"}, {"price": "0.02", "size": "156.69"}, {"price": "0.03", "size": "81.44"}, {"price": "0.04", "size": "18.59"}], "asks": [{"price": "0.99", "size": "550"}, {"price": "0.98", "size": "375"}], "event_type": "book", "last_trade_price": ""}, {"market": "0x3d92266c2b29b2a1e2f61549081a9e7edda5a37945a794f66a773d852824edae", "asset_id": "74132970633337504183199960943511104736405349359142622562759852859070431653342", "timestamp": "1769384271176", "hash": "9daabab360edb3227e992ff044853c62aa074f56", "bids": [{"price": "0.01", "size": "564.79"}, {"price": "0.02", "size": "163.72"}, {"price": "0.03", "size": "81"}, {"price": "0.04", "size": "19.9"}], "asks": [{"price": "0.99", "size": "550"}, {"price": "0.98", "size": "400"}], "event_type": "book", "last_trade_price": ""}, {"market": "0x5b7acdcdae300f3025ba0fb2a2daf4bf04c6a07eae09eaaa5ab7913ef4316995", "asset_id": "98473967178553721529936844968288505879797076734242041229649616550398919879986", "timestamp": "1769384274156", "hash": "a08d5c23deb91a78a9140ee015a0f72d8af9878d", "bids": [{"price": "0.01", "size": "550"}, {"price": "0.02", "size": "375"}], "asks": [{"price": "0.99", "size": "564.79"}, {"price": "0.98", "size": "156.69"}, {"price": "0.97", "size": "81.44"}, {"price": "0.96", "size": "18.59"}], "event_type": "book", "last_trade_price": ""}, {"market": "0x7223565da41be782c1f7bb9e500ecb6bb877457722665b2c544c0313b05e81d1", "asset_id": "32793542220799412772303154759947482913349406438557203839433834202871945395072", "timestamp": "1769381752759", "hash": "40ee68b1fd152ae35f8fddf92ba185e0108731e4", "bids": [{"price": "0.01", "size": "266.03"}, {"price": "0.02", "size": "150"}, {"price": "0.03", "size": "9.21"}, {"price": "0.05", "size": "40"}, {"price": "0.06", "size": "66"}, {"price": "0.07", "size": "13.51"}, {"price": "0.09", "size": "144.44"}, {"price": "0.1", "size": "110"}, {"price": "0.11", "size": "83"}, {"price": "0.16", "size": "125"}, {"price": "0.17", "size": "5.88"}], "asks": [{"price": "0.99", "size": "266.03"}, {"price": "0.98", "size": "150"}, {"price": "0.97", "size": "9.21"}, {"price": "0.96", "size": "49"}, {"price": "0.95", "size": "40"}, {"price": "0.94", "size": "33"}, {"price": "0.93", "size": "8.04"}, {"price": "0.91", "size": "144.44"}, {"price": "0.9", "size": "110"}, {"price": "0.89", "size": "87"}, {"price": "0.84", "size": "125"}, {"price": "0.83", "size": "5.88"}], "event_type": "book", "last_trade_price": ""}, {"market": "0x3d92266c2b29b2a1e2f61549081a9e7edda5a37945a794f66a773d852824edae", "asset_id": "99916392351048831476422332592139938546298754360832446156951513440238665126422", "timestamp": "1769384271176", "hash": "c3fd9232e2bbb3eea04465f753c5b29049680830", "bids": [{"price": "0.01", "size": "550"}, {"price": "0.02", "size": "400"}], "asks": [{"price": "0.99", "size": "564.79"}, {"price": "0.98", "size": "163.72"}, {"price": "0.97", "size": "81"}, {"price": "0.96", "size": "19.9"}], "event_type": "book", "last_trade_price": ""}, {"market": "0x88021bd1c984cdf7fb9733145fda2645a5a019ddd3a6f04deee959936cc3d37f", "asset_id": "112330533682571453188907725181755730043984641895645777390635904637251460800189", "timestamp": "1769384274154", "hash": "33ce997c6677975e22f23066a343d1ee3cbc2538", "bids": [{"price": "0.01", "size": "166.03"}, {"price": "0.02", "size": "150"}, {"price": "0.03", "size": "27.99"}, {"price": "0.04", "size": "5.47"}, {"price": "0.08", "size": "162.5"}, {"price": "0.09", "size": "61.11"}, {"price": "0.11", "size": "83"}, {"price": "0.16", "size": "125"}, {"price": "0.17", "size": "5.88"}], "asks": [{"price": "0.99", "size": "166.61"}, {"price": "0.98", "size": "150"}, {"price": "0.97", "size": "27.79"}, {"price": "0.92", "size": "162.5"}, {"price": "0.91", "size": "61.11"}, {"price": "0.9", "size": "98"}, {"price": "0.84", "size": "131.25"}], "event_type": "book", "last_trade_price": ""}, {"market": "0xac87b458423903ae29591ed212f4370165fa8247839c0ab6d83a37ae5fbad031", "asset_id": "28489299410824038531002419372703173840074071049165952394153244329584538649061", "timestamp": "1769384278500", "hash": "29e9144d9d9e121e57c1515fdc87d835bc6be67a", "bids": [{"price": "0.01", "size": "550"}, {"price": "0.02", "size": "375"}], "asks": [{"price": "0.99", "size": "564.79"}, {"price": "0.98", "size": "156.69"}, {"price": "0.97", "size": "81.44"}, {"price": "0.96", "size": "13.12"}, {"price": "0.95", "size": "5.47"}], "event_type": "book", "last_trade_price": ""}, {"market": "0x7223565da41be782c1f7bb9e500ecb6bb877457722665b2c544c0313b05e81d1", "asset_id": "20460803847674000148387149437596092502575987983808859044674226874113722952513", "timestamp": "1769381752759", "hash": "7c1ed4c6d1fb2cc1d420f82580bf4913bb4d319e", "bids": [{"price": "0.01", "size": "266.03"}, {"price": "0.02", "size": "150"}, {"price": "0.03", "size": "9.21"}, {"price": "0.04", "size": "49"}, {"price": "0.05", "size": "40"}, {"price": "0.06", "size": "33"}, {"price": "0.07", "size": "8.04"}, {"price": "0.09", "size": "144.44"}, {"price": "0.1", "size": "110"}, {"price": "0.11", "size": "87"}, {"price": "0.16", "size": "125"}, {"price": "0.17", "size": "5.88"}], "asks": [{"price": "0.99", "size": "266.03"}, {"price": "0.98", "size": "150"}, {"price": "0.97", "size": "9.21"}, {"price": "0.95", "size": "40"}, {"price": "0.94", "size": "66"}, {"price": "0.93", "size": "13.51"}, {"price": "0.91", "size": "144.44"}, {"price": "0.9", "size": "110"}, {"price": "0.89", "size": "83"}, {"price": "0.84", "size": "125"}, {"price": "0.83", "size": "5.88"}], "event_type": "book", "last_trade_price": ""}]}
