{"_local_timestamp": "2026-01-25T23:41:13.365029+00:00", "data": [{"market": "0x64322f5492052a75b03853f7953edcbb48871b25f5935b51d21d6eb69d362627", "asset_id": "114126498733674490072028007354403469780025943664365245294444953856616224122032", "timestamp": "1769384274074", "hash": "faaacd5c6ea8bb86c3c30db2eb2346294f72c51a", "bids": [{"price": "0.01", "size": "570.27"}, {"price": "0.02", "size": "160.16"}, {"price": "0.03", "size": "81.59"}, {"price": "0.04", "size": "9.91"}, {"price": "0.05", "size": "5.47"}], "asks": [{"price": "0.99", "size": "550"}, {"price": "0.98", "size": "392"}], "event_type": "book", "last_trade_price": ""}, {"market": "0x47dac063f5b59c10e9557a79ba63369aa446b35eeefd5f47b4ff09fb55d85295", "asset_id": "50975776866616136173781080055166244563253271328345771002074356085034621692650", "timestamp": "1769382511259", "hash": "b61f8b63e5108defe6f1ea92d5328f2c85195c14", "bids": [{"price": "0.01", "size": "160.8"}, {"price": "0.02", "size": "155.14"}, {"price": "0.03", "size": "439.69"}, {"price": "0.04", "size": "137.5"}, {"price": "0.05", "size": "11.96"}, {"price": "0.07", "size": "39"}, {"price": "0.11", "size": "190.9"}], "asks": [{"price": "0.99", "size": "166.03"}, {"price": "0.98", "size": "150"}, {"price": "0.97", "size": "27.99"}, {"price": "0.96", "size": "5.47"}, {"price": "0.91", "size": "144.44"}, {"price": "0.9", "size": "110"}, {"price": "0.89", "size": "83"}, {"price": "0.84", "size": "125"}, {"price": "0.83", "size": "5.88"}], "event_type": "book", "last_trade_price": ""}, {"market": "0x47dac063f5b59c10e9557a79ba63369aa446b35eeefd5f47b4ff09fb55d85295", "asset_id": "8858584685882159740349022678610659768754995871845804413827878600103092839613", "timestamp": "1769382511259", "hash": "581ce46ef5b34e2d2ef5702ec2d464f32256a2da", "bids": [{"price": "0.01", "size": "166.03"}, {"price": "0.02", "size": "150"}, {"price": "0.03", "size": "27.99"}, {"price": "0.04", "size": "5.47"}, {"price": "0.09", "size": "144.44"}, {"price": "0.1", "size": "110"}, {"price": "0.11", "size": "83"}, {"price": "0.16", "size": "125"}, {"price": "0.17", "size": "5.88"}], "asks": [{"price": "0.99", "size": "160.8"}, {"price": "0.98", "size": "155.14"}, {"price": "0.97", "size": "439.69"}, {"price": "0.96", "size": "137.5"}, {"price": "0.95", "size": "11.96"}, {"price": "0.93", "size": "39"}, {"price": "0.89", "size": "190.9"}], "event_type": "book", "last_trade_price": ""}, {"market": "0x8e14cb82b8f0051343971c9d71b277178c7b6d2705f6faf29b72e1b2cadb5e75", "asset_id": "93986683126625247115387564971330249984389277676312674120228353627433379970948", "timestamp": "1769384274077", "hash": "f7c4f689c7c7edc01abddf697a5c08fd0a4b8ca2", "bids": [{"price": "0.01", "size": "568.34"}, {"price": "0.02", "size": "160.56"}, {"price": "0.03", "size": "80.42"}, {"price": "0.04", "size": "11.06"}, {"price": "0.05", "size": "5.47"}], "asks": [{"price": "0.99", "size": "550"}, {"price": "0.98", "size": "392"}], "event_type": "book", "last_trade_price": ""}, {"market": "0xec59dddff837d24ab36f35ef431e5e261395bfb620a13f80f4b051d5e8422474", "asset_id": "57822384609507625389018302542602827384482042655592372965337842996935463703688", "timestamp": "1769381899970", "hash": "e198cd0e2f433992d41564b470a6bdf41aed6dcf", "bids": [{"price": "0.01", "size": "266.03"}, {"price": "0.02", "size": "150"}, {"price": "0.03", "size": "9.21"}, {"price": "0.05", "size": "40"}, {"price": "0.06", "size": "66"}, {"price": "0.07", "size": "13.51"}, {"price": "0.09", "size": "144.44"}, {"price": "0.1", "size": "110"}, {"price": "0.11", "size": "83"}, {"price": "0.16", "size": "125"}, {"price": "0.17", "size": "5.88"}], "asks": [{"price": "0.99", "size": "266.03"}, {"price": "0.98", "size": "150"}, {"price": "0.97", "size": "11.24"}, {"price": "0.96", "size": "49"}, {"price": "0.95", "size": "40"}, {"price": "0.94", "size": "33"}, {"price": "0.93", "size": "78.57"}, {"price": "0.92", "size": "6.27"}, {"price": "0.9", "size": "130"}, {"price": "0.89", "size": "35"}, {"price": "0.84", "size": "125"}, {"price": "0.83", "size": "5.88"}], "event_type": "book", "last_trade_price": ""}, {"market": "0x64322f5492052a75b03853f7953edcbb48871b25f5935b51d21d6eb69d362627", "asset_id": "74545578472951161106630574120244230756121921636704132883088637827928770693352", "timestamp": "1769384274074", "hash": "dc75832ae5fb81f2b1bfbbf9bc96dbce5a9e1e2f", "bids": [{"price": "0.01", "size": "550"}, {"price": "0.02", "size": "392"}], "asks": [{"price": "0.99", "size": "570.27"}, {"price": "0.98", "size": "160.16"}, {"price": "0.97", "size": "81.59"}, {"price": "0.96", "size": "9.91"}, {"price": "0.95", "size": "5.47"}], "event_type": "book", "last_trade_price": ""}, {"market": "0x6a142a479d8f0ca6b0171c1968d42f6d8366c07725ea022c8093e8af5eeeb25a", "asset_id": "23280805119603005743386250620485548450207569601429061200180501814693825261278", "timestamp": "1769384274924", "hash": "f23b84059553d3b9036678f5f70244d42e3ef379", "bids": [{"price": "0.01", "size": "569.87"}, {"price": "0.02", "size": "156.69"}, {"price": "0.03", "size": "81.18"}, {"price": "0.04", "size": "12.05"}, {"price": "0.05", "size": "5.47"}], "asks": [{"price": "0.99", "size": "571.38"}, {"price": "0.98", "size": "402.17"}, {"price": "0.97", "size": "20.48"}], "event_type": "book", "last_trade_price": ""}, {"market": "0x8e14cb82b8f0051343971c9d71b277178c7b6d2705f6faf29b72e1b2cadb5e75", "asset_id": "95178447199508679355897073867642805044983215234933954692377142776542880599317", "timestamp": "1769384274077", "hash": "460bbe02f90723e3f7d5b438b644df0670f0236c", "bids": [{"price": "0.01", "size": "550"}, {"price": "0.02", "size": "392"}], "asks": [{"price": "0.99", "size": "568.34"}, {"price": "0.98", "size": "160.56"}, {"price": "0.97", "size": "80.42"}, {"price": "0.96", "size": "11.06"}, {"price": "0.95", "size": "5.47"}], "event_type": "book", "last_trade_price": ""}, {"market": "0xec59dddff837d24ab36f35ef431e5e261395bfb620a13f80f4b051d5e8422474", "asset_id": "48965148761070394071283067114201940329881911750365871752786409755910710436658", "timestamp": "1769381899970", "hash": "b8244c6af1f2d73402f8499353a1ace6feaf89d7", "bids": [{"price": "0.01", "size": "266.03"}, {"price": "0.02", "size": "150"}, {"price": "0.03", "size": "11.24"}, {"price": "0.04", "size": "49"}, {"price": "0.05", "size": "40"}, {"price": "0.06", "size": "33"}, {"price": "0.07", "size": "78.57"}, {"price": "0.08", "size": "6.27"}, {"price": "0.1", "size": "130"}, {"price": "0.11", "size": "35"}, {"price": "0.16", "size": "125"}, {"price": "0.17", "size": "5.88"}], "asks": [{"price": "0.99", "size": "266.03"}, {"price": "0.98", "size": "150"}, {"price": "0.97", "size": "9.21"}, {"price": "0.95", "size": "40"}, {"price": "0.94", "size": "66"}, {"price": "0.93", "size": "13.51"}, {"price": "0.91", "size": "144.44"}, {"price": "0.9", "size": "110"}, {"price": "0.89", "size": "83"}, {"price": "0.84", "size": "125"}, {"price": "0.83", "size": "5.88"}], "event_type": "book", "last_trade_price": ""}, {"market": "0x6a142a479d8f0ca6b0171c1968d42f6d8366c07725ea022c8093e8af5eeeb25a", "asset_id": "77766815883821475515514562991218009676144236903902261464344375491040121752787", "timestamp": "1769384274924", "hash": "619b5e45b1d17e7d8ea21b76ee2877afd3ea6eac", "bids": [{"price": "0.01", "size": "571.38"}, {"price": "0.02", "size": "402.17"}, {"price": "0.03", "size": "20.48"}], "asks": [{"price": "0.99", "size": "569.87"}, {"price": "0.98", "size": "156.69"}, {"price": "0.97", "size": "81.18"}, {"price": "0.96", "size": "12.05"}, {"price": "0.95", "size": "5.47"}], "event_type": "book", "last_trade_price": ""}]}
