{"_local_timestamp": "2026-01-25T23:41:08.869273+00:00", "data": [{"market": "0xf17f58f100ad4a78d4fc4c06cac7f9fee347641de9f9b2aa2d7c162d32f8cf61", "asset_id": "29141024914526869911988345735382209484389468743986525136400902242286726882655", "timestamp": "1769382483672", "hash": "160952605a2fb3bc33dd4e820a15b17a38a68ebc", "bids": [{"price": "0.01", "size": "664.79"}, {"price": "0.02", "size": "163.72"}, {"price": "0.03", "size": "75"}, {"price": "0.04", "size": "6.21"}, {"price": "0.05", "size": "30"}, {"price": "0.06", "size": "43.95"}], "asks": [{"price": "0.99", "size": "668.81"}, {"price": "0.98", "size": "183.94"}, {"price": "0.97", "size": "131.07"}, {"price": "0.95", "size": "46.01"}], "event_type": "book", "last_trade_price": ""}, {"market": "0xdb5dd472fa74892bd73f016f3fe7dd5c30b1f391742a0adb132b29750412a8e4", "asset_id": "87076202049947640463863861966858494391115184113322397022467922205483130340779", "timestamp": "1769382738892", "hash": "518afcaebcbc327a7cb04f6ddc2c05c9599ef511", "bids": [{"price": "0.01", "size": "569.87"}, {"price": "0.02", "size": "156.69"}, {"price": "0.03", "size": "86.68"}, {"price": "0.05", "size": "11.81"}], "asks": [{"price": "0.99", "size": "571.38"}, {"price": "0.98", "size": "395.17"}, {"price": "0.97", "size": "18.22"}], "event_type": "book", "last_trade_price": ""}, {"market": "0xdb5dd472fa74892bd73f016f3fe7dd5c30b1f391742a0adb132b29750412a8e4", "asset_id": "13131830164723694893969636666190778193671059281175362182038563245320870157784", "timestamp": "1769382738892", "hash": "e94c22d2ddf806c2e2edaed53c76a74c7f6060ee", "bids": [{"price": "0.01", "size": "571.38"}, {"price": "0.02", "size": "395.17"}, {"price": "0.03", "size": "18.22"}], "asks": [{"price": "0.99", "size": "569.87"}, {"price": "0.98", "size": "156.69"}, {"price": "0.97", "size": "86.68"}, {"price": "0.95", "size": "11.81"}], "event_type": "book", "last_trade_price": ""}, {"market": "0xf17f58f100ad4a78d4fc4c06cac7f9fee347641de9f9b2aa2d7c162d32f8cf61", "asset_id": "100345168310747664425556419739743914551776339858941651673900103505305984096175", "timestamp": "1769382483672", "hash": "d3a740a030510567cab7f08b50bfe9e92f628b91", "bids": [{"price": "0.01", "size": "668.81"}, {"price": "0.02", "size": "183.94"}, {"price": "0.03", "size": "131.07"}, {"price": "0.05", "size": "46.01"}], "asks": [{"price": "0.99", "size": "664.79"}, {"price": "0.98", "size": "163.72"}, {"price": "0.97", "size": "75"}, {"price": "0.96", "size": "6.21"}, {"price": "0.95", "size": "30"}, {"price": "0.94", "size": "43.95"}], "event_type": "book", "last_trade_price": ""}, {"market": "0x4e8c735e838f535e77903e4d404a34202c5c4fb35e9dfa770fa4533035b0384f", "asset_id": "32258364605584295979944078004442208330653593250105223531260957692875941415825", "timestamp": "1769382623713", "hash": "30ccb1ccb028921138ab66e504e76dffa38ee8ea", "bids": [{"price": "0.01", "size": "550"}, {"price": "0.02", "size": "385"}], "asks": [{"price": "0.99", "size": "569.87"}, {"price": "0.98", "size": "156.69"}, {"price": "0.97", "size": "86.68"}, {"price": "0.95", "size": "11.81"}], "event_type": "book", "last_trade_price": ""}, {"market": "0x11089536e51f4c1bd20bbd740ecf62dd37bad5878b51a31f86f4ffdc87f6d480", "asset_id": "19245544436540223500267510141111851663863628261770868888976580705451341424956", "timestamp": "1769384359508", "hash": "81adb57c124361cc47535e075190d7f8dddb0f5c", "bids": [{"price": "0.01", "size": "569.87"}, {"price": "0.02", "size": "156.69"}, {"price": "0.03", "size": "81.18"}, {"price": "0.05", "size": "15.11"}], "asks": [{"price": "0.99", "size": "550"}, {"price": "0.98", "size": "385"}], "event_type": "book", "last_trade_price": ""}, {"market": "0x600185232ad309f2b51633eb433e296e3cd324ae393c087db5d6229625d9316c", "asset_id": "14137083874858769913307314275584198084448680295295139089561042487926776012043", "timestamp": "1769384391872", "hash": "cf8f48e23e3c87f0a9b35c622ff0e91f00f554e4", "bids": [{"price": "0.01", "size": "550"}, {"price": "0.02", "size": "385"}], "asks": [{"price": "0.99", "size": "570.16"}, {"price": "0.98", "size": "156.69"}, {"price": "0.97", "size": "80.96"}, {"price": "0.96", "size": "17.61"}], "event_type": "book", "last_trade_price": ""}, {"market": "0x600185232ad309f2b51633eb433e296e3cd324ae393c087db5d6229625d9316c", "asset_id": "45158196550314598950322192220424344017865401253681007192686504081724083694499", "timestamp": "1769384391872", "hash": "dc44dd7fde4fa324cb12ec3ba24de61c5a5216e3", "bids": [{"price": "0.01", "size": "570.16"}, {"price": "0.02", "size": "156.69"}, {"price": "0.03", "size": "80.96"}, {"price": "0.04", "size": "17.61"}], "asks": [{"price": "0.99", "size": "550"}, {"price": "0.98", "size": "385"}], "event_type": "book", "last_trade_price": ""}, {"market": "0x11089536e51f4c1bd20bbd740ecf62dd37bad5878b51a31f86f4ffdc87f6d480", "asset_id": "112732722938706265080194334909117643514288013138327878784300506987909177667645", "timestamp": "1769384359508", "hash": "30ed461b10bdee255c86e4f5711249271f8c1049", "bids": [{"price": "0.01", "size": "550"}, {"price": "0.02", "size": "385"}], "asks": [{"price": "0.99", "size": "569.87"}, {"price": "0.98", "size": "156.69"}, {"price": "0.97", "size": "81.18"}, {"price": "0.95", "size": "15.11"}], "event_type": "book", "last_trade_price": ""}, {"market": "0x4e8c735e838f535e77903e4d404a34202c5c4fb35e9dfa770fa4533035b0384f", "asset_id": "40705402805082927653456852855743898795880055794209452857287455344144681474947", "timestamp": "1769382623713", "hash": "c0b40fbd455098f3c17fa98d32baf3f5d5975687", "bids": [{"price": "0.01", "size": "569.87"}, {"price": "0.02", "size": "156.69"}, {"price": "0.03", "size": "86.68"}, {"price": "0.05", "size": "11.81"}], "asks": [{"price": "0.99", "size": "550"}, {"price": "0.98", "size": "385"}], "event_type": "book", "last_trade_price": ""}]}
