{"_local_timestamp": "2026-01-25T23:33:48.822714+00:00", "data": [{"market": "0x78897e564c0b0a11c9bf3d470703191ddbe3e7e9c04dc4da3fb2556bc1d21471", "asset_id": "71210069247888949150023718442328695612796580087127356080432182704137720985873", "timestamp": "1769382484880", "hash": "fcf193b2d535ce09bd3d15ffcbdcf7b259dc0d6b", "bids": [{"price": "0.01", "size": "527.55"}, {"price": "0.02", "size": "930.96"}, {"price": "0.03", "size": "264.05"}, {"price": "0.06", "size": "53.77"}], "asks": [{"price": "0.99", "size": "124.3"}, {"price": "0.98", "size": "156.31"}, {"price": "0.97", "size": "17.24"}, {"price": "0.96", "size": "500"}, {"price": "0.95", "size": "230"}, {"price": "0.94", "size": "33"}, {"price": "0.93", "size": "7.65"}, {"price": "0.9", "size": "130"}, {"price": "0.89", "size": "165"}, {"price": "0.88", "size": "5.65"}, {"price": "0.79", "size": "10"}], "event_type": "book", "last_trade_price": ""}, {"market": "0x671d5fe38cfaaa0c0b7321f957203c9ef517db9852ba44efdde4c6982b930325", "asset_id": "55687751017546196757180684366608125771725942620955727786399517914878964958273", "timestamp": "1769382587035", "hash": "297c8d3f7d5e772d812158f823421f85a71899cb", "bids": [{"price": "0.01", "size": "1016.29"}, {"price": "0.02", "size": "156.89"}, {"price": "0.03", "size": "12.5"}, {"price": "0.04", "size": "500"}, {"price": "0.05", "size": "230"}, {"price": "0.06", "size": "33"}, {"price": "0.07", "size": "6.56"}, {"price": "0.1", "size": "130"}, {"price": "0.11", "size": "165"}, {"price": "0.12", "size": "7.37"}, {"price": "0.21", "size": "10"}], "asks": [{"price": "0.99", "size": "1419.55"}, {"price": "0.98", "size": "930.97"}, {"price": "0.97", "size": "14.05"}, {"price": "0.94", "size": "163"}, {"price": "0.93", "size": "19.67"}], "event_type": "book", "last_trade_price": ""}, {"market": "0x608bd7962962dbc78cd4c334e183a30e59aed967a44d87e6b767bdb9b122389e", "asset_id": "58570780383670300142346973305492626276744872030220314982155506694605002825547", "timestamp": "1769382893966", "hash": "3a5a365e927a79e36825d0aee512b7308ffc26bd", "bids": [{"price": "0.01", "size": "1015.37"}, {"price": "0.02", "size": "156.44"}, {"price": "0.03", "size": "15.53"}, {"price": "0.04", "size": "300"}, {"price": "0.05", "size": "430"}, {"price": "0.06", "size": "33"}, {"price": "0.07", "size": "8.52"}, {"price": "0.1", "size": "130"}, {"price": "0.11", "size": "65"}, {"price": "0.12", "size": "91.66"}, {"price": "0.13", "size": "5.19"}, {"price": "0.23", "size": "10"}], "asks": [{"price": "0.99", "size": "1419.55"}, {"price": "0.98", "size": "930.97"}, {"price": "0.97", "size": "264.05"}, {"price": "0.94", "size": "53.77"}], "event_type": "book", "last_trade_price": ""}, {"market": "0x608bd7962962dbc78cd4c334e183a30e59aed967a44d87e6b767bdb9b122389e", "asset_id": "51306107915433824679445984786175605098956189074928671244535328680882389131113", "timestamp": "1769382893966", "hash": "2e624607dc5083eccfd5948e9fdbacbe024f8869", "bids": [{"price": "0.01", "size": "1419.55"}, {"price": "0.02", "size": "930.97"}, {"price": "0.03", "size": "264.05"}, {"price": "0.06", "size": "53.77"}], "asks": [{"price": "0.99", "size": "1015.37"}, {"price": "0.98", "size": "156.44"}, {"price": "0.97", "size": "15.53"}, {"price": "0.96", "size": "300"}, {"price": "0.95", "size": "430"}, {"price": "0.94", "size": "33"}, {"price": "0.93", "size": "8.52"}, {"price": "0.9", "size": "130"}, {"price": "0.89", "size": "65"}, {"price": "0.88", "size": "91.66"}, {"price": "0.87", "size": "5.19"}, {"price": "0.77", "size": "10"}], "event_type": "book", "last_trade_price": ""}, {"market": "0x78897e564c0b0a11c9bf3d470703191ddbe3e7e9c04dc4da3fb2556bc1d21471", "asset_id": "8076256433771354075988614091286680894810801839513825565012944584627122905188", "timestamp": "1769382484880", "hash": "cb471d58f9c601c9e532149c825a345780f2103c", "bids": [{"price": "0.01", "size": "124.3"}, {"price": "0.02", "size": "156.31"}, {"price": "0.03", "size": "17.24"}, {"price": "0.04", "size": "500"}, {"price": "0.05", "size": "230"}, {"price": "0.06", "size": "33"}, {"price": "0.07", "size": "7.65"}, {"price": "0.1", "size": "130"}, {"price": "0.11", "size": "165"}, {"price": "0.12", "size": "5.65"}, {"price": "0.21", "size": "10"}], "asks": [{"price": "0.99", "size": "527.55"}, {"price": "0.98", "size": "930.96"}, {"price": "0.97", "size": "264.05"}, {"price": "0.94", "size": "53.77"}], "event_type": "book", "last_trade_price": ""}, {"market": "0x671d5fe38cfaaa0c0b7321f957203c9ef517db9852ba44efdde4c6982b930325", "asset_id": "109843282891019926033760072504246359372720139069303045742630275784411105433876", "timestamp": "1769382587035", "hash": "4609e1d7e4cdf88c153b42a8b6b950640041c7e5", "bids": [{"price": "0.01", "size": "1419.55"}, {"price": "0.02", "size": "930.97"}, {"price": "0.03", "size": "14.05"}, {"price": "0.06", "size": "163"}, {"price": "0.07", "size": "19.67"}], "asks": [{"price": "0.99", "size": "1016.29"}, {"price": "0.98", "size": "156.89"}, {"price": "0.97", "size": "12.5"}, {"price": "0.96", "size": "500"}, {"price": "0.95", "size": "230"}, {"price": "0.94", "size": "33"}, {"price": "0.93", "size": "6.56"}, {"price": "0.9", "size": "130"}, {"price": "0.89", "size": "165"}, {"price": "0.88", "size": "7.37"}, {"price": "0.79", "size": "10"}], "event_type": "book", "last_trade_price": ""}]}
{"_local_timestamp": "2026-01-25T23:35:36.167362+00:00", "data": {"market": "0x671d5fe38cfaaa0c0b7321f957203c9ef517db9852ba44efdde4c6982b930325", "price_changes": [{"asset_id": "55687751017546196757180684366608125771725942620955727786399517914878964958273", "price": "0.12", "size": "0", "side": "BUY", "hash": "a7c86efee63076b6a38745e41ad25f84c5b2bac1", "best_bid": "0.21", "best_ask": "0.93"}, {"asset_id": "109843282891019926033760072504246359372720139069303045742630275784411105433876", "price": "0.88", "size": "0", "side": "SELL", "hash": "43692e9a92eb03af2065ca4941942bf64d13f94a", "best_bid": "0.07", "best_ask": "0.79"}], "timestamp": "1769384136100", "event_type": "price_change"}}
{"_local_timestamp": "2026-01-25T23:35:39.479060+00:00", "data": {"market": "0x671d5fe38cfaaa0c0b7321f957203c9ef517db9852ba44efdde4c6982b930325", "price_changes": [{"asset_id": "55687751017546196757180684366608125771725942620955727786399517914878964958273", "price": "0.13", "size": "6.8", "side": "BUY", "hash": "282cd07e90aa7f587d56d3bb3aab9b2a65249ec2", "best_bid": "0.21", "best_ask": "0.93"}, {"asset_id": "109843282891019926033760072504246359372720139069303045742630275784411105433876", "price": "0.87", "size": "6.8", "side": "SELL", "hash": "e27836052f21a2344c4ff51ad13e0b5e69c51563", "best_bid": "0.07", "best_ask": "0.79"}], "timestamp": "1769384139403", "event_type": "price_change"}}
