{"_local_timestamp": "2026-01-25T23:33:48.805110+00:00", "data": [{"market": "0xa134a5ac641e69ee81227bca2859da0b2f2b443f360167cdce09ca816811361b", "asset_id": "68697115831139895977644204197830019225482575400421081350201758724888580698357", "timestamp": "1769383349796", "hash": "64e2a4b62f0cf2de850a3d1e6f596133bf76ea67", "bids": [{"price": "0.01", "size": "1016.29"}, {"price": "0.02", "size": "156.89"}, {"price": "0.03", "size": "16.8"}, {"price": "0.04", "size": "300"}, {"price": "0.05", "size": "430"}, {"price": "0.06", "size": "33"}, {"price": "0.07", "size": "7.65"}, {"price": "0.08", "size": "162.5"}, {"price": "0.09", "size": "61.11"}, {"price": "0.11", "size": "98"}, {"price": "0.12", "size": "5.66"}, {"price": "0.21", "size": "10"}], "asks": [{"price": "0.99", "size": "1419.55"}, {"price": "0.98", "size": "930.97"}, {"price": "0.97", "size": "264.05"}, {"price": "0.94", "size": "53.47"}], "event_type": "book", "last_trade_price": ""}, {"market": "0x49af40a8c01445b8364d873470d5f7d1e796e826a78bb897bdb0b3751e613785", "asset_id": "17205161373761184564642903406427931492594060146659257362106908848414769492671", "timestamp": "1769382483678", "hash": "d99cd2f2745c8eb988596ab9338bc621959034e4", "bids": [{"price": "0.01", "size": "1014.96"}, {"price": "0.02", "size": "156.25"}, {"price": "0.03", "size": "18.7"}, {"price": "0.05", "size": "330"}, {"price": "0.06", "size": "358"}, {"price": "0.07", "size": "75"}, {"price": "0.08", "size": "14.8"}, {"price": "0.1", "size": "11"}, {"price": "0.12", "size": "108.33"}, {"price": "0.13", "size": "84.61"}, {"price": "0.24", "size": "10"}], "asks": [{"price": "0.99", "size": "1419.55"}, {"price": "0.98", "size": "930.97"}, {"price": "0.97", "size": "14.05"}, {"price": "0.94", "size": "178.7"}, {"price": "0.93", "size": "10.57"}], "event_type": "book", "last_trade_price": ""}, {"market": "0xd61b9979e3ec484d9cd03962bcbd57965e7069f1259503ee78494ab3a23a4091", "asset_id": "111837964129749504377484868022180880797667875188267634719265350739438976605790", "timestamp": "1769383470243", "hash": "e7281f62b7260e355d4a18c348491bad3d39be1b", "bids": [{"price": "0.01", "size": "124.3"}, {"price": "0.02", "size": "156.89"}, {"price": "0.03", "size": "16.81"}, {"price": "0.04", "size": "300"}, {"price": "0.05", "size": "355"}, {"price": "0.06", "size": "108"}, {"price": "0.07", "size": "7.65"}, {"price": "0.08", "size": "162.5"}, {"price": "0.09", "size": "61.11"}, {"price": "0.11", "size": "98"}, {"price": "0.12", "size": "5.65"}, {"price": "0.21", "size": "10"}], "asks": [{"price": "0.99", "size": "527.55"}, {"price": "0.98", "size": "930.96"}, {"price": "0.97", "size": "264.05"}, {"price": "0.94", "size": "38.47"}], "event_type": "book", "last_trade_price": ""}, {"market": "0xd61b9979e3ec484d9cd03962bcbd57965e7069f1259503ee78494ab3a23a4091", "asset_id": "92145168401585046032717695206571853839234880469835693265296563089189826023281", "timestamp": "1769383470243", "hash": "357379c0e6e13365af4ccee4a4e5ecf416e22418", "bids": [{"price": "0.01", "size": "527.55"}, {"price": "0.02", "size": "930.96"}, {"price": "0.03", "size": "264.05"}, {"price": "0.06", "size": "38.47"}], "asks": [{"price": "0.99", "size": "124.3"}, {"price": "0.98", "size": "156.89"}, {"price": "0.97", "size": "16.81"}, {"price": "0.96", "size": "300"}, {"price": "0.95", "size": "355"}, {"price": "0.94", "size": "108"}, {"price": "0.93", "size": "7.65"}, {"price": "0.92", "size": "162.5"}, {"price": "0.91", "size": "61.11"}, {"price": "0.89", "size": "98"}, {"price": "0.88", "size": "5.65"}, {"price": "0.79", "size": "10"}], "event_type": "book", "last_trade_price": ""}, {"market": "0x49af40a8c01445b8364d873470d5f7d1e796e826a78bb897bdb0b3751e613785", "asset_id": "108088215604273752308848971162035726138507332762202254859290649338496407010557", "timestamp": "1769382483678", "hash": "b82612a142f45148229fcafe0b6ad09a12b29346", "bids": [{"price": "0.01", "size": "1419.55"}, {"price": "0.02", "size": "930.97"}, {"price": "0.03", "size": "14.05"}, {"price": "0.06", "size": "178.7"}, {"price": "0.07", "size": "10.57"}], "asks": [{"price": "0.99", "size": "1014.96"}, {"price": "0.98", "size": "156.25"}, {"price": "0.97", "size": "18.7"}, {"price": "0.95", "size": "330"}, {"price": "0.94", "size": "358"}, {"price": "0.93", "size": "75"}, {"price": "0.92", "size": "14.8"}, {"price": "0.9", "size": "11"}, {"price": "0.88", "size": "108.33"}, {"price": "0.87", "size": "84.61"}, {"price": "0.76", "size": "10"}], "event_type": "book", "last_trade_price": ""}, {"market": "0xa134a5ac641e69ee81227bca2859da0b2f2b443f360167cdce09ca816811361b", "asset_id": "92513547365865514001942055008823055185089931847344274610258859121851667244756", "timestamp": "1769383349796", "hash": "57f00b68ed646643539a7925153dc5eb3a427f3b", "bids": [{"price": "0.01", "size": "1419.55"}, {"price": "0.02", "size": "930.97"}, {"price": "0.03", "size": "264.05"}, {"price": "0.06", "size": "53.47"}], "asks": [{"price": "0.99", "size": "1016.29"}, {"price": "0.98", "size": "156.89"}, {"price": "0.97", "size": "16.8"}, {"price": "0.96", "size": "300"}, {"price": "0.95", "size": "430"}, {"price": "0.94", "size": "33"}, {"price": "0.93", "size": "7.65"}, {"price": "0.92", "size": "162.5"}, {"price": "0.91", "size": "61.11"}, {"price": "0.89", "size": "98"}, {"price": "0.88", "size": "5.66"}, {"price": "0.79", "size": "10"}], "event_type": "book", "last_trade_price": ""}]}
