{"_local_timestamp": "2026-01-25T23:40:49.008794+00:00", "data": [{"market": "0x3b99955ede8b12a56131361fc2773a9a2fbf1fd4fa1667606e00e7a311a40afe", "asset_id": "102601387054071911302601727826516104290520845526156330708000677862951938592894", "timestamp": "1769368474048", "hash": "0d56d2fcbc607dadcadb197e6998c1122d0d8857", "bids": [{"price": "0.01", "size": "10"}, {"price": "0.05", "size": "20"}, {"price": "0.06", "size": "38.28"}], "asks": [{"price": "0.99", "size": "60"}, {"price": "0.95", "size": "30"}, {"price": "0.94", "size": "33"}], "event_type": "book", "last_trade_price": ""}, {"market": "0x9402e9bd64ea35dd2b68d035f8f2210027ecbee0b91e8009a51c7fa9462a635a", "asset_id": "78687382401592095016572794769856875131978576576979667717243365241974146803839", "timestamp": "1769381467102", "hash": "b50fd9a06b6f0795432ce7ee222d497ebd9827a5", "bids": [{"price": "0.01", "size": "160"}, {"price": "0.02", "size": "80"}, {"price": "0.05", "size": "30"}, {"price": "0.06", "size": "41.33"}], "asks": [{"price": "0.99", "size": "60"}, {"price": "0.97", "size": "16"}, {"price": "0.95", "size": "20"}, {"price": "0.94", "size": "47.94"}], "event_type": "book", "last_trade_price": ""}, {"market": "0x9402e9bd64ea35dd2b68d035f8f2210027ecbee0b91e8009a51c7fa9462a635a", "asset_id": "496884840014998555915254352346354828187051342113977754168648471357575543241", "timestamp": "1769381467102", "hash": "999be795f0f7b1360648bbc3731205fea59f5f4a", "bids": [{"price": "0.01", "size": "60"}, {"price": "0.03", "size": "16"}, {"price": "0.05", "size": "20"}, {"price": "0.06", "size": "47.94"}], "asks": [{"price": "0.99", "size": "160"}, {"price": "0.98", "size": "80"}, {"price": "0.95", "size": "30"}, {"price": "0.94", "size": "41.33"}], "event_type": "book", "last_trade_price": ""}, {"market": "0xc121c55325f37df2b2a1bf37ed41494a14d865be20d12590a680c8d890cc08cc", "asset_id": "55617671693242760675900863039470777946978895355954849887170052497115394905821", "timestamp": "1769368476720", "hash": "4f7163ee3649a76632a77156b37798ac65b035b0", "bids": [{"price": "0.01", "size": "110"}, {"price": "0.02", "size": "60"}, {"price": "0.04", "size": "25"}, {"price": "0.05", "size": "46.4"}], "asks": [{"price": "0.99", "size": "60"}, {"price": "0.98", "size": "25"}, {"price": "0.95", "size": "20"}, {"price": "0.94", "size": "33"}], "event_type": "book", "last_trade_price": ""}, {"market": "0xb8863c39d18eb1e74702eba1dcb18635df9b9ff62c0ffcfae1cab35038f2d19a", "asset_id": "15013404805521730983901399325237234465598485938325728644851875687366738819232", "timestamp": "1769368474046", "hash": "a16413d02e31359f59edf44f31eaf0c39644b7d3", "bids": [{"price": "0.01", "size": "60"}, {"price": "0.02", "size": "25"}, {"price": "0.05", "size": "20"}, {"price": "0.06", "size": "33"}], "asks": [{"price": "0.99", "size": "110"}, {"price": "0.98", "size": "62"}, {"price": "0.95", "size": "20"}, {"price": "0.94", "size": "39.6"}], "event_type": "book", "last_trade_price": ""}, {"market": "0x2f6796f92c0155569e8ba16bf6939ddd8c8f712860c89a6f618fbfa34de31e9e", "asset_id": "66160073574817876445958215377711080706888340278702857929885223383019861819566", "timestamp": "1769368474046", "hash": "508e7f75e5ac30dee67a173f3429cb3004ea7b01", "bids": [{"price": "0.01", "size": "110"}, {"price": "0.02", "size": "62"}, {"price": "0.05", "size": "20"}, {"price": "0.06", "size": "33"}], "asks": [{"price": "0.99", "size": "110"}, {"price": "0.98", "size": "64"}, {"price": "0.96", "size": "25"}, {"price": "0.95", "size": "48"}], "event_type": "book", "last_trade_price": ""}, {"market": "0xcba22c3de41fe129d4f5035fd95a47ab5b91c489b091740a9c3d6c51431520e5", "asset_id": "40230901889993322200472768005189978751826392635937199004145285982045112719112", "timestamp": "1769381467307", "hash": "2bca1376344a7d71e53319f6118e1f67c69fd296", "bids": [{"price": "0.01", "size": "110"}, {"price": "0.02", "size": "62"}, {"price": "0.05", "size": "25.81"}], "asks": [{"price": "0.99", "size": "110"}, {"price": "0.98", "size": "62"}, {"price": "0.95", "size": "20"}, {"price": "0.94", "size": "47.93"}], "event_type": "book", "last_trade_price": ""}, {"market": "0xc121c55325f37df2b2a1bf37ed41494a14d865be20d12590a680c8d890cc08cc", "asset_id": "10502280409263349151226477556242205850159175888248066538599076951423869405019", "timestamp": "1769368476720", "hash": "e3b6ed82b5f60809a973a5f88429ae2c43d5a9e4", "bids": [{"price": "0.01", "size": "60"}, {"price": "0.02", "size": "25"}, {"price": "0.05", "size": "20"}, {"price": "0.06", "size": "33"}], "asks": [{"price": "0.99", "size": "110"}, {"price": "0.98", "size": "60"}, {"price": "0.96", "size": "25"}, {"price": "0.95", "size": "46.4"}], "event_type": "book", "last_trade_price": ""}, {"market": "0x9d1e2e0c3afd066180d3e7ae742142e2291d7d66b481be6a78ddb899378f2584", "asset_id": "69861805071060879974687739703437662106621484232846530809771978980696565317216", "timestamp": "1769368474047", "hash": "b80820692059e900b7470e3c2941ee9f594d9a41", "bids": [{"price": "0.01", "size": "110"}, {"price": "0.02", "size": "62"}, {"price": "0.05", "size": "20"}, {"price": "0.06", "size": "33"}], "asks": [{"price": "0.99", "size": "110"}, {"price": "0.98", "size": "62"}, {"price": "0.95", "size": "20"}, {"price": "0.94", "size": "33"}], "event_type": "book", "last_trade_price": ""}, {"market": "0xe273314ec70ccaa216c30e3ef35c919c6c9ce7afcd05f1925d662bc3685ae3f0", "asset_id": "43643985494165799885670606837915694203645372255547098332333725815945760808947", "timestamp": "1769368476145", "hash": "814fe5fd264f7177e4a90755a092bf4ee7afa136", "bids": [{"price": "0.01", "size": "60"}, {"price": "0.03", "size": "16"}, {"price": "0.05", "size": "20"}, {"price": "0.06", "size": "38.28"}], "asks": [{"price": "0.99", "size": "60"}, {"price": "0.96", "size": "12"}, {"price": "0.95", "size": "20"}, {"price": "0.94", "size": "33"}], "event_type": "book", "last_trade_price": ""}, {"market": "0x3b99955ede8b12a56131361fc2773a9a2fbf1fd4fa1667606e00e7a311a40afe", "asset_id": "79165576901076081330573761343625931541816486606532527285634166443643613799668", "timestamp": "1769368474048", "hash": "b5968500ceead327cc2784d220d73be161b51e20", "bids": [{"price": "0.01", "size": "60"}, {"price": "0.05", "size": "30"}, {"price": "0.06", "size": "33"}], "asks": [{"price": "0.99", "size": "10"}, {"price": "0.95", "size": "20"}, {"price": "0.94", "size": "38.28"}], "event_type": "book", "last_trade_price": ""}, {"market": "0xcba22c3de41fe129d4f5035fd95a47ab5b91c489b091740a9c3d6c51431520e5", "asset_id": "63034456531678735543632323312296988074662053267298874972453562975055920836520", "timestamp": "1769381467307", "hash": "0047d9d8cd2251de0a0a36c9c76786b6f1c1d7dd", "bids": [{"price": "0.01", "size": "110"}, {"price": "0.02", "size": "62"}, {"price": "0.05", "size": "20"}, {"price": "0.06", "size": "47.93"}], "asks": [{"price": "0.99", "size": "110"}, {"price": "0.98", "size": "62"}, {"price": "0.95", "size": "25.81"}], "event_type": "book", "last_trade_price": ""}, {"market": "0xe273314ec70ccaa216c30e3ef35c919c6c9ce7afcd05f1925d662bc3685ae3f0", "asset_id": "69827386289951697918017134180293880012508844173057245913513625928018114918855", "timestamp": "1769368476145", "hash": "890088b4af3f83065f8a7fa938dbf00a3ea75da9", "bids": [{"price": "0.01", "size": "60"}, {"price": "0.04", "size": "12"}, {"price": "0.05", "size": "20"}, {"price": "0.06", "size": "33"}], "asks": [{"price": "0.99", "size": "60"}, {"price": "0.97", "size": "16"}, {"price": "0.95", "size": "20"}, {"price": "0.94", "size": "38.28"}], "event_type": "book", "last_trade_price": ""}, {"market": "0xcc2f05769ca8ffd66b43f5d45b86626c554ea8d7a83d4545b97163472f14971d", "asset_id": "16960762695659296984237064856156078617458623614386319273487676425000478561638", "timestamp": "1769368474048", "hash": "7dfbef9d10a5171e7348aec1eb20a5060ff612da", "bids": [{"price": "0.01", "size": "110"}, {"price": "0.02", "size": "62"}, {"price": "0.05", "size": "20"}, {"price": "0.06", "size": "33"}], "asks": [{"price": "0.99", "size": "110"}, {"price": "0.98", "size": "62"}, {"price": "0.95", "size": "20"}, {"price": "0.94", "size": "39.6"}], "event_type": "book", "last_trade_price": ""}, {"market": "0xb3037da1fbb230e238c8ce909f54d274ad5fadaae0039e9371378e0481753108", "asset_id": "94475855353196199635862553298431343074841612331839642007578945549137591348471", "timestamp": "1769368474046", "hash": "88faa0f1d73f1b58a18aa17af58e27b0d05d931f", "bids": [{"price": "0.01", "size": "110"}, {"price": "0.02", "size": "62"}, {"price": "0.05", "size": "20"}, {"price": "0.06", "size": "39.6"}], "asks": [{"price": "0.99", "size": "110"}, {"price": "0.98", "size": "62"}, {"price": "0.95", "size": "20"}, {"price": "0.94", "size": "33"}], "event_type": "book", "last_trade_price": ""}, {"market": "0xedefe737258afc0a0fb908b9c0f63d075ed469a8262af67f28782673f8938b1f", "asset_id": "87128327210208569281548608084720234239157537776017363804411094140161500542319", "timestamp": "1769368474047", "hash": "be9027464906051a21853d602a37c319a44432f9", "bids": [{"price": "0.01", "size": "110"}, {"price": "0.02", "size": "62"}, {"price": "0.05", "size": "20"}, {"price": "0.06", "size": "38.28"}], "asks": [{"price": "0.99", "size": "60"}, {"price": "0.97", "size": "16"}, {"price": "0.95", "size": "20"}, {"price": "0.94", "size": "33"}], "event_type": "book", "last_trade_price": ""}, {"market": "0xb8863c39d18eb1e74702eba1dcb18635df9b9ff62c0ffcfae1cab35038f2d19a", "asset_id": "57478933398539989700678595313891507709455823476764537822966541886952131809486", "timestamp": "1769368474046", "hash": "7591e51063662ca2bb855c974df3e626517470ff", "bids": [{"price": "0.01", "size": "110"}, {"price": "0.02", "size": "62"}, {"price": "0.05", "size": "20"}, {"price": "0.06", "size": "39.6"}], "asks": [{"price": "0.99", "size": "60"}, {"price": "0.98", "size": "25"}, {"price": "0.95", "size": "20"}, {"price": "0.94", "size": "33"}], "event_type": "book", "last_trade_price": ""}, {"market": "0xedefe737258afc0a0fb908b9c0f63d075ed469a8262af67f28782673f8938b1f", "asset_id": "12798714466643054509256046062366413781473333397818628497348791940875508763296", "timestamp": "1769368474047", "hash": "080eefd4041c9122536218a26c922f4b17d638e1", "bids": [{"price": "0.01", "size": "60"}, {"price": "0.03", "size": "16"}, {"price": "0.05", "size": "20"}, {"price": "0.06", "size": "33"}], "asks": [{"price": "0.99", "size": "110"}, {"price": "0.98", "size": "62"}, {"price": "0.95", "size": "20"}, {"price": "0.94", "size": "38.28"}], "event_type": "book", "last_trade_price": ""}, {"market": "0xfb68bdcb4cd3c5b7f7c5838dd3e4787e4ae293ef49a219581c4e50219ace7271", "asset_id": "15574343486723582546764655372846002146228805145736879899743680138053278286065", "timestamp": "1769368474046", "hash": "a2077965b920f8b4caaa38a9ef52ec7de4551cf9", "bids": [{"price": "0.01", "size": "110"}, {"price": "0.02", "size": "64"}, {"price": "0.04", "size": "25"}, {"price": "0.05", "size": "48"}], "asks": [{"price": "0.99", "size": "110"}, {"price": "0.98", "size": "62"}, {"price": "0.95", "size": "20"}, {"price": "0.94", "size": "33"}], "event_type": "book", "last_trade_price": ""}, {"market": "0x9d1e2e0c3afd066180d3e7ae742142e2291d7d66b481be6a78ddb899378f2584", "asset_id": "61378969743246336024101081580272694784744925198445838196968513289633657271287", "timestamp": "1769368474047", "hash": "69543d4a84045a7634fdbf9edde4bfa1a51196ce", "bids": [{"price": "0.01", "size": "110"}, {"price": "0.02", "size": "62"}, {"price": "0.05", "size": "20"}, {"price": "0.06", "size": "33"}], "asks": [{"price": "0.99", "size": "110"}, {"price": "0.98", "size": "62"}, {"price": "0.95", "size": "20"}, {"price": "0.94", "size": "33"}], "event_type": "book", "last_trade_price": ""}, {"market": "0xcc2f05769ca8ffd66b43f5d45b86626c554ea8d7a83d4545b97163472f14971d", "asset_id": "7241961191378368397486922911073937828248516277887607483927692992903063930339", "timestamp": "1769368474048", "hash": "6d7628cad1c6d38271e862fcb137e750cbf24c14", "bids": [{"price": "0.01", "size": "110"}, {"price": "0.02", "size": "62"}, {"price": "0.05", "size": "20"}, {"price": "0.06", "size": "39.6"}], "asks": [{"price": "0.99", "size": "110"}, {"price": "0.98", "size": "62"}, {"price": "0.95", "size": "20"}, {"price": "0.94", "size": "33"}], "event_type": "book", "last_trade_price": ""}, {"market": "0x2f6796f92c0155569e8ba16bf6939ddd8c8f712860c89a6f618fbfa34de31e9e", "asset_id": "1668554110305950720355327886372083064800290526966154850311037876691885125241", "timestamp": "1769368474046", "hash": "401ee8cb597db5478db071a150451282bd3ad67f", "bids": [{"price": "0.01", "size": "110"}, {"price": "0.02", "size": "64"}, {"price": "0.04", "size": "25"}, {"price": "0.05", "size": "48"}], "asks": [{"price": "0.99", "size": "110"}, {"price": "0.98", "size": "62"}, {"price": "0.95", "size": "20"}, {"price": "0.94", "size": "33"}], "event_type": "book", "last_trade_price": ""}, {"market": "0xb3037da1fbb230e238c8ce909f54d274ad5fadaae0039e9371378e0481753108", "asset_id": "39598146431385902007931350414242613251977054607565616344766469136560548456794", "timestamp": "1769368474046", "hash": "b57782dcf62def57a4d3a66e2ec3bdbb782693ff", "bids": [{"price": "0.01", "size": "110"}, {"price": "0.02", "size": "62"}, {"price": "0.05", "size": "20"}, {"price": "0.06", "size": "33"}], "asks": [{"price": "0.99", "size": "110"}, {"price": "0.98", "size": "62"}, {"price": "0.95", "size": "20"}, {"price": "0.94", "size": "39.6"}], "event_type": "book", "last_trade_price": ""}, {"market": "0xfb68bdcb4cd3c5b7f7c5838dd3e4787e4ae293ef49a219581c4e50219ace7271", "asset_id": "9234282502723274420364608536830284998121832372049865603326082634865478020273", "timestamp": "1769368474046", "hash": "b5b5d719c7d184487d6f2ff99e2035f0f9fdb50a", "bids": [{"price": "0.01", "size": "110"}, {"price": "0.02", "size": "62"}, {"price": "0.05", "size": "20"}, {"price": "0.06", "size": "33"}], "asks": [{"price": "0.99", "size": "110"}, {"price": "0.98", "size": "64"}, {"price": "0.96", "size": "25"}, {"price": "0.95", "size": "48"}], "event_type": "book", "last_trade_price": ""}]}
