{"_local_timestamp": "2026-01-25T23:41:07.949794+00:00", "data": [{"market": "0x65da6cfa872fdd0a9f62f90e6e51301e4fbf2b645b121b4c4d07b9e85269c126", "asset_id": "81790138600501795674720961946673494107849516160517787056476341143655284747257", "timestamp": "1769384424985", "hash": "6b8d915faadca1274c219d5c5bb4d78deae83cf0", "bids": [{"price": "0.01", "size": "358.83"}, {"price": "0.02", "size": "850"}, {"price": "0.03", "size": "30.28"}, {"price": "0.11", "size": "300"}, {"price": "0.12", "size": "200"}, {"price": "0.13", "size": "225"}, {"price": "0.14", "size": "75"}, {"price": "0.16", "size": "68.75"}, {"price": "0.17", "size": "39.31"}, {"price": "0.23", "size": "56.52"}, {"price": "0.24", "size": "316.66"}, {"price": "0.39", "size": "10"}, {"price": "0.4", "size": "19"}], "asks": [{"price": "0.99", "size": "350.34"}, {"price": "0.98", "size": "150"}, {"price": "0.97", "size": "5.94"}, {"price": "0.96", "size": "1000"}, {"price": "0.95", "size": "355"}, {"price": "0.94", "size": "75"}, {"price": "0.93", "size": "10.96"}, {"price": "0.9", "size": "130"}, {"price": "0.89", "size": "100"}, {"price": "0.87", "size": "216"}, {"price": "0.8", "size": "10"}, {"price": "0.76", "size": "147"}], "event_type": "book", "last_trade_price": ""}, {"market": "0xc2575bd92a42e8db1848409ded9b75ca33b2c8e5a7926963fc16b467baeec0e0", "asset_id": "79511959774577536537987093612510768092143917901905948908304741447627903773397", "timestamp": "1769384424957", "hash": "a1cdfccdc48746b00ee2fee24ab3073e048ed4f1", "bids": [{"price": "0.01", "size": "269.35"}, {"price": "0.02", "size": "150"}, {"price": "0.03", "size": "7.52"}, {"price": "0.05", "size": "30"}, {"price": "0.06", "size": "9.62"}, {"price": "0.1", "size": "300"}, {"price": "0.11", "size": "200"}, {"price": "0.12", "size": "125"}, {"price": "0.13", "size": "159.61"}, {"price": "0.14", "size": "7.16"}, {"price": "0.16", "size": "79"}, {"price": "0.2", "size": "144"}, {"price": "0.37", "size": "10"}, {"price": "0.38", "size": "19"}], "asks": [{"price": "0.99", "size": "260.03"}, {"price": "0.98", "size": "150"}, {"price": "0.97", "size": "5.76"}, {"price": "0.96", "size": "1000"}, {"price": "0.95", "size": "355"}, {"price": "0.94", "size": "75"}, {"price": "0.93", "size": "5.61"}, {"price": "0.9", "size": "130"}, {"price": "0.89", "size": "100"}, {"price": "0.87", "size": "216"}, {"price": "0.79", "size": "10"}, {"price": "0.74", "size": "159"}], "event_type": "book", "last_trade_price": ""}, {"market": "0xf58b8738c2fb2fbf3b773f0772a4283277f34b865463f907eda56407b88c92e5", "asset_id": "22071987195894837341706533300357255043501848508844269746756650261059717068723", "timestamp": "1769384424957", "hash": "2712fce8ddd28c7df724d2350db486a2f3cd9a3d", "bids": [{"price": "0.01", "size": "360.77"}, {"price": "0.02", "size": "850"}, {"price": "0.03", "size": "10.38"}, {"price": "0.05", "size": "30"}, {"price": "0.06", "size": "8.64"}, {"price": "0.08", "size": "300"}, {"price": "0.09", "size": "200"}, {"price": "0.1", "size": "125"}, {"price": "0.11", "size": "175"}, {"price": "0.12", "size": "245.02"}, {"price": "0.18", "size": "72.22"}, {"price": "0.23", "size": "158"}, {"price": "0.33", "size": "10"}, {"price": "0.34", "size": "158"}], "asks": [{"price": "0.99", "size": "340"}, {"price": "0.98", "size": "158.46"}, {"price": "0.96", "size": "625"}, {"price": "0.95", "size": "105"}, {"price": "0.94", "size": "8.28"}, {"price": "0.91", "size": "144.44"}, {"price": "0.9", "size": "182"}, {"price": "0.73", "size": "10"}], "event_type": "book", "last_trade_price": ""}, {"market": "0xf58b8738c2fb2fbf3b773f0772a4283277f34b865463f907eda56407b88c92e5", "asset_id": "92090609752262376527110532212755405627937598803428530384277057314101235915069", "timestamp": "1769384424957", "hash": "4b4c03a5f82b67c7a6f80791ece5a8cfe293acf1", "bids": [{"price": "0.01", "size": "340"}, {"price": "0.02", "size": "158.46"}, {"price": "0.04", "size": "625"}, {"price": "0.05", "size": "105"}, {"price": "0.06", "size": "8.28"}, {"price": "0.09", "size": "144.44"}, {"price": "0.1", "size": "182"}, {"price": "0.27", "size": "10"}], "asks": [{"price": "0.99", "size": "360.77"}, {"price": "0.98", "size": "850"}, {"price": "0.97", "size": "10.38"}, {"price": "0.95", "size": "30"}, {"price": "0.94", "size": "8.64"}, {"price": "0.92", "size": "300"}, {"price": "0.91", "size": "200"}, {"price": "0.9", "size": "125"}, {"price": "0.89", "size": "175"}, {"price": "0.88", "size": "245.02"}, {"price": "0.82", "size": "72.22"}, {"price": "0.77", "size": "158"}, {"price": "0.67", "size": "10"}, {"price": "0.66", "size": "158"}], "event_type": "book", "last_trade_price": ""}, {"market": "0x65da6cfa872fdd0a9f62f90e6e51301e4fbf2b645b121b4c4d07b9e85269c126", "asset_id": "23862843891166595054499839822786421802137605159077265828258676344489655056704", "timestamp": "1769384424985", "hash": "e909d08005e47646fb8a633ef28850ef395594aa", "bids": [{"price": "0.01", "size": "350.34"}, {"price": "0.02", "size": "150"}, {"price": "0.03", "size": "5.94"}, {"price": "0.04", "size": "1000"}, {"price": "0.05", "size": "355"}, {"price": "0.06", "size": "75"}, {"price": "0.07", "size": "10.96"}, {"price": "0.1", "size": "130"}, {"price": "0.11", "size": "100"}, {"price": "0.13", "size": "216"}, {"price": "0.2", "size": "10"}, {"price": "0.24", "size": "147"}], "asks": [{"price": "0.99", "size": "358.83"}, {"price": "0.98", "size": "850"}, {"price": "0.97", "size": "30.28"}, {"price": "0.89", "size": "300"}, {"price": "0.88", "size": "200"}, {"price": "0.87", "size": "225"}, {"price": "0.86", "size": "75"}, {"price": "0.84", "size": "68.75"}, {"price": "0.83", "size": "39.31"}, {"price": "0.77", "size": "56.52"}, {"price": "0.76", "size": "316.66"}, {"price": "0.61", "size": "10"}, {"price": "0.6", "size": "19"}], "event_type": "book", "last_trade_price": ""}, {"market": "0xc2575bd92a42e8db1848409ded9b75ca33b2c8e5a7926963fc16b467baeec0e0", "asset_id": "86918825344862734441934399097408443032695358299726148681263563907967977912332", "timestamp": "1769384424957", "hash": "37fbc35ee6faaca0bf6564982261453acf124a75", "bids": [{"price": "0.01", "size": "260.03"}, {"price": "0.02", "size": "150"}, {"price": "0.03", "size": "5.76"}, {"price": "0.04", "size": "1000"}, {"price": "0.05", "size": "355"}, {"price": "0.06", "size": "75"}, {"price": "0.07", "size": "5.61"}, {"price": "0.1", "size": "130"}, {"price": "0.11", "size": "100"}, {"price": "0.13", "size": "216"}, {"price": "0.21", "size": "10"}, {"price": "0.26", "size": "159"}], "asks": [{"price": "0.99", "size": "269.35"}, {"price": "0.98", "size": "150"}, {"price": "0.97", "size": "7.52"}, {"price": "0.95", "size": "30"}, {"price": "0.94", "size": "9.62"}, {"price": "0.9", "size": "300"}, {"price": "0.89", "size": "200"}, {"price": "0.88", "size": "125"}, {"price": "0.87", "size": "159.61"}, {"price": "0.86", "size": "7.16"}, {"price": "0.84", "size": "79"}, {"price": "0.8", "size": "144"}, {"price": "0.63", "size": "10"}, {"price": "0.62", "size": "19"}], "event_type": "book", "last_trade_price": ""}]}
{"_local_timestamp": "2026-01-25T23:41:22.883695+00:00", "data": {"market": "0x65da6cfa872fdd0a9f62f90e6e51301e4fbf2b645b121b4c4d07b9e85269c126", "price_changes": [{"asset_id": "23862843891166595054499839822786421802137605159077265828258676344489655056704", "price": "0.14", "size": "8.5", "side": "BUY", "hash": "d22f8c933f250c6d0fc93be04d19cfbc6fc115b8", "best_bid": "0.24", "best_ask": "0.6"}, {"asset_id": "81790138600501795674720961946673494107849516160517787056476341143655284747257", "price": "0.86", "size": "8.5", "side": "SELL", "hash": "b86b0a2093bbbef4373e6141495bb0192fdd4413", "best_bid": "0.4", "best_ask": "0.76"}], "timestamp": "1769384482780", "event_type": "price_change"}}
{"_local_timestamp": "2026-01-25T23:41:22.893617+00:00", "data": {"market": "0x65da6cfa872fdd0a9f62f90e6e51301e4fbf2b645b121b4c4d07b9e85269c126", "price_changes": [{"asset_id": "81790138600501795674720961946673494107849516160517787056476341143655284747257", "price": "0.25", "size": "8.5", "side": "BUY", "hash": "6e5b71e481c3782ba8feb38a246dc209d0ab3549", "best_bid": "0.4", "best_ask": "0.76"}, {"asset_id": "23862843891166595054499839822786421802137605159077265828258676344489655056704", "price": "0.75", "size": "8.5", "side": "SELL", "hash": "77dbeca66e70976b33ec4f18afcf435e4134e312", "best_bid": "0.24", "best_ask": "0.6"}], "timestamp": "1769384482780", "event_type": "price_change"}}
{"_local_timestamp": "2026-01-25T23:41:49.052360+00:00", "data": {"market": "0x65da6cfa872fdd0a9f62f90e6e51301e4fbf2b645b121b4c4d07b9e85269c126", "price_changes": [{"asset_id": "81790138600501795674720961946673494107849516160517787056476341143655284747257", "price": "0.24", "size": "0", "side": "BUY", "hash": "0f2d3dda6077c540014792eb2469b9c53d783fff", "best_bid": "0.4", "best_ask": "0.76"}, {"asset_id": "23862843891166595054499839822786421802137605159077265828258676344489655056704", "price": "0.76", "size": "0", "side": "SELL", "hash": "62c1457373556356aad274a5ef30380be99258c9", "best_bid": "0.24", "best_ask": "0.6"}], "timestamp": "1769384508969", "event_type": "price_change"}}
{"_local_timestamp": "2026-01-25T23:42:26.684678+00:00", "data": {"market": "0x65da6cfa872fdd0a9f62f90e6e51301e4fbf2b645b121b4c4d07b9e85269c126", "price_changes": [{"asset_id": "81790138600501795674720961946673494107849516160517787056476341143655284747257", "price": "0.26", "size": "316.66", "side": "BUY", "hash": "8e672a5526b736c12784b1d200e244268d680bf8", "best_bid": "0.4", "best_ask": "0.76"}, {"asset_id": "23862843891166595054499839822786421802137605159077265828258676344489655056704", "price": "0.74", "size": "316.66", "side": "SELL", "hash": "4a6b6c866cdf849d1016e7dc64ca79bb54cfbe3e", "best_bid": "0.24", "best_ask": "0.6"}], "timestamp": "1769384546481", "event_type": "price_change"}}
{"_local_timestamp": "2026-01-25T23:42:26.685596+00:00", "data": {"market": "0x65da6cfa872fdd0a9f62f90e6e51301e4fbf2b645b121b4c4d07b9e85269c126", "price_changes": [{"asset_id": "81790138600501795674720961946673494107849516160517787056476341143655284747257", "price": "0.25", "size": "325.16", "side": "BUY", "hash": "b0966fbd31178c850f3fa57f230d78a3d1272644", "best_bid": "0.4", "best_ask": "0.76"}, {"asset_id": "23862843891166595054499839822786421802137605159077265828258676344489655056704", "price": "0.75", "size": "325.16", "side": "SELL", "hash": "eb3e62d95be0b34cdba1ed234ab9ceb9ea5d6551", "best_bid": "0.24", "best_ask": "0.6"}], "timestamp": "1769384546484", "event_type": "price_change"}}
{"_local_timestamp": "2026-01-25T23:42:33.635479+00:00", "data": {"market": "0x65da6cfa872fdd0a9f62f90e6e51301e4fbf2b645b121b4c4d07b9e85269c126", "price_changes": [{"asset_id": "81790138600501795674720961946673494107849516160517787056476341143655284747257", "price": "0.25", "size": "316.66", "side": "BUY", "hash": "86a389b7bd60403e1b12ccd1888eeb07f317956c", "best_bid": "0.4", "best_ask": "0.76"}, {"asset_id": "23862843891166595054499839822786421802137605159077265828258676344489655056704", "price": "0.75", "size": "316.66", "side": "SELL", "hash": "4157953441c1afdcce5a69cc0f96233a21632b6c", "best_bid": "0.24", "best_ask": "0.6"}], "timestamp": "1769384553446", "event_type": "price_change"}}
{"_local_timestamp": "2026-01-25T23:42:33.672997+00:00", "data": {"market": "0x65da6cfa872fdd0a9f62f90e6e51301e4fbf2b645b121b4c4d07b9e85269c126", "price_changes": [{"asset_id": "81790138600501795674720961946673494107849516160517787056476341143655284747257", "price": "0.18", "size": "8.5", "side": "BUY", "hash": "dbffe299d7971cc91d7f91337b6c47964b0f880d", "best_bid": "0.4", "best_ask": "0.76"}, {"asset_id": "23862843891166595054499839822786421802137605159077265828258676344489655056704", "price": "0.82", "size": "8.5", "side": "SELL", "hash": "b6c33a610375fbb0d882bb29a8a43433b8473226", "best_bid": "0.24", "best_ask": "0.6"}], "timestamp": "1769384553483", "event_type": "price_change"}}
{"_local_timestamp": "2026-01-25T23:42:43.316245+00:00", "data": {"market": "0x65da6cfa872fdd0a9f62f90e6e51301e4fbf2b645b121b4c4d07b9e85269c126", "price_changes": [{"asset_id": "81790138600501795674720961946673494107849516160517787056476341143655284747257", "price": "0.25", "size": "0", "side": "BUY", "hash": "29d17b1a1bea8bef45bddf3da8af084240075502", "best_bid": "0.4", "best_ask": "0.76"}, {"asset_id": "23862843891166595054499839822786421802137605159077265828258676344489655056704", "price": "0.75", "size": "0", "side": "SELL", "hash": "627c6d7ca232901ba946257654abf49ed8ff85ec", "best_bid": "0.24", "best_ask": "0.6"}], "timestamp": "1769384563144", "event_type": "price_change"}}
{"_local_timestamp": "2026-01-25T23:43:00.899287+00:00", "data": {"market": "0x65da6cfa872fdd0a9f62f90e6e51301e4fbf2b645b121b4c4d07b9e85269c126", "price_changes": [{"asset_id": "81790138600501795674720961946673494107849516160517787056476341143655284747257", "price": "0.18", "size": "0", "side": "BUY", "hash": "6a3add117e12b6eddb1530d4005c60cdd9bc71c1", "best_bid": "0.4", "best_ask": "0.76"}, {"asset_id": "23862843891166595054499839822786421802137605159077265828258676344489655056704", "price": "0.82", "size": "0", "side": "SELL", "hash": "8485df37eaacfa1f84f6732b2a9a10995d541bdc", "best_bid": "0.24", "best_ask": "0.6"}], "timestamp": "1769384580760", "event_type": "price_change"}}
{"_local_timestamp": "2026-01-25T23:43:00.929630+00:00", "data": {"market": "0x65da6cfa872fdd0a9f62f90e6e51301e4fbf2b645b121b4c4d07b9e85269c126", "price_changes": [{"asset_id": "81790138600501795674720961946673494107849516160517787056476341143655284747257", "price": "0.27", "size": "8.5", "side": "BUY", "hash": "4d6a4bf9cbae7969730a10f9c80a877b8f678928", "best_bid": "0.4", "best_ask": "0.76"}, {"asset_id": "23862843891166595054499839822786421802137605159077265828258676344489655056704", "price": "0.73", "size": "8.5", "side": "SELL", "hash": "bcc9649546e3a1bef75d884984472c46afee1861", "best_bid": "0.24", "best_ask": "0.6"}], "timestamp": "1769384580795", "event_type": "price_change"}}
{"_local_timestamp": "2026-01-25T23:43:13.818487+00:00", "data": {"market": "0x65da6cfa872fdd0a9f62f90e6e51301e4fbf2b645b121b4c4d07b9e85269c126", "price_changes": [{"asset_id": "81790138600501795674720961946673494107849516160517787056476341143655284747257", "price": "0.02", "size": "150", "side": "BUY", "hash": "58602e0f635241fa2a592669713f5a6b90fa6996", "best_bid": "0.4", "best_ask": "0.76"}, {"asset_id": "23862843891166595054499839822786421802137605159077265828258676344489655056704", "price": "0.98", "size": "150", "side": "SELL", "hash": "9307e33c26b55f7056af01a68c007e7a1c285687", "best_bid": "0.24", "best_ask": "0.6"}], "timestamp": "1769384593691", "event_type": "price_change"}}
{"_local_timestamp": "2026-01-25T23:43:13.818881+00:00", "data": {"market": "0x65da6cfa872fdd0a9f62f90e6e51301e4fbf2b645b121b4c4d07b9e85269c126", "price_changes": [{"asset_id": "81790138600501795674720961946673494107849516160517787056476341143655284747257", "price": "0.13", "size": "125", "side": "BUY", "hash": "58602e0f635241fa2a592669713f5a6b90fa6996", "best_bid": "0.4", "best_ask": "0.76"}, {"asset_id": "23862843891166595054499839822786421802137605159077265828258676344489655056704", "price": "0.87", "size": "125", "side": "SELL", "hash": "9307e33c26b55f7056af01a68c007e7a1c285687", "best_bid": "0.24", "best_ask": "0.6"}], "timestamp": "1769384593691", "event_type": "price_change"}}
{"_local_timestamp": "2026-01-25T23:43:36.882353+00:00", "data": {"market": "0x65da6cfa872fdd0a9f62f90e6e51301e4fbf2b645b121b4c4d07b9e85269c126", "price_changes": [{"asset_id": "81790138600501795674720961946673494107849516160517787056476341143655284747257", "price": "0.26", "size": "0", "side": "BUY", "hash": "92430ffbebe3f6a0f5b51fe31dafe11232cb2096", "best_bid": "0.4", "best_ask": "0.76"}, {"asset_id": "23862843891166595054499839822786421802137605159077265828258676344489655056704", "price": "0.74", "size": "0", "side": "SELL", "hash": "c79fb4ac156b0a774a3b6c9596cd7e12dd8933f4", "best_bid": "0.24", "best_ask": "0.6"}], "timestamp": "1769384616740", "event_type": "price_change"}}
{"_local_timestamp": "2026-01-25T23:43:45.679488+00:00", "data": {"market": "0x65da6cfa872fdd0a9f62f90e6e51301e4fbf2b645b121b4c4d07b9e85269c126", "price_changes": [{"asset_id": "81790138600501795674720961946673494107849516160517787056476341143655284747257", "price": "0.27", "size": "0", "side": "BUY", "hash": "4f1f8822cedf0da0a5fc5cb6f31bc259c16e43bc", "best_bid": "0.4", "best_ask": "0.76"}, {"asset_id": "23862843891166595054499839822786421802137605159077265828258676344489655056704", "price": "0.73", "size": "0", "side": "SELL", "hash": "ca3293083fb5aa08a580627b0ba5ef58f3b3c9a0", "best_bid": "0.24", "best_ask": "0.6"}], "timestamp": "1769384625554", "event_type": "price_change"}}
{"_local_timestamp": "2026-01-25T23:43:45.680512+00:00", "data": {"market": "0x65da6cfa872fdd0a9f62f90e6e51301e4fbf2b645b121b4c4d07b9e85269c126", "price_changes": [{"asset_id": "23862843891166595054499839822786421802137605159077265828258676344489655056704", "price": "0.14", "size": "0", "side": "BUY", "hash": "eafd304d9b34633c9b83ac829b43df444d11aa8f", "best_bid": "0.24", "best_ask": "0.6"}, {"asset_id": "81790138600501795674720961946673494107849516160517787056476341143655284747257", "price": "0.86", "size": "0", "side": "SELL", "hash": "0ed40c660eff0f9b53b23aab75c12b152f9d64ac", "best_bid": "0.4", "best_ask": "0.76"}], "timestamp": "1769384625555", "event_type": "price_change"}}
