{"_local_timestamp": "2026-01-25T23:34:21.044504+00:00", "data": [{"market": "0xc0722b52052a974d30e7021929cfe1b28a42e07108f4889f547dcf35ca3f2a62", "asset_id": "88937096646516208144006743199382352395469403686769658800680945308213266390504", "timestamp": "1769384039408", "hash": "1162972e06dd4b618b7e7c9ed41406fef4cc86c4", "bids": [{"price": "0.01", "size": "495.17"}, {"price": "0.02", "size": "1550"}, {"price": "0.03", "size": "606.8"}, {"price": "0.07", "size": "9.91"}, {"price": "0.12", "size": "300"}, {"price": "0.14", "size": "200"}, {"price": "0.15", "size": "125"}, {"price": "0.16", "size": "75"}, {"price": "0.17", "size": "37"}, {"price": "0.19", "size": "8.5"}, {"price": "0.2", "size": "65"}, {"price": "0.21", "size": "52.38"}, {"price": "0.33", "size": "100"}], "asks": [{"price": "0.99", "size": "495.1"}, {"price": "0.98", "size": "1150"}, {"price": "0.97", "size": "9.45"}, {"price": "0.95", "size": "900"}, {"price": "0.91", "size": "500"}, {"price": "0.9", "size": "6.15"}, {"price": "0.81", "size": "500"}, {"price": "0.78", "size": "200"}, {"price": "0.76", "size": "125"}, {"price": "0.75", "size": "75"}, {"price": "0.74", "size": "37"}, {"price": "0.72", "size": "8.5"}, {"price": "0.71", "size": "44.82"}, {"price": "0.7", "size": "36.66"}, {"price": "0.43", "size": "100"}], "event_type": "book", "last_trade_price": ""}, {"market": "0xc0722b52052a974d30e7021929cfe1b28a42e07108f4889f547dcf35ca3f2a62", "asset_id": "77160532919268805911658522167560786172694652654664300444684548346107598804906", "timestamp": "1769384039408", "hash": "3dfbb073410625523b71010e8189ff8781a6606a", "bids": [{"price": "0.01", "size": "495.1"}, {"price": "0.02", "size": "1150"}, {"price": "0.03", "size": "9.45"}, {"price": "0.05", "size": "900"}, {"price": "0.09", "size": "500"}, {"price": "0.1", "size": "6.15"}, {"price": "0.19", "size": "500"}, {"price": "0.22", "size": "200"}, {"price": "0.24", "size": "125"}, {"price": "0.25", "size": "75"}, {"price": "0.26", "size": "37"}, {"price": "0.28", "size": "8.5"}, {"price": "0.29", "size": "44.82"}, {"price": "0.3", "size": "36.66"}, {"price": "0.57", "size": "100"}], "asks": [{"price": "0.99", "size": "495.17"}, {"price": "0.98", "size": "1550"}, {"price": "0.97", "size": "606.8"}, {"price": "0.93", "size": "9.91"}, {"price": "0.88", "size": "300"}, {"price": "0.86", "size": "200"}, {"price": "0.85", "size": "125"}, {"price": "0.84", "size": "75"}, {"price": "0.83", "size": "37"}, {"price": "0.81", "size": "8.5"}, {"price": "0.8", "size": "65"}, {"price": "0.79", "size": "52.38"}, {"price": "0.67", "size": "100"}], "event_type": "book", "last_trade_price": ""}]}
{"_local_timestamp": "2026-01-25T23:36:19.959332+00:00", "data": {"market": "0xc0722b52052a974d30e7021929cfe1b28a42e07108f4889f547dcf35ca3f2a62", "price_changes": [{"asset_id": "88937096646516208144006743199382352395469403686769658800680945308213266390504", "price": "0.01", "size": "485", "side": "BUY", "hash": "1c964f3c55bb04a463fcc750e1cd2d1a64d6cbf4", "best_bid": "0.33", "best_ask": "0.43"}, {"asset_id": "77160532919268805911658522167560786172694652654664300444684548346107598804906", "price": "0.99", "size": "485", "side": "SELL", "hash": "e61a2dfa2b40a301f4506e0a224a8fe588a611ff", "best_bid": "0.57", "best_ask": "0.67"}], "timestamp": "1769384179895", "event_type": "price_change"}}
{"_local_timestamp": "2026-01-25T23:36:19.962301+00:00", "data": {"market": "0xc0722b52052a974d30e7021929cfe1b28a42e07108f4889f547dcf35ca3f2a62", "price_changes": [{"asset_id": "88937096646516208144006743199382352395469403686769658800680945308213266390504", "price": "0.03", "size": "600", "side": "BUY", "hash": "1c964f3c55bb04a463fcc750e1cd2d1a64d6cbf4", "best_bid": "0.33", "best_ask": "0.43"}, {"asset_id": "77160532919268805911658522167560786172694652654664300444684548346107598804906", "price": "0.97", "size": "600", "side": "SELL", "hash": "e61a2dfa2b40a301f4506e0a224a8fe588a611ff", "best_bid": "0.57", "best_ask": "0.67"}], "timestamp": "1769384179895", "event_type": "price_change"}}
{"_local_timestamp": "2026-01-25T23:36:19.962673+00:00", "data": {"market": "0xc0722b52052a974d30e7021929cfe1b28a42e07108f4889f547dcf35ca3f2a62", "price_changes": [{"asset_id": "88937096646516208144006743199382352395469403686769658800680945308213266390504", "price": "0.07", "size": "0", "side": "BUY", "hash": "1c964f3c55bb04a463fcc750e1cd2d1a64d6cbf4", "best_bid": "0.33", "best_ask": "0.43"}, {"asset_id": "77160532919268805911658522167560786172694652654664300444684548346107598804906", "price": "0.93", "size": "0", "side": "SELL", "hash": "e61a2dfa2b40a301f4506e0a224a8fe588a611ff", "best_bid": "0.57", "best_ask": "0.67"}], "timestamp": "1769384179895", "event_type": "price_change"}}
{"_local_timestamp": "2026-01-25T23:36:20.952243+00:00", "data": {"market": "0xc0722b52052a974d30e7021929cfe1b28a42e07108f4889f547dcf35ca3f2a62", "price_changes": [{"asset_id": "88937096646516208144006743199382352395469403686769658800680945308213266390504", "price": "0.03", "size": "608.29", "side": "BUY", "hash": "7c75273db690d3d813a94c413a22cb0527167e88", "best_bid": "0.33", "best_ask": "0.43"}, {"asset_id": "77160532919268805911658522167560786172694652654664300444684548346107598804906", "price": "0.97", "size": "608.29", "side": "SELL", "hash": "d098e14c2f6b676a09b5eea83f3d444f8f555cc5", "best_bid": "0.57", "best_ask": "0.67"}], "timestamp": "1769384180882", "event_type": "price_change"}}
{"_local_timestamp": "2026-01-25T23:36:20.952626+00:00", "data": {"market": "0xc0722b52052a974d30e7021929cfe1b28a42e07108f4889f547dcf35ca3f2a62", "price_changes": [{"asset_id": "88937096646516208144006743199382352395469403686769658800680945308213266390504", "price": "0.01", "size": "495.17", "side": "BUY", "hash": "2f1472667667ec140f21b36e780645645c16a32e", "best_bid": "0.33", "best_ask": "0.43"}, {"asset_id": "77160532919268805911658522167560786172694652654664300444684548346107598804906", "price": "0.99", "size": "495.17", "side": "SELL", "hash": "0320ab4ed99dd1870cc52b2fee465106242130fa", "best_bid": "0.57", "best_ask": "0.67"}], "timestamp": "1769384180883", "event_type": "price_change"}}
{"_local_timestamp": "2026-01-25T23:36:20.952943+00:00", "data": {"market": "0xc0722b52052a974d30e7021929cfe1b28a42e07108f4889f547dcf35ca3f2a62", "price_changes": [{"asset_id": "88937096646516208144006743199382352395469403686769658800680945308213266390504", "price": "0.08", "size": "8.11", "side": "BUY", "hash": "433ace34f182646e7e1ba6d1d6a35025c10f1cb1", "best_bid": "0.33", "best_ask": "0.43"}, {"asset_id": "77160532919268805911658522167560786172694652654664300444684548346107598804906", "price": "0.92", "size": "8.11", "side": "SELL", "hash": "fc723c06c836feca46809ba9c9cda9ebe37918bb", "best_bid": "0.57", "best_ask": "0.67"}], "timestamp": "1769384180884", "event_type": "price_change"}}
{"_local_timestamp": "2026-01-25T23:36:21.399874+00:00", "data": {"market": "0xc0722b52052a974d30e7021929cfe1b28a42e07108f4889f547dcf35ca3f2a62", "price_changes": [{"asset_id": "88937096646516208144006743199382352395469403686769658800680945308213266390504", "price": "0.03", "size": "616.58", "side": "BUY", "hash": "3ec399c6eb681a32dc000278503ef9c21c103045", "best_bid": "0.33", "best_ask": "0.43"}, {"asset_id": "77160532919268805911658522167560786172694652654664300444684548346107598804906", "price": "0.97", "size": "616.58", "side": "SELL", "hash": "9f3be59881b36f6fec98e3bb03d3033a99e2de40", "best_bid": "0.57", "best_ask": "0.67"}], "timestamp": "1769384181330", "event_type": "price_change"}}
{"_local_timestamp": "2026-01-25T23:36:21.400366+00:00", "data": {"market": "0xc0722b52052a974d30e7021929cfe1b28a42e07108f4889f547dcf35ca3f2a62", "price_changes": [{"asset_id": "88937096646516208144006743199382352395469403686769658800680945308213266390504", "price": "0.01", "size": "505.34", "side": "BUY", "hash": "f21f054060702944abfab22271be321612ee5755", "best_bid": "0.33", "best_ask": "0.43"}, {"asset_id": "77160532919268805911658522167560786172694652654664300444684548346107598804906", "price": "0.99", "size": "505.34", "side": "SELL", "hash": "37aa3dfabef0febe4dc81b36992cecb07b827dc4", "best_bid": "0.57", "best_ask": "0.67"}], "timestamp": "1769384181331", "event_type": "price_change"}}
{"_local_timestamp": "2026-01-25T23:36:21.400749+00:00", "data": {"market": "0xc0722b52052a974d30e7021929cfe1b28a42e07108f4889f547dcf35ca3f2a62", "price_changes": [{"asset_id": "88937096646516208144006743199382352395469403686769658800680945308213266390504", "price": "0.08", "size": "16.22", "side": "BUY", "hash": "9a16e444e0709002bc6b963e4570175e6272a309", "best_bid": "0.33", "best_ask": "0.43"}, {"asset_id": "77160532919268805911658522167560786172694652654664300444684548346107598804906", "price": "0.92", "size": "16.22", "side": "SELL", "hash": "1f74ac7189a9611b8e0e7d6add00e779cfc188a1", "best_bid": "0.57", "best_ask": "0.67"}], "timestamp": "1769384181332", "event_type": "price_change"}}
{"_local_timestamp": "2026-01-25T23:37:03.458795+00:00", "data": {"market": "0xc0722b52052a974d30e7021929cfe1b28a42e07108f4889f547dcf35ca3f2a62", "price_changes": [{"asset_id": "88937096646516208144006743199382352395469403686769658800680945308213266390504", "price": "0.01", "size": "485", "side": "BUY", "hash": "54c980c5cfad38e896916627f217d77693b05da7", "best_bid": "0.33", "best_ask": "0.43"}, {"asset_id": "77160532919268805911658522167560786172694652654664300444684548346107598804906", "price": "0.99", "size": "485", "side": "SELL", "hash": "432e37063dd600301e16e7ea5ae77534cd9f579a", "best_bid": "0.57", "best_ask": "0.67"}], "timestamp": "1769384223390", "event_type": "price_change"}}
{"_local_timestamp": "2026-01-25T23:37:03.459215+00:00", "data": {"market": "0xc0722b52052a974d30e7021929cfe1b28a42e07108f4889f547dcf35ca3f2a62", "price_changes": [{"asset_id": "88937096646516208144006743199382352395469403686769658800680945308213266390504", "price": "0.03", "size": "600", "side": "BUY", "hash": "54c980c5cfad38e896916627f217d77693b05da7", "best_bid": "0.33", "best_ask": "0.43"}, {"asset_id": "77160532919268805911658522167560786172694652654664300444684548346107598804906", "price": "0.97", "size": "600", "side": "SELL", "hash": "432e37063dd600301e16e7ea5ae77534cd9f579a", "best_bid": "0.57", "best_ask": "0.67"}], "timestamp": "1769384223390", "event_type": "price_change"}}
{"_local_timestamp": "2026-01-25T23:37:03.459542+00:00", "data": {"market": "0xc0722b52052a974d30e7021929cfe1b28a42e07108f4889f547dcf35ca3f2a62", "price_changes": [{"asset_id": "88937096646516208144006743199382352395469403686769658800680945308213266390504", "price": "0.08", "size": "0", "side": "BUY", "hash": "54c980c5cfad38e896916627f217d77693b05da7", "best_bid": "0.33", "best_ask": "0.43"}, {"asset_id": "77160532919268805911658522167560786172694652654664300444684548346107598804906", "price": "0.92", "size": "0", "side": "SELL", "hash": "432e37063dd600301e16e7ea5ae77534cd9f579a", "best_bid": "0.57", "best_ask": "0.67"}], "timestamp": "1769384223390", "event_type": "price_change"}}
{"_local_timestamp": "2026-01-25T23:37:03.805157+00:00", "data": {"market": "0xc0722b52052a974d30e7021929cfe1b28a42e07108f4889f547dcf35ca3f2a62", "price_changes": [{"asset_id": "88937096646516208144006743199382352395469403686769658800680945308213266390504", "price": "0.04", "size": "20.91", "side": "BUY", "hash": "5399c87b8233ce3850a674d00d5c6296cc0b3ef5", "best_bid": "0.33", "best_ask": "0.43"}, {"asset_id": "77160532919268805911658522167560786172694652654664300444684548346107598804906", "price": "0.96", "size": "20.91", "side": "SELL", "hash": "af584b2aa43b23d24ac9cb2b76da0fb67a2ce213", "best_bid": "0.57", "best_ask": "0.67"}], "timestamp": "1769384223737", "event_type": "price_change"}}
{"_local_timestamp": "2026-01-25T23:37:03.805586+00:00", "data": {"market": "0xc0722b52052a974d30e7021929cfe1b28a42e07108f4889f547dcf35ca3f2a62", "price_changes": [{"asset_id": "88937096646516208144006743199382352395469403686769658800680945308213266390504", "price": "0.02", "size": "1555.58", "side": "BUY", "hash": "89b28553daf7a0a76b3366540bc9af0e75f15f44", "best_bid": "0.33", "best_ask": "0.43"}, {"asset_id": "77160532919268805911658522167560786172694652654664300444684548346107598804906", "price": "0.98", "size": "1555.58", "side": "SELL", "hash": "8c9bc60b2eff8184cb429d01f876c079540f5138", "best_bid": "0.57", "best_ask": "0.67"}], "timestamp": "1769384223738", "event_type": "price_change"}}
{"_local_timestamp": "2026-01-25T23:37:03.805891+00:00", "data": {"market": "0xc0722b52052a974d30e7021929cfe1b28a42e07108f4889f547dcf35ca3f2a62", "price_changes": [{"asset_id": "88937096646516208144006743199382352395469403686769658800680945308213266390504", "price": "0.01", "size": "490.17", "side": "BUY", "hash": "2e6a66a2a4343215dc5ef56c96af6f451aa7aec1", "best_bid": "0.33", "best_ask": "0.43"}, {"asset_id": "77160532919268805911658522167560786172694652654664300444684548346107598804906", "price": "0.99", "size": "490.17", "side": "SELL", "hash": "7c10a261e8df87a54c13ace1fffc5c97a0fc760c", "best_bid": "0.57", "best_ask": "0.67"}], "timestamp": "1769384223739", "event_type": "price_change"}}
