{"_local_timestamp": "2026-01-25T23:40:30.908359+00:00", "data": [{"market": "0x8645ca8814a9872bdbe5fb8c2b0cfe00e94af1c5015e04c0733b8248ba1400c5", "asset_id": "30045557523204767003433714108703074250765623874645412622340898193925199937131", "timestamp": "1769384230137", "hash": "f31a401b3c68b3546eff45dd8e3a339465c77e2e", "bids": [{"price": "0.001", "size": "25.81"}, {"price": "0.002", "size": "25.78"}, {"price": "0.003", "size": "400"}, {"price": "0.004", "size": "799.93"}, {"price": "0.005", "size": "391.87"}, {"price": "0.006", "size": "17.96"}], "asks": [{"price": "0.999", "size": "1120.13"}, {"price": "0.998", "size": "22.58"}, {"price": "0.99", "size": "33"}, {"price": "0.989", "size": "29.32"}, {"price": "0.95", "size": "30"}, {"price": "0.91", "size": "88"}, {"price": "0.909", "size": "6.89"}, {"price": "0.76", "size": "100"}, {"price": "0.75", "size": "100"}, {"price": "0.62", "size": "100"}, {"price": "0.57", "size": "100"}, {"price": "0.56", "size": "100"}, {"price": "0.54", "size": "100"}, {"price": "0.52", "size": "100"}, {"price": "0.5", "size": "100"}, {"price": "0.48", "size": "100"}, {"price": "0.47", "size": "100"}, {"price": "0.46", "size": "75.06"}, {"price": "0.43", "size": "100"}, {"price": "0.35", "size": "200"}, {"price": "0.31", "size": "200"}, {"price": "0.28", "size": "200"}, {"price": "0.27", "size": "200"}, {"price": "0.26", "size": "200"}, {"price": "0.25", "size": "200"}, {"price": "0.24", "size": "100"}, {"price": "0.23", "size": "200"}, {"price": "0.22", "size": "242.58"}, {"price": "0.21", "size": "250"}, {"price": "0.2", "size": "250"}, {"price": "0.17", "size": "200"}, {"price": "0.16", "size": "200"}, {"price": "0.159", "size": "493.88"}, {"price": "0.11", "size": "50"}, {"price": "0.02", "size": "142"}, {"price": "0.019", "size": "55.34"}, {"price": "0.018", "size": "44.97"}, {"price": "0.013", "size": "88.02"}, {"price": "0.012", "size": "38.69"}], "event_type": "book", "last_trade_price": "0.019"}, {"market": "0x8645ca8814a9872bdbe5fb8c2b0cfe00e94af1c5015e04c0733b8248ba1400c5", "asset_id": "29498488622267534811835572758051954376284683775662863236470107566953529871178", "timestamp": "1769384230137", "hash": "8ac35435357092e6c854c53067a243a65caff73c", "bids": [{"price": "0.001", "size": "1120.13"}, {"price": "0.002", "size": "22.58"}, {"price": "0.01", "size": "33"}, {"price": "0.011", "size": "29.32"}, {"price": "0.05", "size": "30"}, {"price": "0.09", "size": "88"}, {"price": "0.091", "size": "6.89"}, {"price": "0.24", "size": "100"}, {"price": "0.25", "size": "100"}, {"price": "0.38", "size": "100"}, {"price": "0.43", "size": "100"}, {"price": "0.44", "size": "100"}, {"price": "0.46", "size": "100"}, {"price": "0.48", "size": "100"}, {"price": "0.5", "size": "100"}, {"price": "0.52", "size": "100"}, {"price": "0.53", "size": "100"}, {"price": "0.54", "size": "75.06"}, {"price": "0.57", "size": "100"}, {"price": "0.65", "size": "200"}, {"price": "0.69", "size": "200"}, {"price": "0.72", "size": "200"}, {"price": "0.73", "size": "200"}, {"price": "0.74", "size": "200"}, {"price": "0.75", "size": "200"}, {"price": "0.76", "size": "100"}, {"price": "0.77", "size": "200"}, {"price": "0.78", "size": "242.58"}, {"price": "0.79", "size": "250"}, {"price": "0.8", "size": "250"}, {"price": "0.83", "size": "200"}, {"price": "0.84", "size": "200"}, {"price": "0.841", "size": "493.88"}, {"price": "0.89", "size": "50"}, {"price": "0.98", "size": "142"}, {"price": "0.981", "size": "55.34"}, {"price": "0.982", "size": "44.97"}, {"price": "0.987", "size": "88.02"}, {"price": "0.988", "size": "38.69"}], "asks": [{"price": "0.999", "size": "25.81"}, {"price": "0.998", "size": "25.78"}, {"price": "0.997", "size": "400"}, {"price": "0.996", "size": "799.93"}, {"price": "0.995", "size": "391.87"}, {"price": "0.994", "size": "17.96"}], "event_type": "book", "last_trade_price": "0.019"}, {"market": "0x7587fb2ba4c3e610ef825b688c300446bae6c05096b78cbc26656964ac123e1f", "asset_id": "76326412657062427671732951477193061632345314174766835586337075077158054342343", "timestamp": "1769384391979", "hash": "fe37dd4e86d12d65deddbe69292f2c00613f07ac", "bids": [{"price": "0.001", "size": "1123.41"}, {"price": "0.002", "size": "80.78"}, {"price": "0.01", "size": "33"}, {"price": "0.011", "size": "30"}, {"price": "0.05", "size": "30"}, {"price": "0.051", "size": "29.41"}, {"price": "0.41", "size": "1000"}, {"price": "0.59", "size": "500"}, {"price": "0.6", "size": "502.99"}, {"price": "0.631", "size": "5"}, {"price": "0.635", "size": "157"}, {"price": "0.84", "size": "8.96"}, {"price": "0.85", "size": "5"}, {"price": "0.853", "size": "45"}, {"price": "0.855", "size": "20"}, {"price": "0.856", "size": "20"}, {"price": "0.95", "size": "25"}, {"price": "0.983", "size": "200"}, {"price": "0.984", "size": "20"}], "asks": [{"price": "0.999", "size": "3994.37"}, {"price": "0.998", "size": "187"}, {"price": "0.997", "size": "300"}, {"price": "0.996", "size": "2051.82"}, {"price": "0.995", "size": "1151.56"}, {"price": "0.994", "size": "34.2"}], "event_type": "book", "last_trade_price": "0.995"}, {"market": "0x7587fb2ba4c3e610ef825b688c300446bae6c05096b78cbc26656964ac123e1f", "asset_id": "113285673064717571445553329186472699157563645758119931973910634583547981593302", "timestamp": "1769384391979", "hash": "4a330b7f487aa16937ad75419d85ea337d0a6b0e", "bids": [{"price": "0.001", "size": "3994.37"}, {"price": "0.002", "size": "187"}, {"price": "0.003", "size": "300"}, {"price": "0.004", "size": "2051.82"}, {"price": "0.005", "size": "1151.56"}, {"price": "0.006", "size": "34.2"}], "asks": [{"price": "0.999", "size": "1123.41"}, {"price": "0.998", "size": "80.78"}, {"price": "0.99", "size": "33"}, {"price": "0.989", "size": "30"}, {"price": "0.95", "size": "30"}, {"price": "0.949", "size": "29.41"}, {"price": "0.59", "size": "1000"}, {"price": "0.41", "size": "500"}, {"price": "0.4", "size": "502.99"}, {"price": "0.369", "size": "5"}, {"price": "0.365", "size": "157"}, {"price": "0.16", "size": "8.96"}, {"price": "0.15", "size": "5"}, {"price": "0.147", "size": "45"}, {"price": "0.145", "size": "20"}, {"price": "0.144", "size": "20"}, {"price": "0.05", "size": "25"}, {"price": "0.017", "size": "200"}, {"price": "0.016", "size": "20"}], "event_type": "book", "last_trade_price": "0.995"}]}
{"_local_timestamp": "2026-01-25T23:41:22.443249+00:00", "data": {"market": "0x7587fb2ba4c3e610ef825b688c300446bae6c05096b78cbc26656964ac123e1f", "price_changes": [{"asset_id": "76326412657062427671732951477193061632345314174766835586337075077158054342343", "price": "0.985", "size": "200", "side": "BUY", "hash": "26bd7efcab5a581c2c9abe4f7a994e4e32c21b3a", "best_bid": "0.985", "best_ask": "0.994"}, {"asset_id": "113285673064717571445553329186472699157563645758119931973910634583547981593302", "price": "0.015", "size": "200", "side": "SELL", "hash": "72b316662ea54695a1fc26db008fddec6e3991bf", "best_bid": "0.006", "best_ask": "0.015"}], "timestamp": "1769384482375", "event_type": "price_change"}}
{"_local_timestamp": "2026-01-25T23:41:22.444246+00:00", "data": {"market": "0x7587fb2ba4c3e610ef825b688c300446bae6c05096b78cbc26656964ac123e1f", "price_changes": [{"asset_id": "76326412657062427671732951477193061632345314174766835586337075077158054342343", "price": "0.984", "size": "220", "side": "BUY", "hash": "525412fc46ee1c211f1a0018f34d9e302ec9317f", "best_bid": "0.985", "best_ask": "0.994"}, {"asset_id": "113285673064717571445553329186472699157563645758119931973910634583547981593302", "price": "0.016", "size": "220", "side": "SELL", "hash": "a480007776c7d3632d6d932b1a4be1d8b1db0c5f", "best_bid": "0.006", "best_ask": "0.015"}], "timestamp": "1769384482376", "event_type": "price_change"}}
{"_local_timestamp": "2026-01-25T23:41:22.461349+00:00", "data": {"market": "0x7587fb2ba4c3e610ef825b688c300446bae6c05096b78cbc26656964ac123e1f", "price_changes": [{"asset_id": "76326412657062427671732951477193061632345314174766835586337075077158054342343", "price": "0.984", "size": "200", "side": "BUY", "hash": "4396bae69ee9dee58a74c9a5e06e8762264082c7", "best_bid": "0.985", "best_ask": "0.994"}, {"asset_id": "113285673064717571445553329186472699157563645758119931973910634583547981593302", "price": "0.016", "size": "200", "side": "SELL", "hash": "305c0b2d67435292a79c66dbdd01d8135be06c14", "best_bid": "0.006", "best_ask": "0.015"}], "timestamp": "1769384482394", "event_type": "price_change"}}
{"_local_timestamp": "2026-01-25T23:41:22.484183+00:00", "data": {"market": "0x7587fb2ba4c3e610ef825b688c300446bae6c05096b78cbc26656964ac123e1f", "price_changes": [{"asset_id": "76326412657062427671732951477193061632345314174766835586337075077158054342343", "price": "0.986", "size": "20", "side": "BUY", "hash": "35955cfd4dd434f3980471d7a18606d45012b0ef", "best_bid": "0.986", "best_ask": "0.994"}, {"asset_id": "113285673064717571445553329186472699157563645758119931973910634583547981593302", "price": "0.014", "size": "20", "side": "SELL", "hash": "02eb7a5523c0c08276024219fd7259c92b4a4131", "best_bid": "0.006", "best_ask": "0.014"}], "timestamp": "1769384482418", "event_type": "price_change"}}
{"_local_timestamp": "2026-01-25T23:41:22.524529+00:00", "data": {"market": "0x7587fb2ba4c3e610ef825b688c300446bae6c05096b78cbc26656964ac123e1f", "price_changes": [{"asset_id": "76326412657062427671732951477193061632345314174766835586337075077158054342343", "price": "0.853", "size": "25", "side": "BUY", "hash": "9c97befad15c540925bdc62a7f7b58cd66f494c5", "best_bid": "0.986", "best_ask": "0.994"}, {"asset_id": "113285673064717571445553329186472699157563645758119931973910634583547981593302", "price": "0.147", "size": "25", "side": "SELL", "hash": "bdcd41f934a4f77c48efaff1f456c200cfcfefdf", "best_bid": "0.006", "best_ask": "0.014"}], "timestamp": "1769384482452", "event_type": "price_change"}}
{"_local_timestamp": "2026-01-25T23:41:22.786586+00:00", "data": {"market": "0x7587fb2ba4c3e610ef825b688c300446bae6c05096b78cbc26656964ac123e1f", "price_changes": [{"asset_id": "76326412657062427671732951477193061632345314174766835586337075077158054342343", "price": "0.853", "size": "0", "side": "BUY", "hash": "59b272b07c8b58963b5443def3807b7cf0eeb891", "best_bid": "0.986", "best_ask": "0.994"}, {"asset_id": "113285673064717571445553329186472699157563645758119931973910634583547981593302", "price": "0.147", "size": "0", "side": "SELL", "hash": "a42391c05d36a23e800df10c1c4f0f1ad48a1553", "best_bid": "0.006", "best_ask": "0.014"}], "timestamp": "1769384482710", "event_type": "price_change"}}
{"_local_timestamp": "2026-01-25T23:41:36.771872+00:00", "data": {"market": "0x7587fb2ba4c3e610ef825b688c300446bae6c05096b78cbc26656964ac123e1f", "price_changes": [{"asset_id": "76326412657062427671732951477193061632345314174766835586337075077158054342343", "price": "0.985", "size": "0", "side": "BUY", "hash": "151fd489bc6151311def7142c82e3b6ce7067de3", "best_bid": "0.986", "best_ask": "0.994"}, {"asset_id": "113285673064717571445553329186472699157563645758119931973910634583547981593302", "price": "0.015", "size": "0", "side": "SELL", "hash": "4db3aa77d6775920cb3e85f769882236379befb8", "best_bid": "0.006", "best_ask": "0.014"}], "timestamp": "1769384496701", "event_type": "price_change"}}
{"_local_timestamp": "2026-01-25T23:41:36.774082+00:00", "data": {"market": "0x7587fb2ba4c3e610ef825b688c300446bae6c05096b78cbc26656964ac123e1f", "price_changes": [{"asset_id": "76326412657062427671732951477193061632345314174766835586337075077158054342343", "price": "0.984", "size": "0", "side": "BUY", "hash": "151fd489bc6151311def7142c82e3b6ce7067de3", "best_bid": "0.986", "best_ask": "0.994"}, {"asset_id": "113285673064717571445553329186472699157563645758119931973910634583547981593302", "price": "0.016", "size": "0", "side": "SELL", "hash": "4db3aa77d6775920cb3e85f769882236379befb8", "best_bid": "0.006", "best_ask": "0.014"}], "timestamp": "1769384496701", "event_type": "price_change"}}
{"_local_timestamp": "2026-01-25T23:41:39.685470+00:00", "data": {"market": "0x8645ca8814a9872bdbe5fb8c2b0cfe00e94af1c5015e04c0733b8248ba1400c5", "price_changes": [{"asset_id": "30045557523204767003433714108703074250765623874645412622340898193925199937131", "price": "0.013", "size": "29.99", "side": "SELL", "hash": "53f5926b2a9ccaa8e5fc603b27e267cf573f2396", "best_bid": "0.006", "best_ask": "0.012"}, {"asset_id": "29498488622267534811835572758051954376284683775662863236470107566953529871178", "price": "0.987", "size": "29.99", "side": "BUY", "hash": "ffc3b411f193bdffa42161e8673e1756d15abe6f", "best_bid": "0.988", "best_ask": "0.994"}], "timestamp": "1769384499604", "event_type": "price_change"}}
{"_local_timestamp": "2026-01-25T23:41:39.685933+00:00", "data": {"market": "0x8645ca8814a9872bdbe5fb8c2b0cfe00e94af1c5015e04c0733b8248ba1400c5", "price_changes": [{"asset_id": "30045557523204767003433714108703074250765623874645412622340898193925199937131", "price": "0.018", "size": "0", "side": "SELL", "hash": "53f5926b2a9ccaa8e5fc603b27e267cf573f2396", "best_bid": "0.006", "best_ask": "0.012"}, {"asset_id": "29498488622267534811835572758051954376284683775662863236470107566953529871178", "price": "0.982", "size": "0", "side": "BUY", "hash": "ffc3b411f193bdffa42161e8673e1756d15abe6f", "best_bid": "0.988", "best_ask": "0.994"}], "timestamp": "1769384499604", "event_type": "price_change"}}
{"_local_timestamp": "2026-01-25T23:41:39.923357+00:00", "data": {"market": "0x8645ca8814a9872bdbe5fb8c2b0cfe00e94af1c5015e04c0733b8248ba1400c5", "price_changes": [{"asset_id": "30045557523204767003433714108703074250765623874645412622340898193925199937131", "price": "0.012", "size": "83.67", "side": "SELL", "hash": "33f6ce4eadbafe4daf8690225f12654e0744a678", "best_bid": "0.006", "best_ask": "0.012"}, {"asset_id": "29498488622267534811835572758051954376284683775662863236470107566953529871178", "price": "0.988", "size": "83.67", "side": "BUY", "hash": "0f5d189561e8b8e2255a22894043863e838ed89a", "best_bid": "0.988", "best_ask": "0.994"}], "timestamp": "1769384499858", "event_type": "price_change"}}
{"_local_timestamp": "2026-01-25T23:41:39.933517+00:00", "data": {"market": "0x8645ca8814a9872bdbe5fb8c2b0cfe00e94af1c5015e04c0733b8248ba1400c5", "price_changes": [{"asset_id": "30045557523204767003433714108703074250765623874645412622340898193925199937131", "price": "0.011", "size": "58.03", "side": "SELL", "hash": "6a3c2b38c0cf4f3a7564b4da871293820e4f0b4f", "best_bid": "0.006", "best_ask": "0.011"}, {"asset_id": "29498488622267534811835572758051954376284683775662863236470107566953529871178", "price": "0.989", "size": "58.03", "side": "BUY", "hash": "b10c3269691e07717499d0ca5f02bdbba79013c2", "best_bid": "0.989", "best_ask": "0.994"}], "timestamp": "1769384499863", "event_type": "price_change"}}
{"_local_timestamp": "2026-01-25T23:41:39.994477+00:00", "data": {"market": "0x8645ca8814a9872bdbe5fb8c2b0cfe00e94af1c5015e04c0733b8248ba1400c5", "price_changes": [{"asset_id": "30045557523204767003433714108703074250765623874645412622340898193925199937131", "price": "0.004", "size": "819.93", "side": "BUY", "hash": "c1ed7f524fbfcceba4043ffff100979d00171f5b", "best_bid": "0.006", "best_ask": "0.011"}, {"asset_id": "29498488622267534811835572758051954376284683775662863236470107566953529871178", "price": "0.996", "size": "819.93", "side": "SELL", "hash": "019badc533d29d09164b9602b1e9986523652869", "best_bid": "0.989", "best_ask": "0.994"}], "timestamp": "1769384499929", "event_type": "price_change"}}
{"_local_timestamp": "2026-01-25T23:41:40.218356+00:00", "data": {"market": "0x8645ca8814a9872bdbe5fb8c2b0cfe00e94af1c5015e04c0733b8248ba1400c5", "price_changes": [{"asset_id": "30045557523204767003433714108703074250765623874645412622340898193925199937131", "price": "0.012", "size": "44.98", "side": "SELL", "hash": "bc8f5f49ad9b55f25b75d68774b3e2e1395f9503", "best_bid": "0.006", "best_ask": "0.011"}, {"asset_id": "29498488622267534811835572758051954376284683775662863236470107566953529871178", "price": "0.988", "size": "44.98", "side": "BUY", "hash": "033335b02510e015cad1ec218d5b895eb2ce87a2", "best_bid": "0.989", "best_ask": "0.994"}], "timestamp": "1769384500146", "event_type": "price_change"}}
{"_local_timestamp": "2026-01-25T23:41:40.514110+00:00", "data": {"market": "0x8645ca8814a9872bdbe5fb8c2b0cfe00e94af1c5015e04c0733b8248ba1400c5", "price_changes": [{"asset_id": "30045557523204767003433714108703074250765623874645412622340898193925199937131", "price": "0.01", "size": "38.69", "side": "SELL", "hash": "a3e9b5f135e08019a6c4719b59d1b89920887966", "best_bid": "0.006", "best_ask": "0.01"}, {"asset_id": "29498488622267534811835572758051954376284683775662863236470107566953529871178", "price": "0.99", "size": "38.69", "side": "BUY", "hash": "3b303c3a4aadf3d1bb73e721b075d3f4af1b140f", "best_bid": "0.99", "best_ask": "0.994"}], "timestamp": "1769384500442", "event_type": "price_change"}}
{"_local_timestamp": "2026-01-25T23:41:40.522701+00:00", "data": {"market": "0x8645ca8814a9872bdbe5fb8c2b0cfe00e94af1c5015e04c0733b8248ba1400c5", "price_changes": [{"asset_id": "30045557523204767003433714108703074250765623874645412622340898193925199937131", "price": "0.002", "size": "0", "side": "BUY", "hash": "482a5ccc49d4ee56c77d5923645053348a31c982", "best_bid": "0.006", "best_ask": "0.01"}, {"asset_id": "29498488622267534811835572758051954376284683775662863236470107566953529871178", "price": "0.998", "size": "0", "side": "SELL", "hash": "03a1ed7b6c19be88c6126d4a5567500edfdc8b29", "best_bid": "0.99", "best_ask": "0.994"}], "timestamp": "1769384500451", "event_type": "price_change"}}
{"_local_timestamp": "2026-01-25T23:41:40.523086+00:00", "data": {"market": "0x8645ca8814a9872bdbe5fb8c2b0cfe00e94af1c5015e04c0733b8248ba1400c5", "price_changes": [{"asset_id": "30045557523204767003433714108703074250765623874645412622340898193925199937131", "price": "0.004", "size": "793.52", "side": "BUY", "hash": "482a5ccc49d4ee56c77d5923645053348a31c982", "best_bid": "0.006", "best_ask": "0.01"}, {"asset_id": "29498488622267534811835572758051954376284683775662863236470107566953529871178", "price": "0.996", "size": "793.52", "side": "SELL", "hash": "03a1ed7b6c19be88c6126d4a5567500edfdc8b29", "best_bid": "0.99", "best_ask": "0.994"}], "timestamp": "1769384500451", "event_type": "price_change"}}
{"_local_timestamp": "2026-01-25T23:41:40.523330+00:00", "data": {"market": "0x8645ca8814a9872bdbe5fb8c2b0cfe00e94af1c5015e04c0733b8248ba1400c5", "price_changes": [{"asset_id": "30045557523204767003433714108703074250765623874645412622340898193925199937131", "price": "0.005", "size": "370.83", "side": "BUY", "hash": "482a5ccc49d4ee56c77d5923645053348a31c982", "best_bid": "0.006", "best_ask": "0.01"}, {"asset_id": "29498488622267534811835572758051954376284683775662863236470107566953529871178", "price": "0.995", "size": "370.83", "side": "SELL", "hash": "03a1ed7b6c19be88c6126d4a5567500edfdc8b29", "best_bid": "0.99", "best_ask": "0.994"}], "timestamp": "1769384500451", "event_type": "price_change"}}
{"_local_timestamp": "2026-01-25T23:41:40.562204+00:00", "data": {"market": "0x8645ca8814a9872bdbe5fb8c2b0cfe00e94af1c5015e04c0733b8248ba1400c5", "price_changes": [{"asset_id": "29498488622267534811835572758051954376284683775662863236470107566953529871178", "price": "0.987", "size": "0", "side": "BUY", "hash": "7e9989ec805241222da6d86ff90a9f1cb14565ee", "best_bid": "0.99", "best_ask": "0.994"}, {"asset_id": "30045557523204767003433714108703074250765623874645412622340898193925199937131", "price": "0.013", "size": "0", "side": "SELL", "hash": "983d1a63fcecef78ba746dbd5933d67087978dde", "best_bid": "0.006", "best_ask": "0.01"}], "timestamp": "1769384500487", "event_type": "price_change"}}
{"_local_timestamp": "2026-01-25T23:41:40.889957+00:00", "data": {"market": "0x8645ca8814a9872bdbe5fb8c2b0cfe00e94af1c5015e04c0733b8248ba1400c5", "price_changes": [{"asset_id": "30045557523204767003433714108703074250765623874645412622340898193925199937131", "price": "0.005", "size": "391.87", "side": "BUY", "hash": "60202270e6ea0b7a2b5e17546a99f13d7a51dd8d", "best_bid": "0.006", "best_ask": "0.01"}, {"asset_id": "29498488622267534811835572758051954376284683775662863236470107566953529871178", "price": "0.995", "size": "391.87", "side": "SELL", "hash": "73ef0da6a6b19684c6269a91524d6f00576d115e", "best_bid": "0.99", "best_ask": "0.994"}], "timestamp": "1769384500820", "event_type": "price_change"}}
{"_local_timestamp": "2026-01-25T23:41:40.905023+00:00", "data": {"market": "0x8645ca8814a9872bdbe5fb8c2b0cfe00e94af1c5015e04c0733b8248ba1400c5", "price_changes": [{"asset_id": "30045557523204767003433714108703074250765623874645412622340898193925199937131", "price": "0.002", "size": "25.78", "side": "BUY", "hash": "07c3b242a62135f23b4afcde286c59f93ea1fd7b", "best_bid": "0.006", "best_ask": "0.01"}, {"asset_id": "29498488622267534811835572758051954376284683775662863236470107566953529871178", "price": "0.998", "size": "25.78", "side": "SELL", "hash": "07a1e00c98948488b8d672407fd056ebdcda435e", "best_bid": "0.99", "best_ask": "0.994"}], "timestamp": "1769384500826", "event_type": "price_change"}}
{"_local_timestamp": "2026-01-25T23:41:40.905449+00:00", "data": {"market": "0x8645ca8814a9872bdbe5fb8c2b0cfe00e94af1c5015e04c0733b8248ba1400c5", "price_changes": [{"asset_id": "30045557523204767003433714108703074250765623874645412622340898193925199937131", "price": "0.004", "size": "819.93", "side": "BUY", "hash": "2d73cab757d160facad106d306c763eb60d443c3", "best_bid": "0.006", "best_ask": "0.01"}, {"asset_id": "29498488622267534811835572758051954376284683775662863236470107566953529871178", "price": "0.996", "size": "819.93", "side": "SELL", "hash": "f717f7a84e561902d666e54ca6c6e45cb5b5121c", "best_bid": "0.99", "best_ask": "0.994"}], "timestamp": "1769384500831", "event_type": "price_change"}}
