{"_local_timestamp": "2026-01-25T23:41:27.229595+00:00", "data": [{"market": "0x4c489256abd918e1522eeac761040b8e26710d56755dc0ac8370590b1f352b4b", "asset_id": "70802598325362172589992753295178001766745853615007680921688779483148468556366", "timestamp": "1769384234577", "hash": "304789d7e5e4f4a5d022c2c0ad074f38335a73c5", "bids": [{"price": "0.01", "size": "235.22"}, {"price": "0.02", "size": "260.42"}, {"price": "0.03", "size": "623.36"}, {"price": "0.04", "size": "15.63"}, {"price": "0.05", "size": "60"}, {"price": "0.06", "size": "33"}, {"price": "0.07", "size": "8.76"}, {"price": "0.08", "size": "158"}], "asks": [{"price": "0.99", "size": "614.69"}, {"price": "0.98", "size": "163.64"}, {"price": "0.97", "size": "66"}, {"price": "0.96", "size": "6.17"}, {"price": "0.95", "size": "60"}, {"price": "0.94", "size": "38.47"}], "event_type": "book", "last_trade_price": ""}, {"market": "0x5aa31c140a4f8084e435fca69bc6f9cd5e9d376ae4ec68ac38cebff229e2f4fa", "asset_id": "68292911749184720371424040097195524069158843805170598542171177169344241687921", "timestamp": "1769384233341", "hash": "4c457a336cf740b3eb38b607e010414184b5ae3f", "bids": [{"price": "0.01", "size": "229.43"}, {"price": "0.02", "size": "538.44"}, {"price": "0.03", "size": "440.58"}, {"price": "0.04", "size": "18.46"}, {"price": "0.05", "size": "60"}, {"price": "0.06", "size": "33"}, {"price": "0.07", "size": "56.87"}, {"price": "0.08", "size": "158"}], "asks": [{"price": "0.99", "size": "614.69"}, {"price": "0.98", "size": "163.64"}, {"price": "0.97", "size": "66"}, {"price": "0.96", "size": "82.17"}, {"price": "0.95", "size": "60"}, {"price": "0.94", "size": "38.47"}], "event_type": "book", "last_trade_price": ""}, {"market": "0x81b5044e1475a760bc7a914c2f98db9d9c706576dffe7419a218b276a7f29fb8", "asset_id": "102371283884853721024543393027872354904849970727347567448726939721615961034836", "timestamp": "1769384233340", "hash": "023eb9687d4f7a77e5b99387ccf857f045b1d291", "bids": [{"price": "0.01", "size": "614.69"}, {"price": "0.02", "size": "163.64"}, {"price": "0.03", "size": "66"}, {"price": "0.04", "size": "82.17"}, {"price": "0.05", "size": "60"}, {"price": "0.06", "size": "38.47"}], "asks": [{"price": "0.99", "size": "626.47"}, {"price": "0.98", "size": "263.62"}, {"price": "0.97", "size": "17.22"}, {"price": "0.96", "size": "12.47"}, {"price": "0.95", "size": "60"}, {"price": "0.94", "size": "33"}, {"price": "0.93", "size": "54.39"}, {"price": "0.92", "size": "158"}], "event_type": "book", "last_trade_price": ""}, {"market": "0x81b5044e1475a760bc7a914c2f98db9d9c706576dffe7419a218b276a7f29fb8", "asset_id": "41987268627823607587142287021182883628740080042952703592013045406809202027471", "timestamp": "1769384233340", "hash": "3f25a93e6f3cc5aa58bb61f5ee8160c8736ad5e0", "bids": [{"price": "0.01", "size": "626.47"}, {"price": "0.02", "size": "263.62"}, {"price": "0.03", "size": "17.22"}, {"price": "0.04", "size": "12.47"}, {"price": "0.05", "size": "60"}, {"price": "0.06", "size": "33"}, {"price": "0.07", "size": "54.39"}, {"price": "0.08", "size": "158"}], "asks": [{"price": "0.99", "size": "614.69"}, {"price": "0.98", "size": "163.64"}, {"price": "0.97", "size": "66"}, {"price": "0.96", "size": "82.17"}, {"price": "0.95", "size": "60"}, {"price": "0.94", "size": "38.47"}], "event_type": "book", "last_trade_price": ""}, {"market": "0x5aa31c140a4f8084e435fca69bc6f9cd5e9d376ae4ec68ac38cebff229e2f4fa", "asset_id": "83303528124190396129802333565435667688623750033516594162211910986248559115984", "timestamp": "1769384233341", "hash": "72c009764ce6d611139bb1f5af3b73f18109dc96", "bids": [{"price": "0.01", "size": "614.69"}, {"price": "0.02", "size": "163.64"}, {"price": "0.03", "size": "66"}, {"price": "0.04", "size": "82.17"}, {"price": "0.05", "size": "60"}, {"price": "0.06", "size": "38.47"}], "asks": [{"price": "0.99", "size": "229.43"}, {"price": "0.98", "size": "538.44"}, {"price": "0.97", "size": "440.58"}, {"price": "0.96", "size": "18.46"}, {"price": "0.95", "size": "60"}, {"price": "0.94", "size": "33"}, {"price": "0.93", "size": "56.87"}, {"price": "0.92", "size": "158"}], "event_type": "book", "last_trade_price": ""}, {"market": "0x4c489256abd918e1522eeac761040b8e26710d56755dc0ac8370590b1f352b4b", "asset_id": "42077264159485253453885156404543549837258183592255929303602282950919635224851", "timestamp": "1769384234577", "hash": "144725c510538f0132b354769eb81b0698346325", "bids": [{"price": "0.01", "size": "614.69"}, {"price": "0.02", "size": "163.64"}, {"price": "0.03", "size": "66"}, {"price": "0.04", "size": "6.17"}, {"price": "0.05", "size": "60"}, {"price": "0.06", "size": "38.47"}], "asks": [{"price": "0.99", "size": "235.22"}, {"price": "0.98", "size": "260.42"}, {"price": "0.97", "size": "623.36"}, {"price": "0.96", "size": "15.63"}, {"price": "0.95", "size": "60"}, {"price": "0.94", "size": "33"}, {"price": "0.93", "size": "8.76"}, {"price": "0.92", "size": "158"}], "event_type": "book", "last_trade_price": ""}]}
