{"_local_timestamp": "2026-01-25T23:41:20.875586+00:00", "data": [{"market": "0x11d785e810d1d4070598c34cf68561304224c95e6bf84d1502dd30b053570087", "asset_id": "82372219656492035200996998487502757642606521154448338815493423337616803733393", "timestamp": "1769383972214", "hash": "d880645f3b0a0128742bcc1515a988adbe87a486", "bids": [{"price": "0.01", "size": "235.05"}, {"price": "0.02", "size": "160.42"}, {"price": "0.03", "size": "656.36"}, {"price": "0.04", "size": "517.45"}, {"price": "0.05", "size": "278.26"}, {"price": "0.06", "size": "33"}, {"price": "0.07", "size": "94.7"}, {"price": "0.08", "size": "158"}], "asks": [{"price": "0.99", "size": "900"}, {"price": "0.98", "size": "700"}, {"price": "0.97", "size": "141"}, {"price": "0.94", "size": "47.99"}], "event_type": "book", "last_trade_price": ""}, {"market": "0xe0e3ecacf31b8321478e4dd713e4f0e9cd6206fef3da09db3f7fe960214b0a77", "asset_id": "93122722834709975603060417668386621634126313097170912384666724279923530067585", "timestamp": "1769382502744", "hash": "34584dfb97b7b90b9120ba6f957f88454df17ba2", "bids": [{"price": "0.01", "size": "625.53"}, {"price": "0.02", "size": "162.32"}, {"price": "0.03", "size": "40.92"}, {"price": "0.04", "size": "642.73"}, {"price": "0.05", "size": "153.69"}, {"price": "0.06", "size": "33"}, {"price": "0.07", "size": "62.52"}, {"price": "0.08", "size": "79"}], "asks": [{"price": "0.99", "size": "614.69"}, {"price": "0.98", "size": "813.64"}, {"price": "0.97", "size": "266"}, {"price": "0.96", "size": "170"}, {"price": "0.95", "size": "50"}, {"price": "0.94", "size": "13.08"}], "event_type": "book", "last_trade_price": ""}, {"market": "0x7260ec83e0c0d9f7e12f1c78136cb6236ab5793070293a67e7e246710f1c0f42", "asset_id": "100669684958647525911188039398216763715515786976623333878344936247133299995959", "timestamp": "1769382686115", "hash": "aa4eabf7e57b04eef211282fbf013ef3da01967f", "bids": [{"price": "0.01", "size": "625.53"}, {"price": "0.02", "size": "162.32"}, {"price": "0.03", "size": "307.92"}, {"price": "0.04", "size": "430.73"}, {"price": "0.05", "size": "88.69"}, {"price": "0.06", "size": "76"}, {"price": "0.07", "size": "8.52"}, {"price": "0.08", "size": "79"}], "asks": [{"price": "0.99", "size": "600"}, {"price": "0.98", "size": "800"}, {"price": "0.97", "size": "266"}, {"price": "0.96", "size": "133"}, {"price": "0.95", "size": "46"}, {"price": "0.94", "size": "5.47"}], "event_type": "book", "last_trade_price": ""}, {"market": "0x7260ec83e0c0d9f7e12f1c78136cb6236ab5793070293a67e7e246710f1c0f42", "asset_id": "112549700914184451072951570150753800995835366956644860545152541241135143332041", "timestamp": "1769382686115", "hash": "455f16635485cf54ba9f11736a8dbfebb4a04e7e", "bids": [{"price": "0.01", "size": "600"}, {"price": "0.02", "size": "800"}, {"price": "0.03", "size": "266"}, {"price": "0.04", "size": "133"}, {"price": "0.05", "size": "46"}, {"price": "0.06", "size": "5.47"}], "asks": [{"price": "0.99", "size": "625.53"}, {"price": "0.98", "size": "162.32"}, {"price": "0.97", "size": "307.92"}, {"price": "0.96", "size": "430.73"}, {"price": "0.95", "size": "88.69"}, {"price": "0.94", "size": "76"}, {"price": "0.93", "size": "8.52"}, {"price": "0.92", "size": "79"}], "event_type": "book", "last_trade_price": ""}, {"market": "0xe0e3ecacf31b8321478e4dd713e4f0e9cd6206fef3da09db3f7fe960214b0a77", "asset_id": "39884919827737748599154125931507745836767338101536553629048404122152861661026", "timestamp": "1769382502744", "hash": "0cbf4147ec427c8c0f41782ebff6276b10b60232", "bids": [{"price": "0.01", "size": "614.69"}, {"price": "0.02", "size": "813.64"}, {"price": "0.03", "size": "266"}, {"price": "0.04", "size": "170"}, {"price": "0.05", "size": "50"}, {"price": "0.06", "size": "13.08"}], "asks": [{"price": "0.99", "size": "625.53"}, {"price": "0.98", "size": "162.32"}, {"price": "0.97", "size": "40.92"}, {"price": "0.96", "size": "642.73"}, {"price": "0.95", "size": "153.69"}, {"price": "0.94", "size": "33"}, {"price": "0.93", "size": "62.52"}, {"price": "0.92", "size": "79"}], "event_type": "book", "last_trade_price": ""}, {"market": "0x11d785e810d1d4070598c34cf68561304224c95e6bf84d1502dd30b053570087", "asset_id": "34846318440668364364213615063397586927099855360845322876558091739405637913665", "timestamp": "1769383972214", "hash": "83bdd53cc7f5a9d41bf5b10e8eff51d109d6195a", "bids": [{"price": "0.01", "size": "900"}, {"price": "0.02", "size": "700"}, {"price": "0.03", "size": "141"}, {"price": "0.06", "size": "47.99"}], "asks": [{"price": "0.99", "size": "235.05"}, {"price": "0.98", "size": "160.42"}, {"price": "0.97", "size": "656.36"}, {"price": "0.96", "size": "517.45"}, {"price": "0.95", "size": "278.26"}, {"price": "0.94", "size": "33"}, {"price": "0.93", "size": "94.7"}, {"price": "0.92", "size": "158"}], "event_type": "book", "last_trade_price": ""}]}
