{"_local_timestamp": "2026-01-25T23:34:35.064119+00:00", "data": [{"market": "0x310b71f89f1382a21bd9a481d603b5d019a5db113b67e0fbe125cd62748ecf38", "asset_id": "101519115976258580488018169446167947015372339277372454500308665670604291660561", "timestamp": "1769382826768", "hash": "a2fe3ba12f9451843dfad998c836662bc62a4835", "bids": [{"price": "0.01", "size": "50"}, {"price": "0.02", "size": "5.47"}], "asks": [{"price": "0.99", "size": "3119.07"}, {"price": "0.98", "size": "65.46"}], "event_type": "book", "last_trade_price": ""}, {"market": "0xa3495bdaa5097d177f6946092fc69e95fed4854b3c7f63cf1a14e053a7a3c039", "asset_id": "101190041314636887000284823574954626687153894418702802204025047142287455812648", "timestamp": "1769383751098", "hash": "2000a07e4bd2e9016f157b2949e294f12bc42bbd", "bids": [{"price": "0.01", "size": "3119.07"}, {"price": "0.02", "size": "65.46"}], "asks": [{"price": "0.99", "size": "50"}, {"price": "0.98", "size": "5.47"}], "event_type": "book", "last_trade_price": ""}, {"market": "0xa3495bdaa5097d177f6946092fc69e95fed4854b3c7f63cf1a14e053a7a3c039", "asset_id": "66392307305578466934794882036162899488690548306896937552919784591004979595104", "timestamp": "1769383751098", "hash": "072306bf3c0354334a7a2a69160d8a268f7bea42", "bids": [{"price": "0.01", "size": "50"}, {"price": "0.02", "size": "5.47"}], "asks": [{"price": "0.99", "size": "3119.07"}, {"price": "0.98", "size": "65.46"}], "event_type": "book", "last_trade_price": ""}, {"market": "0x5f217b7bfcbb11931115a8750093f01d462513c3a0671eec6102569ed717e19e", "asset_id": "20327683387635914468782493318404431605811748656241380594204965964273877335290", "timestamp": "1769383751098", "hash": "dcfb0df56a8587961beef4fbc5bec6f621644dff", "bids": [{"price": "0.01", "size": "50"}, {"price": "0.02", "size": "5.47"}], "asks": [{"price": "0.99", "size": "3119.07"}, {"price": "0.98", "size": "65.46"}], "event_type": "book", "last_trade_price": ""}, {"market": "0x310b71f89f1382a21bd9a481d603b5d019a5db113b67e0fbe125cd62748ecf38", "asset_id": "42986910394881675731536738426164770509907196444608546950377675725494097930864", "timestamp": "1769382826768", "hash": "52722059e7a469e33a813630408e36fcfb6b73e9", "bids": [{"price": "0.01", "size": "3119.07"}, {"price": "0.02", "size": "65.46"}], "asks": [{"price": "0.99", "size": "50"}, {"price": "0.98", "size": "5.47"}], "event_type": "book", "last_trade_price": ""}, {"market": "0x5f217b7bfcbb11931115a8750093f01d462513c3a0671eec6102569ed717e19e", "asset_id": "18373172512194026114024729473277675415720431038777643008187798534807184714464", "timestamp": "1769383751098", "hash": "e47362cb78da5938eab21be0d0e6be560a701da2", "bids": [{"price": "0.01", "size": "3119.07"}, {"price": "0.02", "size": "65.46"}], "asks": [{"price": "0.99", "size": "50"}, {"price": "0.98", "size": "5.47"}], "event_type": "book", "last_trade_price": ""}]}
