{"_local_timestamp": "2026-01-25T23:41:20.662095+00:00", "data": [{"market": "0x11021153f864a29bb9430329e1da63de9c999f58e154b7e91b7a70d15588080d", "asset_id": "1846053331363301209578873969386910307688451392802062310192299072735599208931", "timestamp": "1769382557978", "hash": "aff10d6dca8cd8b29baa95fcfec056904b09fa4c", "bids": [{"price": "0.01", "size": "625.53"}, {"price": "0.02", "size": "162.32"}, {"price": "0.03", "size": "30.08"}, {"price": "0.05", "size": "100"}, {"price": "0.06", "size": "216"}, {"price": "0.07", "size": "433.17"}, {"price": "0.08", "size": "316.66"}], "asks": [{"price": "0.99", "size": "600"}, {"price": "0.98", "size": "550"}, {"price": "0.97", "size": "5.47"}], "event_type": "book", "last_trade_price": ""}, {"market": "0x79fdd33c7401bc5e2b58c2497e026aea264d425c90a6fee51fdf2943681f7634", "asset_id": "59748840028356019481799208697682728969564691195657305230276890372264537707097", "timestamp": "1769383441525", "hash": "6207a309f2f85106dc11dc068639afd677de183c", "bids": [{"price": "0.01", "size": "423.37"}, {"price": "0.02", "size": "161.27"}, {"price": "0.03", "size": "190.58"}, {"price": "0.04", "size": "310.31"}, {"price": "0.05", "size": "420"}, {"price": "0.06", "size": "15.18"}, {"price": "0.08", "size": "369.66"}, {"price": "0.09", "size": "46.1"}], "asks": [{"price": "0.99", "size": "211.07"}, {"price": "0.98", "size": "150"}, {"price": "0.97", "size": "306.36"}, {"price": "0.96", "size": "400"}, {"price": "0.95", "size": "100"}, {"price": "0.94", "size": "33"}, {"price": "0.93", "size": "10.68"}, {"price": "0.92", "size": "162.5"}, {"price": "0.91", "size": "142.11"}, {"price": "0.82", "size": "10"}], "event_type": "book", "last_trade_price": ""}, {"market": "0x11021153f864a29bb9430329e1da63de9c999f58e154b7e91b7a70d15588080d", "asset_id": "99691453804143180329203266553922213957727552545270659964552235365670330538237", "timestamp": "1769382557978", "hash": "33251a25136873178271e908b0082a6c2d6d8909", "bids": [{"price": "0.01", "size": "600"}, {"price": "0.02", "size": "550"}, {"price": "0.03", "size": "5.47"}], "asks": [{"price": "0.99", "size": "625.53"}, {"price": "0.98", "size": "162.32"}, {"price": "0.97", "size": "30.08"}, {"price": "0.95", "size": "100"}, {"price": "0.94", "size": "216"}, {"price": "0.93", "size": "433.17"}, {"price": "0.92", "size": "316.66"}], "event_type": "book", "last_trade_price": ""}, {"market": "0xed5531a26d70c39928fccb2b0bb828e42e7af0637f6543596f5b2bb82cd19640", "asset_id": "55683319624860782427731848020347283162640306809930869382648064913506825064411", "timestamp": "1769383443669", "hash": "aa6a1a167a380c5c847ab231b7f4c92a9deb9bf3", "bids": [{"price": "0.01", "size": "220.14"}, {"price": "0.02", "size": "159.71"}, {"price": "0.03", "size": "739.36"}, {"price": "0.04", "size": "471.42"}, {"price": "0.05", "size": "95"}, {"price": "0.06", "size": "17.77"}, {"price": "0.09", "size": "79"}, {"price": "0.1", "size": "85"}, {"price": "0.11", "size": "158"}], "asks": [{"price": "0.99", "size": "211.07"}, {"price": "0.98", "size": "150"}, {"price": "0.97", "size": "306.36"}, {"price": "0.96", "size": "400"}, {"price": "0.95", "size": "100"}, {"price": "0.94", "size": "33"}, {"price": "0.93", "size": "10.68"}, {"price": "0.92", "size": "162.5"}, {"price": "0.91", "size": "142.11"}, {"price": "0.82", "size": "10"}], "event_type": "book", "last_trade_price": ""}, {"market": "0xed5531a26d70c39928fccb2b0bb828e42e7af0637f6543596f5b2bb82cd19640", "asset_id": "47650551873515013591784992981961971415531847502799643371502802507057570774805", "timestamp": "1769383443669", "hash": "069afb98bcf9fa315e31aa8764891af8d5e9d051", "bids": [{"price": "0.01", "size": "211.07"}, {"price": "0.02", "size": "150"}, {"price": "0.03", "size": "306.36"}, {"price": "0.04", "size": "400"}, {"price": "0.05", "size": "100"}, {"price": "0.06", "size": "33"}, {"price": "0.07", "size": "10.68"}, {"price": "0.08", "size": "162.5"}, {"price": "0.09", "size": "142.11"}, {"price": "0.18", "size": "10"}], "asks": [{"price": "0.99", "size": "220.14"}, {"price": "0.98", "size": "159.71"}, {"price": "0.97", "size": "739.36"}, {"price": "0.96", "size": "471.42"}, {"price": "0.95", "size": "95"}, {"price": "0.94", "size": "17.77"}, {"price": "0.91", "size": "79"}, {"price": "0.9", "size": "85"}, {"price": "0.89", "size": "158"}], "event_type": "book", "last_trade_price": ""}, {"market": "0x79fdd33c7401bc5e2b58c2497e026aea264d425c90a6fee51fdf2943681f7634", "asset_id": "65479500564111166452075611139687508802750767867214920017338926472479041372750", "timestamp": "1769383441525", "hash": "bd82c5dcfc6b2de45ea90d13b54ef5de6bd76875", "bids": [{"price": "0.01", "size": "211.07"}, {"price": "0.02", "size": "150"}, {"price": "0.03", "size": "306.36"}, {"price": "0.04", "size": "400"}, {"price": "0.05", "size": "100"}, {"price": "0.06", "size": "33"}, {"price": "0.07", "size": "10.68"}, {"price": "0.08", "size": "162.5"}, {"price": "0.09", "size": "142.11"}, {"price": "0.18", "size": "10"}], "asks": [{"price": "0.99", "size": "423.37"}, {"price": "0.98", "size": "161.27"}, {"price": "0.97", "size": "190.58"}, {"price": "0.96", "size": "310.31"}, {"price": "0.95", "size": "420"}, {"price": "0.94", "size": "15.18"}, {"price": "0.92", "size": "369.66"}, {"price": "0.91", "size": "46.1"}], "event_type": "book", "last_trade_price": ""}]}
{"_local_timestamp": "2026-01-25T23:42:26.124627+00:00", "data": {"market": "0x11021153f864a29bb9430329e1da63de9c999f58e154b7e91b7a70d15588080d", "price_changes": [{"asset_id": "1846053331363301209578873969386910307688451392802062310192299072735599208931", "price": "0.02", "size": "12.32", "side": "BUY", "hash": "fdf6674daf20c773fe96b221df4a3ab472444686", "best_bid": "0.08", "best_ask": "0.97"}, {"asset_id": "99691453804143180329203266553922213957727552545270659964552235365670330538237", "price": "0.98", "size": "12.32", "side": "SELL", "hash": "8cf9e96cedc5237e8c28734682b30cebfa423149", "best_bid": "0.03", "best_ask": "0.92"}], "timestamp": "1769384546006", "event_type": "price_change"}}
{"_local_timestamp": "2026-01-25T23:42:32.213485+00:00", "data": {"market": "0x11021153f864a29bb9430329e1da63de9c999f58e154b7e91b7a70d15588080d", "price_changes": [{"asset_id": "1846053331363301209578873969386910307688451392802062310192299072735599208931", "price": "0.02", "size": "162.32", "side": "BUY", "hash": "bc447a8f91cedf59bb4b811caacc76ed6075f060", "best_bid": "0.08", "best_ask": "0.97"}, {"asset_id": "99691453804143180329203266553922213957727552545270659964552235365670330538237", "price": "0.98", "size": "162.32", "side": "SELL", "hash": "3c723a4e396b28de70dc4ae079be65600aa0a1cd", "best_bid": "0.03", "best_ask": "0.92"}], "timestamp": "1769384552142", "event_type": "price_change"}}
