{"_local_timestamp": "2026-01-25T23:41:20.699368+00:00", "data": [{"market": "0xeadeb905589dba4189f431816b55d9bb5b134f01eb5280270080e535ccf0a2ab", "asset_id": "94154913546747205917390394877252296778850115406085962758098762527867916494962", "timestamp": "1769384059090", "hash": "d1ad889cb43bb66636ac9a4cc85f182a60471a26", "bids": [{"price": "0.01", "size": "600"}, {"price": "0.02", "size": "800"}, {"price": "0.03", "size": "266"}, {"price": "0.04", "size": "133"}, {"price": "0.05", "size": "40"}, {"price": "0.06", "size": "5.47"}], "asks": [{"price": "0.99", "size": "430.45"}, {"price": "0.98", "size": "436.27"}, {"price": "0.97", "size": "40.25"}, {"price": "0.96", "size": "517.24"}, {"price": "0.95", "size": "277.95"}, {"price": "0.94", "size": "33"}, {"price": "0.93", "size": "94.22"}, {"price": "0.92", "size": "158"}], "event_type": "book", "last_trade_price": ""}, {"market": "0x011c13523560905e6b0e546e1b591dfec92b491cb0aef53bdac2ab86235f2312", "asset_id": "45129544428877916263359878480232816069099921409309319817528010487079503077622", "timestamp": "1769384059090", "hash": "6c5632e0cd170e8e785b142330829bf488fa8b3b", "bids": [{"price": "0.01", "size": "600"}, {"price": "0.02", "size": "800"}, {"price": "0.03", "size": "266"}, {"price": "0.04", "size": "133"}, {"price": "0.05", "size": "48"}, {"price": "0.06", "size": "11.56"}], "asks": [{"price": "0.99", "size": "429.53"}, {"price": "0.98", "size": "436.27"}, {"price": "0.97", "size": "40.25"}, {"price": "0.96", "size": "643.02"}, {"price": "0.95", "size": "154.12"}, {"price": "0.94", "size": "33"}, {"price": "0.93", "size": "79.07"}, {"price": "0.92", "size": "158"}], "event_type": "book", "last_trade_price": ""}, {"market": "0xedc95e60d1a3c49cfd105ef863a47bd05d8542cc6e0ad61a51e398e0a45ae8a0", "asset_id": "12407200589524100308822748138484423413505119059336861155317408646151695626901", "timestamp": "1769382589276", "hash": "43a91b5523b67e69bb49c39163d482cb788f3840", "bids": [{"price": "0.01", "size": "625.53"}, {"price": "0.02", "size": "162.32"}, {"price": "0.03", "size": "15.56"}, {"price": "0.04", "size": "650"}, {"price": "0.05", "size": "163.69"}, {"price": "0.06", "size": "33"}, {"price": "0.07", "size": "81.52"}, {"price": "0.08", "size": "158"}], "asks": [{"price": "0.99", "size": "600"}, {"price": "0.98", "size": "800"}, {"price": "0.97", "size": "266"}, {"price": "0.96", "size": "133"}, {"price": "0.95", "size": "48"}, {"price": "0.94", "size": "11.56"}], "event_type": "book", "last_trade_price": ""}, {"market": "0x011c13523560905e6b0e546e1b591dfec92b491cb0aef53bdac2ab86235f2312", "asset_id": "2508745891639913236264202733673026196932066954295858566993708916106201313083", "timestamp": "1769384059090", "hash": "22d33c9e1315db1b6c4426a22edee6499b82f0c9", "bids": [{"price": "0.01", "size": "429.53"}, {"price": "0.02", "size": "436.27"}, {"price": "0.03", "size": "40.25"}, {"price": "0.04", "size": "643.02"}, {"price": "0.05", "size": "154.12"}, {"price": "0.06", "size": "33"}, {"price": "0.07", "size": "79.07"}, {"price": "0.08", "size": "158"}], "asks": [{"price": "0.99", "size": "600"}, {"price": "0.98", "size": "800"}, {"price": "0.97", "size": "266"}, {"price": "0.96", "size": "133"}, {"price": "0.95", "size": "48"}, {"price": "0.94", "size": "11.56"}], "event_type": "book", "last_trade_price": ""}, {"market": "0xeadeb905589dba4189f431816b55d9bb5b134f01eb5280270080e535ccf0a2ab", "asset_id": "5947507371109897903116743978029509939393366625685529413971207092351016048174", "timestamp": "1769384059090", "hash": "16cbbcbc97d5f1988fbc155a4cf6cc9a052a5315", "bids": [{"price": "0.01", "size": "430.45"}, {"price": "0.02", "size": "436.27"}, {"price": "0.03", "size": "40.25"}, {"price": "0.04", "size": "517.24"}, {"price": "0.05", "size": "277.95"}, {"price": "0.06", "size": "33"}, {"price": "0.07", "size": "94.22"}, {"price": "0.08", "size": "158"}], "asks": [{"price": "0.99", "size": "600"}, {"price": "0.98", "size": "800"}, {"price": "0.97", "size": "266"}, {"price": "0.96", "size": "133"}, {"price": "0.95", "size": "40"}, {"price": "0.94", "size": "5.47"}], "event_type": "book", "last_trade_price": ""}, {"market": "0xedc95e60d1a3c49cfd105ef863a47bd05d8542cc6e0ad61a51e398e0a45ae8a0", "asset_id": "53222472855939664349651724994814121743270309874959573247785037190688848728845", "timestamp": "1769382589276", "hash": "851b09c46e7075aaf128ec461cfd33e40ef7c964", "bids": [{"price": "0.01", "size": "600"}, {"price": "0.02", "size": "800"}, {"price": "0.03", "size": "266"}, {"price": "0.04", "size": "133"}, {"price": "0.05", "size": "48"}, {"price": "0.06", "size": "11.56"}], "asks": [{"price": "0.99", "size": "625.53"}, {"price": "0.98", "size": "162.32"}, {"price": "0.97", "size": "15.56"}, {"price": "0.96", "size": "650"}, {"price": "0.95", "size": "163.69"}, {"price": "0.94", "size": "33"}, {"price": "0.93", "size": "81.52"}, {"price": "0.92", "size": "158"}], "event_type": "book", "last_trade_price": ""}]}
{"_local_timestamp": "2026-01-25T23:41:27.123364+00:00", "data": {"market": "0xedc95e60d1a3c49cfd105ef863a47bd05d8542cc6e0ad61a51e398e0a45ae8a0", "price_changes": [{"asset_id": "12407200589524100308822748138484423413505119059336861155317408646151695626901", "price": "0.02", "size": "12.32", "side": "BUY", "hash": "82e5196439f93071d771e9193ae036187e136a62", "best_bid": "0.08", "best_ask": "0.94"}, {"asset_id": "53222472855939664349651724994814121743270309874959573247785037190688848728845", "price": "0.98", "size": "12.32", "side": "SELL", "hash": "027c7b971b4ad2e8fd0cad278effa673857b0b31", "best_bid": "0.06", "best_ask": "0.92"}], "timestamp": "1769384487001", "event_type": "price_change"}}
{"_local_timestamp": "2026-01-25T23:41:36.207026+00:00", "data": {"market": "0xedc95e60d1a3c49cfd105ef863a47bd05d8542cc6e0ad61a51e398e0a45ae8a0", "price_changes": [{"asset_id": "12407200589524100308822748138484423413505119059336861155317408646151695626901", "price": "0.02", "size": "162.32", "side": "BUY", "hash": "bb30721af3f2230b83fc2b70f872bf65623ec20a", "best_bid": "0.08", "best_ask": "0.94"}, {"asset_id": "53222472855939664349651724994814121743270309874959573247785037190688848728845", "price": "0.98", "size": "162.32", "side": "SELL", "hash": "5b477a3422b95a998ae78b653e703e20790bb082", "best_bid": "0.06", "best_ask": "0.92"}], "timestamp": "1769384496052", "event_type": "price_change"}}
