{"_local_timestamp": "2026-01-25T23:41:38.752895+00:00", "data": [{"market": "0xb0815d7826430d1299622cdff6fc202c95a36f63751180030ec981d3ff363323", "asset_id": "22231964275111854761713651043361542802720750184572964619002823463373009258256", "timestamp": "1769383751098", "hash": "f45ebc50799f3e8bda3e31491eb1efa16e30509b", "bids": [{"price": "0.01", "size": "3119.07"}, {"price": "0.02", "size": "65.46"}], "asks": [{"price": "0.99", "size": "50"}, {"price": "0.98", "size": "5.47"}], "event_type": "book", "last_trade_price": ""}, {"market": "0xf6f86fa35b3790b100e690a065a237e2453820edae6806658070acf6fd08d843", "asset_id": "101979009154867296688825304119905596268411841494677831427644971851324342887395", "timestamp": "1769382826768", "hash": "3798bdd062608e51cc406ce622f24a4c8910d87a", "bids": [{"price": "0.01", "size": "3119.07"}, {"price": "0.02", "size": "65.46"}], "asks": [{"price": "0.99", "size": "50"}, {"price": "0.98", "size": "5.47"}], "event_type": "book", "last_trade_price": ""}, {"market": "0xb0815d7826430d1299622cdff6fc202c95a36f63751180030ec981d3ff363323", "asset_id": "458424049090945825923204603493602270160780703570983392340804785126346473832", "timestamp": "1769383751098", "hash": "ce3dcb4f433508b40444de9e8157514c4908b0fd", "bids": [{"price": "0.01", "size": "50"}, {"price": "0.02", "size": "5.47"}], "asks": [{"price": "0.99", "size": "3119.07"}, {"price": "0.98", "size": "65.46"}], "event_type": "book", "last_trade_price": ""}, {"market": "0xf6f86fa35b3790b100e690a065a237e2453820edae6806658070acf6fd08d843", "asset_id": "56713897509740321942001058530140053133058667026381043418210921012272328455805", "timestamp": "1769382826768", "hash": "8a7d23c03d13463cc449a9f71bfb3ced11f1d5b7", "bids": [{"price": "0.01", "size": "50"}, {"price": "0.02", "size": "5.47"}], "asks": [{"price": "0.99", "size": "3119.07"}, {"price": "0.98", "size": "65.46"}], "event_type": "book", "last_trade_price": ""}, {"market": "0xcbbb9b1edde5d11d91bd8622d816ec6c629c0a9e69dcbe48a65cd92d19f84d65", "asset_id": "52736755053856599035043111749459599403607318183048323454788988430803095298447", "timestamp": "1769382826768", "hash": "0fb1f2709a7dca4aa383524fdc085e2715b90f45", "bids": [{"price": "0.01", "size": "3119.07"}, {"price": "0.02", "size": "65.46"}], "asks": [{"price": "0.99", "size": "50"}, {"price": "0.98", "size": "5.47"}], "event_type": "book", "last_trade_price": ""}, {"market": "0xcbbb9b1edde5d11d91bd8622d816ec6c629c0a9e69dcbe48a65cd92d19f84d65", "asset_id": "60188625177646337038733011650218947048753398887241322272481200657365414252567", "timestamp": "1769382826768", "hash": "cfd29ea941449f7f2db6298698732390eeb1e854", "bids": [{"price": "0.01", "size": "50"}, {"price": "0.02", "size": "5.47"}], "asks": [{"price": "0.99", "size": "3119.07"}, {"price": "0.98", "size": "65.46"}], "event_type": "book", "last_trade_price": ""}]}
{"_local_timestamp": "2026-01-25T23:43:34.225271+00:00", "data": {"market": "0xb0815d7826430d1299622cdff6fc202c95a36f63751180030ec981d3ff363323", "price_changes": [{"asset_id": "458424049090945825923204603493602270160780703570983392340804785126346473832", "price": "0.01", "size": "116.66", "side": "BUY", "hash": "b43fecc2992439db40fd91e9a3563c7fb047458f", "best_bid": "0.02", "best_ask": "0.98"}, {"asset_id": "22231964275111854761713651043361542802720750184572964619002823463373009258256", "price": "0.99", "size": "116.66", "side": "SELL", "hash": "aeaaf6c9fab0591bdf8492d373ede63b0c7daa3d", "best_bid": "0.02", "best_ask": "0.98"}], "timestamp": "1769384614159", "event_type": "price_change"}}
{"_local_timestamp": "2026-01-25T23:43:34.226017+00:00", "data": {"market": "0xcbbb9b1edde5d11d91bd8622d816ec6c629c0a9e69dcbe48a65cd92d19f84d65", "price_changes": [{"asset_id": "60188625177646337038733011650218947048753398887241322272481200657365414252567", "price": "0.01", "size": "116.66", "side": "BUY", "hash": "10e02083b817cd32a79d71728f6bca11fd3dae84", "best_bid": "0.02", "best_ask": "0.98"}, {"asset_id": "52736755053856599035043111749459599403607318183048323454788988430803095298447", "price": "0.99", "size": "116.66", "side": "SELL", "hash": "d89c32583e2086751e60c77d3ab83bfbe03ad99f", "best_bid": "0.02", "best_ask": "0.98"}], "timestamp": "1769384614159", "event_type": "price_change"}}
{"_local_timestamp": "2026-01-25T23:43:34.934493+00:00", "data": {"market": "0xf6f86fa35b3790b100e690a065a237e2453820edae6806658070acf6fd08d843", "price_changes": [{"asset_id": "56713897509740321942001058530140053133058667026381043418210921012272328455805", "price": "0.01", "size": "116.66", "side": "BUY", "hash": "cbceb2aed64ef43a1e97ddecf2ec88dd6d4f19d5", "best_bid": "0.02", "best_ask": "0.98"}, {"asset_id": "101979009154867296688825304119905596268411841494677831427644971851324342887395", "price": "0.99", "size": "116.66", "side": "SELL", "hash": "d58d6a5058a9b442d91e933f80a8aa03f1a2fbfd", "best_bid": "0.02", "best_ask": "0.98"}], "timestamp": "1769384614864", "event_type": "price_change"}}
{"_local_timestamp": "2026-01-25T23:44:13.624801+00:00", "data": {"market": "0xcbbb9b1edde5d11d91bd8622d816ec6c629c0a9e69dcbe48a65cd92d19f84d65", "price_changes": [{"asset_id": "60188625177646337038733011650218947048753398887241322272481200657365414252567", "price": "0.01", "size": "50", "side": "BUY", "hash": "aa53e9a10e9a057699850bd68cc729404054dfd9", "best_bid": "0.02", "best_ask": "0.98"}, {"asset_id": "52736755053856599035043111749459599403607318183048323454788988430803095298447", "price": "0.99", "size": "50", "side": "SELL", "hash": "5e5ed150be7876b77e0f9a90aca6a0f291b2cdd0", "best_bid": "0.02", "best_ask": "0.98"}], "timestamp": "1769384653545", "event_type": "price_change"}}
{"_local_timestamp": "2026-01-25T23:44:13.625150+00:00", "data": {"market": "0xb0815d7826430d1299622cdff6fc202c95a36f63751180030ec981d3ff363323", "price_changes": [{"asset_id": "458424049090945825923204603493602270160780703570983392340804785126346473832", "price": "0.01", "size": "50", "side": "BUY", "hash": "ff956a208406ca7d6a782af4cf4fecd4934dc356", "best_bid": "0.02", "best_ask": "0.98"}, {"asset_id": "22231964275111854761713651043361542802720750184572964619002823463373009258256", "price": "0.99", "size": "50", "side": "SELL", "hash": "2032d8d7bb4cdd280dc57e1668af85ed46cf174b", "best_bid": "0.02", "best_ask": "0.98"}], "timestamp": "1769384653545", "event_type": "price_change"}}
{"_local_timestamp": "2026-01-25T23:44:13.625433+00:00", "data": {"market": "0xf6f86fa35b3790b100e690a065a237e2453820edae6806658070acf6fd08d843", "price_changes": [{"asset_id": "56713897509740321942001058530140053133058667026381043418210921012272328455805", "price": "0.01", "size": "50", "side": "BUY", "hash": "48069fce4686acb622c2b12ed4a35f85fe5b3c27", "best_bid": "0.02", "best_ask": "0.98"}, {"asset_id": "101979009154867296688825304119905596268411841494677831427644971851324342887395", "price": "0.99", "size": "50", "side": "SELL", "hash": "069c0e2570d6eedc6ba59832df26e863bfc5e171", "best_bid": "0.02", "best_ask": "0.98"}], "timestamp": "1769384653545", "event_type": "price_change"}}
