{"_local_timestamp": "2026-01-25T23:34:16.114679+00:00", "data": [{"market": "0x475321233c717eb264816a9617eb6413ea87d474f004d7ed1e864114b5ed54aa", "asset_id": "6481442568358416835072062332804797841088680142073400608498339375496873925692", "timestamp": "1769382484883", "hash": "3a4971afb4271fb164c7e7a10e22980c20d69f80", "bids": [{"price": "0.01", "size": "614.79"}, {"price": "0.02", "size": "163.72"}, {"price": "0.03", "size": "16"}, {"price": "0.04", "size": "79.21"}, {"price": "0.05", "size": "70"}, {"price": "0.06", "size": "38.48"}], "asks": [{"price": "0.99", "size": "614.79"}, {"price": "0.98", "size": "157.03"}, {"price": "0.97", "size": "12.74"}, {"price": "0.95", "size": "125"}, {"price": "0.94", "size": "43.95"}], "event_type": "book", "last_trade_price": ""}, {"market": "0x2e6affb4b4227b6e8dfe773f1872d1075b14ba1b35fed86de2c4d76881636c6d", "asset_id": "2839973043745306873596370180522186014831100805536148009963838413713956672958", "timestamp": "1769382534176", "hash": "ce2d0308ae551c65e718989bd00dba3381f4a2ba", "bids": [{"price": "0.01", "size": "450"}, {"price": "0.02", "size": "150"}], "asks": [{"price": "0.99", "size": "469.86"}, {"price": "0.98", "size": "156.7"}, {"price": "0.97", "size": "84.18"}, {"price": "0.95", "size": "15.1"}], "event_type": "book", "last_trade_price": ""}, {"market": "0xc673abee350fa4f82b26fd7234399c2ef0424460f086d5d9a5916dfa25c85ee0", "asset_id": "108489229853728215677077160559224023930972269301622568061493687271749608612824", "timestamp": "1769382595344", "hash": "27a8974970fae4cfcd976b4ea72b1ea0ee438e33", "bids": [{"price": "0.01", "size": "450"}, {"price": "0.02", "size": "150"}], "asks": [{"price": "0.99", "size": "469.86"}, {"price": "0.98", "size": "156.7"}, {"price": "0.97", "size": "84.18"}, {"price": "0.95", "size": "15.1"}], "event_type": "book", "last_trade_price": ""}, {"market": "0x2e6affb4b4227b6e8dfe773f1872d1075b14ba1b35fed86de2c4d76881636c6d", "asset_id": "38016677048910846974996775695189108965911690088557573149106644295392554514522", "timestamp": "1769382534176", "hash": "d166e8bdc7f833ec507edbe1a7a345b2ddef62d8", "bids": [{"price": "0.01", "size": "469.86"}, {"price": "0.02", "size": "156.7"}, {"price": "0.03", "size": "84.18"}, {"price": "0.05", "size": "15.1"}], "asks": [{"price": "0.99", "size": "450"}, {"price": "0.98", "size": "150"}], "event_type": "book", "last_trade_price": ""}, {"market": "0xbdc67604a5775146caef0ed08fb5d1730eea486787ccbd4e20e05cc71c98e4a6", "asset_id": "80598053886437530787284653655692983298800552951596837995786875572822105282686", "timestamp": "1769383349806", "hash": "e4d8747a57189fe8f333bd7196b7818b20b479ee", "bids": [{"price": "0.01", "size": "472.79"}, {"price": "0.02", "size": "160.48"}, {"price": "0.03", "size": "136.65"}, {"price": "0.05", "size": "12.73"}], "asks": [{"price": "0.99", "size": "450"}, {"price": "0.98", "size": "150"}], "event_type": "book", "last_trade_price": ""}, {"market": "0xc673abee350fa4f82b26fd7234399c2ef0424460f086d5d9a5916dfa25c85ee0", "asset_id": "87941921185280352614634572364176400221358673461117403400528356390633042872191", "timestamp": "1769382595344", "hash": "12caf5820dd2a5e91dde67c89aefca63bbfec042", "bids": [{"price": "0.01", "size": "469.86"}, {"price": "0.02", "size": "156.7"}, {"price": "0.03", "size": "84.18"}, {"price": "0.05", "size": "15.1"}], "asks": [{"price": "0.99", "size": "450"}, {"price": "0.98", "size": "150"}], "event_type": "book", "last_trade_price": ""}, {"market": "0x475321233c717eb264816a9617eb6413ea87d474f004d7ed1e864114b5ed54aa", "asset_id": "81078610306387387877285506280246997099760425978376386279572128384628165192364", "timestamp": "1769382484883", "hash": "aa8d765313f002eccd7d5b743a0cafadd1c0c34c", "bids": [{"price": "0.01", "size": "614.79"}, {"price": "0.02", "size": "157.03"}, {"price": "0.03", "size": "12.74"}, {"price": "0.05", "size": "125"}, {"price": "0.06", "size": "43.95"}], "asks": [{"price": "0.99", "size": "614.79"}, {"price": "0.98", "size": "163.72"}, {"price": "0.97", "size": "16"}, {"price": "0.96", "size": "79.21"}, {"price": "0.95", "size": "70"}, {"price": "0.94", "size": "38.48"}], "event_type": "book", "last_trade_price": ""}, {"market": "0xbdc67604a5775146caef0ed08fb5d1730eea486787ccbd4e20e05cc71c98e4a6", "asset_id": "113411911986345918771169402255678225814498116507182119060462936039276012339165", "timestamp": "1769383349806", "hash": "e850ebb8e47d0c6022daf67bfdb522d899bb942c", "bids": [{"price": "0.01", "size": "450"}, {"price": "0.02", "size": "150"}], "asks": [{"price": "0.99", "size": "472.79"}, {"price": "0.98", "size": "160.48"}, {"price": "0.97", "size": "136.65"}, {"price": "0.95", "size": "12.73"}], "event_type": "book", "last_trade_price": ""}, {"market": "0xc9fd791bad91c513d946dc4b4ad7e858f4b858fe6eb5dca6158244a61aad9500", "asset_id": "104684415048513049180763363121580943419792542739001926664343977798736227704979", "timestamp": "1769382629617", "hash": "0012e9f9ad3ae0aec118bdc1589fdfd6bd7ec051", "bids": [{"price": "0.01", "size": "469.86"}, {"price": "0.02", "size": "156.7"}, {"price": "0.03", "size": "84.18"}, {"price": "0.04", "size": "12.05"}, {"price": "0.05", "size": "5.47"}], "asks": [{"price": "0.99", "size": "450"}, {"price": "0.98", "size": "150"}], "event_type": "book", "last_trade_price": ""}, {"market": "0xc9fd791bad91c513d946dc4b4ad7e858f4b858fe6eb5dca6158244a61aad9500", "asset_id": "3691353519047123786578368819039752987864569338010005418457010665124176693498", "timestamp": "1769382629617", "hash": "867331972fc9b930a1d7ae9af28d869d0cdfb1a5", "bids": [{"price": "0.01", "size": "450"}, {"price": "0.02", "size": "150"}], "asks": [{"price": "0.99", "size": "469.86"}, {"price": "0.98", "size": "156.7"}, {"price": "0.97", "size": "84.18"}, {"price": "0.96", "size": "12.05"}, {"price": "0.95", "size": "5.47"}], "event_type": "book", "last_trade_price": ""}]}
