{"_local_timestamp": "2026-01-25T23:34:14.514684+00:00", "data": [{"market": "0x01bede79eca18b0149edebb089fd6eff881b6cbef874e1acee52ba875f281b5d", "asset_id": "87862746038582766104919213101309330333283437975805292257839953104309878592607", "timestamp": "1769382783912", "hash": "fb3e9741660541f2ffaf961297c56ceff5b0c5a9", "bids": [{"price": "0.01", "size": "600"}, {"price": "0.02", "size": "800"}, {"price": "0.03", "size": "266"}, {"price": "0.04", "size": "133"}, {"price": "0.05", "size": "48"}, {"price": "0.06", "size": "11.56"}], "asks": [{"price": "0.99", "size": "423.38"}, {"price": "0.98", "size": "436.27"}, {"price": "0.97", "size": "40.25"}, {"price": "0.96", "size": "522.31"}, {"price": "0.95", "size": "270"}, {"price": "0.94", "size": "39.4"}, {"price": "0.93", "size": "85"}, {"price": "0.92", "size": "6.58"}, {"price": "0.91", "size": "79"}], "event_type": "book", "last_trade_price": ""}, {"market": "0xed765dc0e642eb5433ca82bdb1f0bd68bfb672263fe2eed312551674b7c2fe3c", "asset_id": "57485410076348265634896281779026847974580280565474586870422154510360513823850", "timestamp": "1769384054110", "hash": "3c008077e3456af23ed9dd5b7d548dc5f80badf1", "bids": [{"price": "0.01", "size": "600"}, {"price": "0.02", "size": "800"}, {"price": "0.03", "size": "266"}, {"price": "0.04", "size": "70"}, {"price": "0.05", "size": "50"}, {"price": "0.06", "size": "13.08"}], "asks": [{"price": "0.99", "size": "221.61"}, {"price": "0.98", "size": "160.42"}, {"price": "0.97", "size": "623.36"}, {"price": "0.96", "size": "331.25"}, {"price": "0.95", "size": "480"}, {"price": "0.94", "size": "40.9"}, {"price": "0.93", "size": "100"}, {"price": "0.92", "size": "8.12"}, {"price": "0.91", "size": "79"}], "event_type": "book", "last_trade_price": ""}, {"market": "0xbf60c9d54b38d6616a9a8fcf3d21d3446be8ffe4abfdf1498f714a90635a123e", "asset_id": "81833691849188161757677617110338131429107738206798121323223035102003809815938", "timestamp": "1769383455668", "hash": "76565a537de407aa7583ef3efb17971c7176df74", "bids": [{"price": "0.01", "size": "221.61"}, {"price": "0.02", "size": "160.42"}, {"price": "0.03", "size": "623.36"}, {"price": "0.04", "size": "656.25"}, {"price": "0.05", "size": "155"}, {"price": "0.06", "size": "40.9"}, {"price": "0.07", "size": "74"}, {"price": "0.08", "size": "8.12"}, {"price": "0.09", "size": "79"}], "asks": [{"price": "0.99", "size": "600"}, {"price": "0.98", "size": "800"}, {"price": "0.97", "size": "266"}, {"price": "0.96", "size": "70"}, {"price": "0.95", "size": "48"}, {"price": "0.94", "size": "11.56"}], "event_type": "book", "last_trade_price": ""}, {"market": "0xbf60c9d54b38d6616a9a8fcf3d21d3446be8ffe4abfdf1498f714a90635a123e", "asset_id": "20969732372246804288982646200328196016834564754162353139571626206090247116772", "timestamp": "1769383455668", "hash": "92bfa8f97272addfb0b319fe315ced8454c37394", "bids": [{"price": "0.01", "size": "600"}, {"price": "0.02", "size": "800"}, {"price": "0.03", "size": "266"}, {"price": "0.04", "size": "70"}, {"price": "0.05", "size": "48"}, {"price": "0.06", "size": "11.56"}], "asks": [{"price": "0.99", "size": "221.61"}, {"price": "0.98", "size": "160.42"}, {"price": "0.97", "size": "623.36"}, {"price": "0.96", "size": "656.25"}, {"price": "0.95", "size": "155"}, {"price": "0.94", "size": "40.9"}, {"price": "0.93", "size": "74"}, {"price": "0.92", "size": "8.12"}, {"price": "0.91", "size": "79"}], "event_type": "book", "last_trade_price": ""}, {"market": "0xed765dc0e642eb5433ca82bdb1f0bd68bfb672263fe2eed312551674b7c2fe3c", "asset_id": "9433589117826789120816741900677447864575573648263529453401753386479202164804", "timestamp": "1769384054110", "hash": "82f01228afd3a807c221a2d2219a32f057b25515", "bids": [{"price": "0.01", "size": "221.61"}, {"price": "0.02", "size": "160.42"}, {"price": "0.03", "size": "623.36"}, {"price": "0.04", "size": "331.25"}, {"price": "0.05", "size": "480"}, {"price": "0.06", "size": "40.9"}, {"price": "0.07", "size": "100"}, {"price": "0.08", "size": "8.12"}, {"price": "0.09", "size": "79"}], "asks": [{"price": "0.99", "size": "600"}, {"price": "0.98", "size": "800"}, {"price": "0.97", "size": "266"}, {"price": "0.96", "size": "70"}, {"price": "0.95", "size": "50"}, {"price": "0.94", "size": "13.08"}], "event_type": "book", "last_trade_price": ""}, {"market": "0x01bede79eca18b0149edebb089fd6eff881b6cbef874e1acee52ba875f281b5d", "asset_id": "54478530600248997807797570658848443920340128179757962440796288483267085100484", "timestamp": "1769382783912", "hash": "4e18627ba54d21f72d438d4fc3d54914e666dc7f", "bids": [{"price": "0.01", "size": "423.38"}, {"price": "0.02", "size": "436.27"}, {"price": "0.03", "size": "40.25"}, {"price": "0.04", "size": "522.31"}, {"price": "0.05", "size": "270"}, {"price": "0.06", "size": "39.4"}, {"price": "0.07", "size": "85"}, {"price": "0.08", "size": "6.58"}, {"price": "0.09", "size": "79"}], "asks": [{"price": "0.99", "size": "600"}, {"price": "0.98", "size": "800"}, {"price": "0.97", "size": "266"}, {"price": "0.96", "size": "133"}, {"price": "0.95", "size": "48"}, {"price": "0.94", "size": "11.56"}], "event_type": "book", "last_trade_price": ""}]}
{"_local_timestamp": "2026-01-25T23:34:22.347692+00:00", "data": {"market": "0xbf60c9d54b38d6616a9a8fcf3d21d3446be8ffe4abfdf1498f714a90635a123e", "price_changes": [{"asset_id": "81833691849188161757677617110338131429107738206798121323223035102003809815938", "price": "0.06", "size": "33", "side": "BUY", "hash": "e3531251303a7c76f34d27eb249f0c2bb6275fad", "best_bid": "0.09", "best_ask": "0.94"}, {"asset_id": "20969732372246804288982646200328196016834564754162353139571626206090247116772", "price": "0.94", "size": "33", "side": "SELL", "hash": "5134bc18511c8a389e6ac3aa33b9bf0fbf95506a", "best_bid": "0.06", "best_ask": "0.91"}], "timestamp": "1769384062280", "event_type": "price_change"}}
{"_local_timestamp": "2026-01-25T23:34:22.348110+00:00", "data": {"market": "0xbf60c9d54b38d6616a9a8fcf3d21d3446be8ffe4abfdf1498f714a90635a123e", "price_changes": [{"asset_id": "81833691849188161757677617110338131429107738206798121323223035102003809815938", "price": "0.08", "size": "0", "side": "BUY", "hash": "e3531251303a7c76f34d27eb249f0c2bb6275fad", "best_bid": "0.09", "best_ask": "0.94"}, {"asset_id": "20969732372246804288982646200328196016834564754162353139571626206090247116772", "price": "0.92", "size": "0", "side": "SELL", "hash": "5134bc18511c8a389e6ac3aa33b9bf0fbf95506a", "best_bid": "0.06", "best_ask": "0.91"}], "timestamp": "1769384062280", "event_type": "price_change"}}
{"_local_timestamp": "2026-01-25T23:34:23.398333+00:00", "data": {"market": "0xbf60c9d54b38d6616a9a8fcf3d21d3446be8ffe4abfdf1498f714a90635a123e", "price_changes": [{"asset_id": "81833691849188161757677617110338131429107738206798121323223035102003809815938", "price": "0.08", "size": "8.12", "side": "BUY", "hash": "b00768a24a318d2a0128bc9bbc8fe83dadce6e51", "best_bid": "0.09", "best_ask": "0.94"}, {"asset_id": "20969732372246804288982646200328196016834564754162353139571626206090247116772", "price": "0.92", "size": "8.12", "side": "SELL", "hash": "50bfe617a2afccde4b974cc3079dc0c18f7a3a4c", "best_bid": "0.06", "best_ask": "0.91"}], "timestamp": "1769384063324", "event_type": "price_change"}}
{"_local_timestamp": "2026-01-25T23:34:23.399928+00:00", "data": {"market": "0xbf60c9d54b38d6616a9a8fcf3d21d3446be8ffe4abfdf1498f714a90635a123e", "price_changes": [{"asset_id": "81833691849188161757677617110338131429107738206798121323223035102003809815938", "price": "0.06", "size": "40.9", "side": "BUY", "hash": "c064314bf099275000428aced46d4ffef4e33dec", "best_bid": "0.09", "best_ask": "0.94"}, {"asset_id": "20969732372246804288982646200328196016834564754162353139571626206090247116772", "price": "0.94", "size": "40.9", "side": "SELL", "hash": "2e74a62014946d65ebb5c19088a7e2e7f9eba1d5", "best_bid": "0.06", "best_ask": "0.91"}], "timestamp": "1769384063326", "event_type": "price_change"}}
{"_local_timestamp": "2026-01-25T23:34:24.153545+00:00", "data": {"market": "0xbf60c9d54b38d6616a9a8fcf3d21d3446be8ffe4abfdf1498f714a90635a123e", "price_changes": [{"asset_id": "81833691849188161757677617110338131429107738206798121323223035102003809815938", "price": "0.06", "size": "33", "side": "BUY", "hash": "46c998a44629a8cff4f3da61e840865b36fc56e5", "best_bid": "0.09", "best_ask": "0.94"}, {"asset_id": "20969732372246804288982646200328196016834564754162353139571626206090247116772", "price": "0.94", "size": "33", "side": "SELL", "hash": "c5fb70b7668483d557a37327d022281bd3783360", "best_bid": "0.06", "best_ask": "0.91"}], "timestamp": "1769384064083", "event_type": "price_change"}}
{"_local_timestamp": "2026-01-25T23:34:24.155015+00:00", "data": {"market": "0xbf60c9d54b38d6616a9a8fcf3d21d3446be8ffe4abfdf1498f714a90635a123e", "price_changes": [{"asset_id": "81833691849188161757677617110338131429107738206798121323223035102003809815938", "price": "0.08", "size": "0", "side": "BUY", "hash": "46c998a44629a8cff4f3da61e840865b36fc56e5", "best_bid": "0.09", "best_ask": "0.94"}, {"asset_id": "20969732372246804288982646200328196016834564754162353139571626206090247116772", "price": "0.92", "size": "0", "side": "SELL", "hash": "c5fb70b7668483d557a37327d022281bd3783360", "best_bid": "0.06", "best_ask": "0.91"}], "timestamp": "1769384064083", "event_type": "price_change"}}
{"_local_timestamp": "2026-01-25T23:34:25.618361+00:00", "data": {"market": "0xbf60c9d54b38d6616a9a8fcf3d21d3446be8ffe4abfdf1498f714a90635a123e", "price_changes": [{"asset_id": "81833691849188161757677617110338131429107738206798121323223035102003809815938", "price": "0.08", "size": "8.12", "side": "BUY", "hash": "4ab0192c285a5a29b680c284250c629824bc236b", "best_bid": "0.09", "best_ask": "0.94"}, {"asset_id": "20969732372246804288982646200328196016834564754162353139571626206090247116772", "price": "0.92", "size": "8.12", "side": "SELL", "hash": "418b87a3352f15b4bb5f5f6964529254b1128b33", "best_bid": "0.06", "best_ask": "0.91"}], "timestamp": "1769384065545", "event_type": "price_change"}}
{"_local_timestamp": "2026-01-25T23:34:25.623035+00:00", "data": {"market": "0xbf60c9d54b38d6616a9a8fcf3d21d3446be8ffe4abfdf1498f714a90635a123e", "price_changes": [{"asset_id": "81833691849188161757677617110338131429107738206798121323223035102003809815938", "price": "0.06", "size": "40.9", "side": "BUY", "hash": "f7dc3d2d2fad66b8034c819eb1de49dac9800b51", "best_bid": "0.09", "best_ask": "0.94"}, {"asset_id": "20969732372246804288982646200328196016834564754162353139571626206090247116772", "price": "0.94", "size": "40.9", "side": "SELL", "hash": "504ee312f6fbb226c3b643c90a97507109fb97fb", "best_bid": "0.06", "best_ask": "0.91"}], "timestamp": "1769384065548", "event_type": "price_change"}}
