{"_local_timestamp": "2026-01-25T23:41:20.523819+00:00", "data": [{"market": "0xf4c3a07815f73a2fdfdf8c71edb95940c1f006ee67bf229ee3c17c7698374cb0", "asset_id": "92233465500976073480555448359852395844088783434310625318652471537027768275746", "timestamp": "1769384063444", "hash": "e1448dd293dfe3b41201c1b0f57e04822ba08ec9", "bids": [{"price": "0.01", "size": "614.69"}, {"price": "0.02", "size": "813.64"}, {"price": "0.03", "size": "266"}, {"price": "0.04", "size": "256.17"}, {"price": "0.05", "size": "40"}, {"price": "0.06", "size": "5.47"}], "asks": [{"price": "0.99", "size": "430.81"}, {"price": "0.98", "size": "436.27"}, {"price": "0.97", "size": "17.51"}, {"price": "0.96", "size": "525"}, {"price": "0.95", "size": "288.94"}, {"price": "0.94", "size": "33"}, {"price": "0.93", "size": "134.06"}, {"price": "0.92", "size": "158"}], "event_type": "book", "last_trade_price": ""}, {"market": "0x9d8c6ebdffb9e4ca4a23c4f4afa41f6ed7ffed55546b7deb7badf5a7ae3177a0", "asset_id": "39761214709994488492880337361547041406342011763418826968152000006152006815437", "timestamp": "1769384061851", "hash": "185cc752635d9267b4ffe3d7dd61bbdc9538f562", "bids": [{"price": "0.01", "size": "614.69"}, {"price": "0.02", "size": "813.64"}, {"price": "0.03", "size": "266"}, {"price": "0.04", "size": "256.17"}, {"price": "0.05", "size": "40"}, {"price": "0.06", "size": "5.47"}], "asks": [{"price": "0.99", "size": "628.34"}, {"price": "0.98", "size": "163.62"}, {"price": "0.97", "size": "41.76"}, {"price": "0.96", "size": "518.34"}, {"price": "0.95", "size": "279.61"}, {"price": "0.94", "size": "33"}, {"price": "0.93", "size": "131.39"}, {"price": "0.92", "size": "158"}], "event_type": "book", "last_trade_price": ""}, {"market": "0x9d8c6ebdffb9e4ca4a23c4f4afa41f6ed7ffed55546b7deb7badf5a7ae3177a0", "asset_id": "104210674227878368618063532361028010376115024910299709978815802969933833576771", "timestamp": "1769384061851", "hash": "d1aa00fcdbef9e3a0ee474634aa3bc9517e5ada2", "bids": [{"price": "0.01", "size": "628.34"}, {"price": "0.02", "size": "163.62"}, {"price": "0.03", "size": "41.76"}, {"price": "0.04", "size": "518.34"}, {"price": "0.05", "size": "279.61"}, {"price": "0.06", "size": "33"}, {"price": "0.07", "size": "131.39"}, {"price": "0.08", "size": "158"}], "asks": [{"price": "0.99", "size": "614.69"}, {"price": "0.98", "size": "813.64"}, {"price": "0.97", "size": "266"}, {"price": "0.96", "size": "256.17"}, {"price": "0.95", "size": "40"}, {"price": "0.94", "size": "5.47"}], "event_type": "book", "last_trade_price": ""}, {"market": "0xab2f70f88805ef1b76a2bc7aa0d0dbb630e190fb841e886c0450618fd81e4022", "asset_id": "89612759553405108346663076537946478783563128991809134174920101878233259277542", "timestamp": "1769384063445", "hash": "84cfd34f9aff27e3afd62a055a1d655ea315234f", "bids": [{"price": "0.01", "size": "235.05"}, {"price": "0.02", "size": "160.42"}, {"price": "0.03", "size": "623.36"}, {"price": "0.04", "size": "530.45"}, {"price": "0.05", "size": "288.26"}, {"price": "0.06", "size": "33"}, {"price": "0.07", "size": "135.7"}, {"price": "0.08", "size": "158"}], "asks": [{"price": "0.99", "size": "600"}, {"price": "0.98", "size": "800"}, {"price": "0.97", "size": "266"}, {"price": "0.96", "size": "250"}, {"price": "0.95", "size": "46"}, {"price": "0.94", "size": "5.47"}], "event_type": "book", "last_trade_price": ""}, {"market": "0xf4c3a07815f73a2fdfdf8c71edb95940c1f006ee67bf229ee3c17c7698374cb0", "asset_id": "53256180501698372231520544444804108432481941694983568716245476489041504021842", "timestamp": "1769384063444", "hash": "03ac5fdafbedb4f78f88e9f0b7f93a8296229150", "bids": [{"price": "0.01", "size": "430.81"}, {"price": "0.02", "size": "436.27"}, {"price": "0.03", "size": "17.51"}, {"price": "0.04", "size": "525"}, {"price": "0.05", "size": "288.94"}, {"price": "0.06", "size": "33"}, {"price": "0.07", "size": "134.06"}, {"price": "0.08", "size": "158"}], "asks": [{"price": "0.99", "size": "614.69"}, {"price": "0.98", "size": "813.64"}, {"price": "0.97", "size": "266"}, {"price": "0.96", "size": "256.17"}, {"price": "0.95", "size": "40"}, {"price": "0.94", "size": "5.47"}], "event_type": "book", "last_trade_price": ""}, {"market": "0xab2f70f88805ef1b76a2bc7aa0d0dbb630e190fb841e886c0450618fd81e4022", "asset_id": "10904620543746296826517254781683273549921517717361183054887107945071153697852", "timestamp": "1769384063445", "hash": "7e097f3262cafd5db1c776f7ce7a5471d75e4045", "bids": [{"price": "0.01", "size": "600"}, {"price": "0.02", "size": "800"}, {"price": "0.03", "size": "266"}, {"price": "0.04", "size": "250"}, {"price": "0.05", "size": "46"}, {"price": "0.06", "size": "5.47"}], "asks": [{"price": "0.99", "size": "235.05"}, {"price": "0.98", "size": "160.42"}, {"price": "0.97", "size": "623.36"}, {"price": "0.96", "size": "530.45"}, {"price": "0.95", "size": "288.26"}, {"price": "0.94", "size": "33"}, {"price": "0.93", "size": "135.7"}, {"price": "0.92", "size": "158"}], "event_type": "book", "last_trade_price": ""}]}
{"_local_timestamp": "2026-01-25T23:42:39.115145+00:00", "data": {"market": "0xf4c3a07815f73a2fdfdf8c71edb95940c1f006ee67bf229ee3c17c7698374cb0", "price_changes": [{"asset_id": "53256180501698372231520544444804108432481941694983568716245476489041504021842", "price": "0.02", "size": "286.27", "side": "BUY", "hash": "86cb9560627e65e1ee9c86e3a96332410672e401", "best_bid": "0.08", "best_ask": "0.94"}, {"asset_id": "92233465500976073480555448359852395844088783434310625318652471537027768275746", "price": "0.98", "size": "286.27", "side": "SELL", "hash": "dcc0c7eef55261abb238e2c6b2d527fcd76100b8", "best_bid": "0.06", "best_ask": "0.92"}], "timestamp": "1769384559001", "event_type": "price_change"}}
{"_local_timestamp": "2026-01-25T23:42:39.115895+00:00", "data": {"market": "0xf4c3a07815f73a2fdfdf8c71edb95940c1f006ee67bf229ee3c17c7698374cb0", "price_changes": [{"asset_id": "92233465500976073480555448359852395844088783434310625318652471537027768275746", "price": "0.02", "size": "663.64", "side": "BUY", "hash": "371a6847fc6e72044ca1fab2bfe245640d8cf822", "best_bid": "0.06", "best_ask": "0.92"}, {"asset_id": "53256180501698372231520544444804108432481941694983568716245476489041504021842", "price": "0.98", "size": "663.64", "side": "SELL", "hash": "47791fbbebc516dbd11a8bb23693002756417969", "best_bid": "0.08", "best_ask": "0.94"}], "timestamp": "1769384559002", "event_type": "price_change"}}
{"_local_timestamp": "2026-01-25T23:42:44.174785+00:00", "data": {"market": "0xf4c3a07815f73a2fdfdf8c71edb95940c1f006ee67bf229ee3c17c7698374cb0", "price_changes": [{"asset_id": "53256180501698372231520544444804108432481941694983568716245476489041504021842", "price": "0.02", "size": "436.27", "side": "BUY", "hash": "4656ea88ab7a767b3e88314246948ba5af9bdc88", "best_bid": "0.08", "best_ask": "0.94"}, {"asset_id": "92233465500976073480555448359852395844088783434310625318652471537027768275746", "price": "0.98", "size": "436.27", "side": "SELL", "hash": "412db80812240d0405dd5c2cfdea18199dda9c88", "best_bid": "0.06", "best_ask": "0.92"}], "timestamp": "1769384564019", "event_type": "price_change"}}
{"_local_timestamp": "2026-01-25T23:42:44.175151+00:00", "data": {"market": "0xf4c3a07815f73a2fdfdf8c71edb95940c1f006ee67bf229ee3c17c7698374cb0", "price_changes": [{"asset_id": "92233465500976073480555448359852395844088783434310625318652471537027768275746", "price": "0.02", "size": "813.64", "side": "BUY", "hash": "4f3082b5c38e204a9aa5b12323c1f8b6e59b49fb", "best_bid": "0.06", "best_ask": "0.92"}, {"asset_id": "53256180501698372231520544444804108432481941694983568716245476489041504021842", "price": "0.98", "size": "813.64", "side": "SELL", "hash": "74e4fe4f06f46563a71b38f88c46435d8453714a", "best_bid": "0.08", "best_ask": "0.94"}], "timestamp": "1769384564020", "event_type": "price_change"}}
