{"_local_timestamp": "2026-01-25T23:34:15.001136+00:00", "data": [{"market": "0x6666d3fe2236d065c690ea82300036b7eedc3be3c28cccc09a5540711f085f93", "asset_id": "14502674428300641389798517165580311136313142596436288998913531205190039321049", "timestamp": "1769383473594", "hash": "f57353f91749d736c1163a5c8ae84ab0d57741e9", "bids": [{"price": "0.01", "size": "231.26"}, {"price": "0.02", "size": "160.46"}, {"price": "0.03", "size": "656.39"}, {"price": "0.04", "size": "517.44"}, {"price": "0.05", "size": "278.25"}, {"price": "0.06", "size": "33"}, {"price": "0.07", "size": "95.23"}, {"price": "0.08", "size": "158"}], "asks": [{"price": "0.99", "size": "614.69"}, {"price": "0.98", "size": "813.64"}, {"price": "0.97", "size": "266"}, {"price": "0.96", "size": "245.17"}, {"price": "0.95", "size": "46"}, {"price": "0.94", "size": "10.86"}], "event_type": "book", "last_trade_price": ""}, {"market": "0x5be904c845bb5e9413aeef84027328447d644144921250015500bbc01e43af84", "asset_id": "16409992677561592947689827338805352475778120038737771146998049259419979488944", "timestamp": "1769383454692", "hash": "23e9364c8512af403bf07c0fc070f1f51ad2a4ef", "bids": [{"price": "0.01", "size": "614.69"}, {"price": "0.02", "size": "813.64"}, {"price": "0.03", "size": "266"}, {"price": "0.04", "size": "239.17"}, {"price": "0.05", "size": "50"}, {"price": "0.06", "size": "13.08"}], "asks": [{"price": "0.99", "size": "231.27"}, {"price": "0.98", "size": "160.42"}, {"price": "0.97", "size": "656.36"}, {"price": "0.96", "size": "517.45"}, {"price": "0.95", "size": "278.26"}, {"price": "0.94", "size": "33"}, {"price": "0.93", "size": "95.24"}, {"price": "0.92", "size": "158"}], "event_type": "book", "last_trade_price": ""}, {"market": "0x1db99283aee9f867363892817a158a3ca5d4d6b8edb45059d4c4db6d151778d5", "asset_id": "28710080089828713617754851804222724056251791820981429625393064008875677945695", "timestamp": "1769383134093", "hash": "bc40517c0251523d0ae81086c308d590647916bc", "bids": [{"price": "0.01", "size": "600"}, {"price": "0.02", "size": "800"}, {"price": "0.03", "size": "266"}, {"price": "0.04", "size": "133"}, {"price": "0.05", "size": "49.03"}, {"price": "0.06", "size": "14.61"}], "asks": [{"price": "0.99", "size": "230.01"}, {"price": "0.98", "size": "160.42"}, {"price": "0.97", "size": "656.36"}, {"price": "0.96", "size": "518.25"}, {"price": "0.95", "size": "279.48"}, {"price": "0.94", "size": "488.66"}, {"price": "0.93", "size": "87.09"}], "event_type": "book", "last_trade_price": ""}, {"market": "0x1db99283aee9f867363892817a158a3ca5d4d6b8edb45059d4c4db6d151778d5", "asset_id": "32512209808741464280545334641451467770768028336787200910937232889495058963784", "timestamp": "1769383134093", "hash": "e68167e68029dc35296de2a27b787569c74ad008", "bids": [{"price": "0.01", "size": "230.01"}, {"price": "0.02", "size": "160.42"}, {"price": "0.03", "size": "656.36"}, {"price": "0.04", "size": "518.25"}, {"price": "0.05", "size": "279.48"}, {"price": "0.06", "size": "488.66"}, {"price": "0.07", "size": "87.09"}], "asks": [{"price": "0.99", "size": "600"}, {"price": "0.98", "size": "800"}, {"price": "0.97", "size": "266"}, {"price": "0.96", "size": "133"}, {"price": "0.95", "size": "49.03"}, {"price": "0.94", "size": "14.61"}], "event_type": "book", "last_trade_price": ""}, {"market": "0x6666d3fe2236d065c690ea82300036b7eedc3be3c28cccc09a5540711f085f93", "asset_id": "77257500115472474940108551009613739306951025019797097275660315181152888911810", "timestamp": "1769383473594", "hash": "56f759566996ec76c709c59ffb9189400a8236d7", "bids": [{"price": "0.01", "size": "614.69"}, {"price": "0.02", "size": "813.64"}, {"price": "0.03", "size": "266"}, {"price": "0.04", "size": "245.17"}, {"price": "0.05", "size": "46"}, {"price": "0.06", "size": "10.86"}], "asks": [{"price": "0.99", "size": "231.26"}, {"price": "0.98", "size": "160.46"}, {"price": "0.97", "size": "656.39"}, {"price": "0.96", "size": "517.44"}, {"price": "0.95", "size": "278.25"}, {"price": "0.94", "size": "33"}, {"price": "0.93", "size": "95.23"}, {"price": "0.92", "size": "158"}], "event_type": "book", "last_trade_price": ""}, {"market": "0x5be904c845bb5e9413aeef84027328447d644144921250015500bbc01e43af84", "asset_id": "24636943867711469194216933650228737429832332147900024702745842832407953115284", "timestamp": "1769383454692", "hash": "f04c4a2478f678c16fed7874a5327b02eec42b2a", "bids": [{"price": "0.01", "size": "231.27"}, {"price": "0.02", "size": "160.42"}, {"price": "0.03", "size": "656.36"}, {"price": "0.04", "size": "517.45"}, {"price": "0.05", "size": "278.26"}, {"price": "0.06", "size": "33"}, {"price": "0.07", "size": "95.24"}, {"price": "0.08", "size": "158"}], "asks": [{"price": "0.99", "size": "614.69"}, {"price": "0.98", "size": "813.64"}, {"price": "0.97", "size": "266"}, {"price": "0.96", "size": "239.17"}, {"price": "0.95", "size": "50"}, {"price": "0.94", "size": "13.08"}], "event_type": "book", "last_trade_price": ""}]}
{"_local_timestamp": "2026-01-25T23:34:17.561719+00:00", "data": {"market": "0x1db99283aee9f867363892817a158a3ca5d4d6b8edb45059d4c4db6d151778d5", "price_changes": [{"asset_id": "32512209808741464280545334641451467770768028336787200910937232889495058963784", "price": "0.07", "size": "79", "side": "BUY", "hash": "d783ed9113da7a8369a816d232eff407385889b8", "best_bid": "0.07", "best_ask": "0.94"}, {"asset_id": "28710080089828713617754851804222724056251791820981429625393064008875677945695", "price": "0.93", "size": "79", "side": "SELL", "hash": "089fa3ab51b0cc132e4b5ee6cf5b3eb854c65526", "best_bid": "0.06", "best_ask": "0.93"}], "timestamp": "1769384057342", "event_type": "price_change"}}
{"_local_timestamp": "2026-01-25T23:34:17.562257+00:00", "data": {"market": "0x6666d3fe2236d065c690ea82300036b7eedc3be3c28cccc09a5540711f085f93", "price_changes": [{"asset_id": "14502674428300641389798517165580311136313142596436288998913531205190039321049", "price": "0.01", "size": "209.59", "side": "BUY", "hash": "56a43c5eedef83ea957da98436e3f609f03d3185", "best_bid": "0.08", "best_ask": "0.94"}, {"asset_id": "77257500115472474940108551009613739306951025019797097275660315181152888911810", "price": "0.99", "size": "209.59", "side": "SELL", "hash": "072c689b195e1b18a8a1acfdeaf55946a23254a7", "best_bid": "0.06", "best_ask": "0.92"}], "timestamp": "1769384057342", "event_type": "price_change"}}
{"_local_timestamp": "2026-01-25T23:34:17.562567+00:00", "data": {"market": "0x5be904c845bb5e9413aeef84027328447d644144921250015500bbc01e43af84", "price_changes": [{"asset_id": "24636943867711469194216933650228737429832332147900024702745842832407953115284", "price": "0.01", "size": "209.6", "side": "BUY", "hash": "041f5da36fdd5ae1fdd79aae96f172bddb37ff95", "best_bid": "0.08", "best_ask": "0.94"}, {"asset_id": "16409992677561592947689827338805352475778120038737771146998049259419979488944", "price": "0.99", "size": "209.6", "side": "SELL", "hash": "b57395be134909f0b7f62690b4d844e40361fa4c", "best_bid": "0.06", "best_ask": "0.92"}], "timestamp": "1769384057342", "event_type": "price_change"}}
{"_local_timestamp": "2026-01-25T23:34:18.513297+00:00", "data": {"market": "0x1db99283aee9f867363892817a158a3ca5d4d6b8edb45059d4c4db6d151778d5", "price_changes": [{"asset_id": "32512209808741464280545334641451467770768028336787200910937232889495058963784", "price": "0.07", "size": "87.09", "side": "BUY", "hash": "6e7d8f1279e859f9d4fc1b28ea32d86ec39a6839", "best_bid": "0.07", "best_ask": "0.94"}, {"asset_id": "28710080089828713617754851804222724056251791820981429625393064008875677945695", "price": "0.93", "size": "87.09", "side": "SELL", "hash": "7eda8198fae4eab9a6549d3e8a071b387ddf1daa", "best_bid": "0.06", "best_ask": "0.93"}], "timestamp": "1769384058274", "event_type": "price_change"}}
{"_local_timestamp": "2026-01-25T23:34:18.946944+00:00", "data": {"market": "0x6666d3fe2236d065c690ea82300036b7eedc3be3c28cccc09a5540711f085f93", "price_changes": [{"asset_id": "14502674428300641389798517165580311136313142596436288998913531205190039321049", "price": "0.01", "size": "231.26", "side": "BUY", "hash": "2faa962e76268b82d74e864006da58a08ef90fb4", "best_bid": "0.08", "best_ask": "0.94"}, {"asset_id": "77257500115472474940108551009613739306951025019797097275660315181152888911810", "price": "0.99", "size": "231.26", "side": "SELL", "hash": "b676f4fba467a2c277d9c5d68e347b1a7ad6bd2d", "best_bid": "0.06", "best_ask": "0.92"}], "timestamp": "1769384058696", "event_type": "price_change"}}
{"_local_timestamp": "2026-01-25T23:34:18.950883+00:00", "data": {"market": "0x5be904c845bb5e9413aeef84027328447d644144921250015500bbc01e43af84", "price_changes": [{"asset_id": "24636943867711469194216933650228737429832332147900024702745842832407953115284", "price": "0.01", "size": "231.27", "side": "BUY", "hash": "bb431fe00202d2d325f16a7268f9f746af503594", "best_bid": "0.08", "best_ask": "0.94"}, {"asset_id": "16409992677561592947689827338805352475778120038737771146998049259419979488944", "price": "0.99", "size": "231.27", "side": "SELL", "hash": "f81a1dd8c4b7276c4569f4e4c044c7f3781bdd47", "best_bid": "0.06", "best_ask": "0.92"}], "timestamp": "1769384058696", "event_type": "price_change"}}
