{"_local_timestamp": "2026-01-25T23:34:35.183069+00:00", "data": [{"market": "0xaa2d00d1ac78894bb30948de5cfe0dcac15bfbdba156e18c71274c1a6c0a1f1e", "asset_id": "55989309537783345207635168319272879873477584472415050747352066704453898645334", "timestamp": "1769383751098", "hash": "681fd6c959757d545b85e59790686417821d6bd9", "bids": [{"price": "0.01", "size": "50"}, {"price": "0.02", "size": "5.47"}], "asks": [{"price": "0.99", "size": "3102.72"}, {"price": "0.98", "size": "275.43"}, {"price": "0.97", "size": "32.13"}], "event_type": "book", "last_trade_price": ""}, {"market": "0xaa2d00d1ac78894bb30948de5cfe0dcac15bfbdba156e18c71274c1a6c0a1f1e", "asset_id": "46865307137528262894666279900878337184815168296968405910913785624769595117316", "timestamp": "1769383751098", "hash": "e808a3efd1e7a887f52f2c54ea116f0119e4a10b", "bids": [{"price": "0.01", "size": "3102.72"}, {"price": "0.02", "size": "275.43"}, {"price": "0.03", "size": "32.13"}], "asks": [{"price": "0.99", "size": "50"}, {"price": "0.98", "size": "5.47"}], "event_type": "book", "last_trade_price": ""}, {"market": "0xa1f6538be120ded42991e8ace96532f48f70edaf754c5084afcfd30674ad30da", "asset_id": "73765731695378089095399361883537481538476858595400825088378141021947408762553", "timestamp": "1769383751098", "hash": "19dff699fd26e6cdd286d85b027ce84b69e7405e", "bids": [{"price": "0.01", "size": "3092.91"}, {"price": "0.02", "size": "40.68"}, {"price": "0.03", "size": "449"}, {"price": "0.04", "size": "18.93"}], "asks": [{"price": "0.99", "size": "250"}, {"price": "0.98", "size": "105.47"}], "event_type": "book", "last_trade_price": ""}, {"market": "0x20da9db6ab55c8aa4d7b2508f8dd0bea3fd2f5b7021c75542873f77435a87746", "asset_id": "45782948915359114546024042986825336053355195694287046467735440250583053312616", "timestamp": "1769383751098", "hash": "7acb775bde427d635e017d4c66942ae3aa0b05ce", "bids": [{"price": "0.01", "size": "50"}, {"price": "0.02", "size": "5.47"}], "asks": [{"price": "0.99", "size": "3102.72"}, {"price": "0.98", "size": "275.43"}, {"price": "0.97", "size": "32.13"}], "event_type": "book", "last_trade_price": ""}, {"market": "0x20da9db6ab55c8aa4d7b2508f8dd0bea3fd2f5b7021c75542873f77435a87746", "asset_id": "47979628167686344128917500497219441534638162549030346555718842546910344156472", "timestamp": "1769383751098", "hash": "468f883e74ac4aaa77e4088f6bdf01bacc67c48b", "bids": [{"price": "0.01", "size": "3102.72"}, {"price": "0.02", "size": "275.43"}, {"price": "0.03", "size": "32.13"}], "asks": [{"price": "0.99", "size": "50"}, {"price": "0.98", "size": "5.47"}], "event_type": "book", "last_trade_price": ""}, {"market": "0xa1f6538be120ded42991e8ace96532f48f70edaf754c5084afcfd30674ad30da", "asset_id": "74537995424337046047197565391644467632460174169501682720830414356329927884883", "timestamp": "1769383751098", "hash": "f96596f30e0e0d0b6088b2974c45d70f823c680f", "bids": [{"price": "0.01", "size": "250"}, {"price": "0.02", "size": "105.47"}], "asks": [{"price": "0.99", "size": "3092.91"}, {"price": "0.98", "size": "40.68"}, {"price": "0.97", "size": "449"}, {"price": "0.96", "size": "18.93"}], "event_type": "book", "last_trade_price": ""}]}
