{"_local_timestamp": "2026-01-25T23:41:20.687765+00:00", "data": [{"market": "0x4a903c5c4d49d500fd1b727de926fcde989ae5884682c0829070dc275b93bcf8", "asset_id": "99504959586438547385862641631023623914042979693084828098572004987558024056429", "timestamp": "1769382483676", "hash": "9d3c692177629fa4c660c2a2b033dd9c003a8768", "bids": [{"price": "0.01", "size": "625.53"}, {"price": "0.02", "size": "162.32"}, {"price": "0.03", "size": "340.92"}, {"price": "0.04", "size": "417.73"}, {"price": "0.05", "size": "78.69"}, {"price": "0.06", "size": "72"}, {"price": "0.07", "size": "8.52"}, {"price": "0.08", "size": "158"}], "asks": [{"price": "0.99", "size": "600"}, {"price": "0.98", "size": "800"}, {"price": "0.97", "size": "266"}, {"price": "0.96", "size": "170"}, {"price": "0.95", "size": "49.03"}, {"price": "0.94", "size": "14.61"}], "event_type": "book", "last_trade_price": ""}, {"market": "0x0e1ac1bc2620f111fd1e1ac2e1b7b08e2fc35965f257ddb952038b2f8c8f68f6", "asset_id": "58307204580236716418999694922610529927401491536567033618351896870974062475967", "timestamp": "1769384026973", "hash": "f45d7bb33278cc84f86480d6d7138c4ae2062429", "bids": [{"price": "0.01", "size": "429.53"}, {"price": "0.02", "size": "436.27"}, {"price": "0.03", "size": "40.25"}, {"price": "0.04", "size": "643.02"}, {"price": "0.05", "size": "154.12"}, {"price": "0.06", "size": "33"}, {"price": "0.07", "size": "79.07"}, {"price": "0.08", "size": "158"}], "asks": [{"price": "0.99", "size": "600"}, {"price": "0.98", "size": "800"}, {"price": "0.97", "size": "266"}, {"price": "0.96", "size": "170"}, {"price": "0.95", "size": "40"}, {"price": "0.94", "size": "5.47"}], "event_type": "book", "last_trade_price": ""}, {"market": "0x4a903c5c4d49d500fd1b727de926fcde989ae5884682c0829070dc275b93bcf8", "asset_id": "58599592194554625597999543349046130430868772103724581076066067369541267651821", "timestamp": "1769382483676", "hash": "7c6e67d9f5f16ba942f650279ff223fa1eda9d53", "bids": [{"price": "0.01", "size": "600"}, {"price": "0.02", "size": "800"}, {"price": "0.03", "size": "266"}, {"price": "0.04", "size": "170"}, {"price": "0.05", "size": "49.03"}, {"price": "0.06", "size": "14.61"}], "asks": [{"price": "0.99", "size": "625.53"}, {"price": "0.98", "size": "162.32"}, {"price": "0.97", "size": "340.92"}, {"price": "0.96", "size": "417.73"}, {"price": "0.95", "size": "78.69"}, {"price": "0.94", "size": "72"}, {"price": "0.93", "size": "8.52"}, {"price": "0.92", "size": "158"}], "event_type": "book", "last_trade_price": ""}, {"market": "0x570e3468b760e5891f772f5f0f3bb4672e2ea95285e3b241b0126258d15a76d5", "asset_id": "75036948171330866616494123733388489498519058661640699921399502511300740757129", "timestamp": "1769384029112", "hash": "1f198f736c48f4a53c51da6f0405fd37dfd9501b", "bids": [{"price": "0.01", "size": "600"}, {"price": "0.02", "size": "1000"}, {"price": "0.03", "size": "66"}, {"price": "0.04", "size": "70"}, {"price": "0.06", "size": "55.07"}], "asks": [{"price": "0.99", "size": "429.53"}, {"price": "0.98", "size": "436.27"}, {"price": "0.97", "size": "40.25"}, {"price": "0.96", "size": "518.02"}, {"price": "0.95", "size": "279.12"}, {"price": "0.94", "size": "33"}, {"price": "0.93", "size": "94.07"}, {"price": "0.92", "size": "158"}], "event_type": "book", "last_trade_price": ""}, {"market": "0x570e3468b760e5891f772f5f0f3bb4672e2ea95285e3b241b0126258d15a76d5", "asset_id": "75006433227990467433074849178808179638706098341523941608788273063351717438161", "timestamp": "1769384029112", "hash": "c9aa3c17035895a5a6f935ab154456a06a7ca134", "bids": [{"price": "0.01", "size": "429.53"}, {"price": "0.02", "size": "436.27"}, {"price": "0.03", "size": "40.25"}, {"price": "0.04", "size": "518.02"}, {"price": "0.05", "size": "279.12"}, {"price": "0.06", "size": "33"}, {"price": "0.07", "size": "94.07"}, {"price": "0.08", "size": "158"}], "asks": [{"price": "0.99", "size": "600"}, {"price": "0.98", "size": "1000"}, {"price": "0.97", "size": "66"}, {"price": "0.96", "size": "70"}, {"price": "0.94", "size": "55.07"}], "event_type": "book", "last_trade_price": ""}, {"market": "0x0e1ac1bc2620f111fd1e1ac2e1b7b08e2fc35965f257ddb952038b2f8c8f68f6", "asset_id": "38050502727002414419693540227744767558969389103661350638406609168353000937021", "timestamp": "1769384026973", "hash": "8eeb1cd5d7bab766039cef0c53eaa849fd951bcf", "bids": [{"price": "0.01", "size": "600"}, {"price": "0.02", "size": "800"}, {"price": "0.03", "size": "266"}, {"price": "0.04", "size": "170"}, {"price": "0.05", "size": "40"}, {"price": "0.06", "size": "5.47"}], "asks": [{"price": "0.99", "size": "429.53"}, {"price": "0.98", "size": "436.27"}, {"price": "0.97", "size": "40.25"}, {"price": "0.96", "size": "643.02"}, {"price": "0.95", "size": "154.12"}, {"price": "0.94", "size": "33"}, {"price": "0.93", "size": "79.07"}, {"price": "0.92", "size": "158"}], "event_type": "book", "last_trade_price": ""}]}
