{"_local_timestamp": "2026-01-25T23:41:22.534840+00:00", "data": [{"market": "0xb4c0d3259e6e91d5c77ee4740abb5f59ef5514320a237fa8e87d41046de1302a", "asset_id": "35317151138422445982004559167821709071189270619490614768303548830636390135522", "timestamp": "1769382483678", "hash": "f6e1ee29a6e93ad3f49e25e8dc9cc7dcb7b789ad", "bids": [{"price": "0.01", "size": "468.34"}, {"price": "0.02", "size": "160.56"}, {"price": "0.03", "size": "87.58"}, {"price": "0.04", "size": "50"}, {"price": "0.05", "size": "11.22"}], "asks": [{"price": "0.99", "size": "450"}, {"price": "0.98", "size": "390"}], "event_type": "book", "last_trade_price": ""}, {"market": "0xf12f4f7f4a7a84a3ec2a97069f5679204c30b38027e1f8a24d60be7701c48c0d", "asset_id": "10375016435946317424441160373571175695365571509114230078432552421469070433065", "timestamp": "1769384265039", "hash": "e2e8672caa18fef80d3c7ff266f0b961b967e685", "bids": [{"price": "0.01", "size": "468.81"}, {"price": "0.02", "size": "156.9"}, {"price": "0.03", "size": "83.04"}, {"price": "0.04", "size": "12.31"}, {"price": "0.05", "size": "5.47"}], "asks": [{"price": "0.99", "size": "450"}, {"price": "0.98", "size": "390"}], "event_type": "book", "last_trade_price": ""}, {"market": "0x3be2a2c248415a3e160fa8abfd2d0c29efa139296ba346300509c55f99d32e37", "asset_id": "27985044934730657114152634713616740624311572211114591573367892801514888482362", "timestamp": "1769384453143", "hash": "e3077653059bf7e1cdcd32276a3ec023a9ce130a", "bids": [{"price": "0.01", "size": "450"}, {"price": "0.02", "size": "292"}], "asks": [{"price": "0.99", "size": "468.81"}, {"price": "0.98", "size": "158.94"}, {"price": "0.97", "size": "203.4"}, {"price": "0.96", "size": "11.77"}, {"price": "0.95", "size": "5.47"}], "event_type": "book", "last_trade_price": ""}, {"market": "0x095f602622276b0a59bdfe3d0f34621dea0a37df783ed3923e1efe8657b78c69", "asset_id": "26130557436918207640434704837043920193303414027636637820337733833557133362616", "timestamp": "1769384324482", "hash": "4407f9c318444cd2d5ed09a23878b6cce7a22698", "bids": [{"price": "0.01", "size": "468.08"}, {"price": "0.02", "size": "160.56"}, {"price": "0.03", "size": "82.3"}, {"price": "0.04", "size": "11.22"}, {"price": "0.05", "size": "5.47"}], "asks": [{"price": "0.99", "size": "450"}, {"price": "0.98", "size": "390"}], "event_type": "book", "last_trade_price": ""}, {"market": "0x3f07df0384959b5f093fb5b2d527d1e3b06b0808ec1fa53507b15e5d1999248f", "asset_id": "45426957137996339658267622353796862112969847361364370097889899636121665831533", "timestamp": "1769384481661", "hash": "6648703154fccb1412589d71deabe3df585f55ab", "bids": [{"price": "0.01", "size": "614.79"}, {"price": "0.02", "size": "163.72"}, {"price": "0.03", "size": "16"}, {"price": "0.04", "size": "79.21"}, {"price": "0.05", "size": "70"}, {"price": "0.06", "size": "38.48"}], "asks": [{"price": "0.99", "size": "614.79"}, {"price": "0.98", "size": "156.7"}, {"price": "0.97", "size": "12.97"}, {"price": "0.96", "size": "12"}, {"price": "0.95", "size": "143"}, {"price": "0.94", "size": "43.95"}], "event_type": "book", "last_trade_price": ""}, {"market": "0x3f07df0384959b5f093fb5b2d527d1e3b06b0808ec1fa53507b15e5d1999248f", "asset_id": "39157388413028056695204690283860394491099004450822075535551794263608048291500", "timestamp": "1769384481661", "hash": "f249e64c353b398fb1db82ac5654a8d3af9dcb61", "bids": [{"price": "0.01", "size": "614.79"}, {"price": "0.02", "size": "156.7"}, {"price": "0.03", "size": "12.97"}, {"price": "0.04", "size": "12"}, {"price": "0.05", "size": "143"}, {"price": "0.06", "size": "43.95"}], "asks": [{"price": "0.99", "size": "614.79"}, {"price": "0.98", "size": "163.72"}, {"price": "0.97", "size": "16"}, {"price": "0.96", "size": "79.21"}, {"price": "0.95", "size": "70"}, {"price": "0.94", "size": "38.48"}], "event_type": "book", "last_trade_price": ""}, {"market": "0x095f602622276b0a59bdfe3d0f34621dea0a37df783ed3923e1efe8657b78c69", "asset_id": "49112831620633087254537786407140206362750336859474819916058165029149115667462", "timestamp": "1769384324482", "hash": "2c10a196fc77e8b7f75ebeef9634f816d85f94a4", "bids": [{"price": "0.01", "size": "450"}, {"price": "0.02", "size": "390"}], "asks": [{"price": "0.99", "size": "468.08"}, {"price": "0.98", "size": "160.56"}, {"price": "0.97", "size": "82.3"}, {"price": "0.96", "size": "11.22"}, {"price": "0.95", "size": "5.47"}], "event_type": "book", "last_trade_price": ""}, {"market": "0x3be2a2c248415a3e160fa8abfd2d0c29efa139296ba346300509c55f99d32e37", "asset_id": "97727513693121536142194382445368145174905592839012655638589142693644376080558", "timestamp": "1769384453143", "hash": "c1e42a6da886f5ea513e277f43eaab740545ecbc", "bids": [{"price": "0.01", "size": "468.81"}, {"price": "0.02", "size": "158.94"}, {"price": "0.03", "size": "203.4"}, {"price": "0.04", "size": "11.77"}, {"price": "0.05", "size": "5.47"}], "asks": [{"price": "0.99", "size": "450"}, {"price": "0.98", "size": "292"}], "event_type": "book", "last_trade_price": ""}, {"market": "0xf12f4f7f4a7a84a3ec2a97069f5679204c30b38027e1f8a24d60be7701c48c0d", "asset_id": "73798843303296328737584311692323633064333780451811297617138534178521448462830", "timestamp": "1769384265039", "hash": "5853b52c98daa8896c2eda5e0ef3d513f2d4a0d6", "bids": [{"price": "0.01", "size": "450"}, {"price": "0.02", "size": "390"}], "asks": [{"price": "0.99", "size": "468.81"}, {"price": "0.98", "size": "156.9"}, {"price": "0.97", "size": "83.04"}, {"price": "0.96", "size": "12.31"}, {"price": "0.95", "size": "5.47"}], "event_type": "book", "last_trade_price": ""}, {"market": "0xb4c0d3259e6e91d5c77ee4740abb5f59ef5514320a237fa8e87d41046de1302a", "asset_id": "6222885949958448530788975153489042462769717823975927896640694371073027086469", "timestamp": "1769382483700", "hash": "bee018b08f585010c099011646420047810bfb91", "bids": [{"price": "0.01", "size": "450"}, {"price": "0.02", "size": "390"}], "asks": [{"price": "0.99", "size": "468.34"}, {"price": "0.98", "size": "160.56"}, {"price": "0.97", "size": "87.58"}, {"price": "0.95", "size": "11.22"}], "event_type": "book", "last_trade_price": ""}]}
