{"_local_timestamp": "2026-01-25T23:34:14.429371+00:00", "data": [{"market": "0x41670cf40570c62c69279bcdb97f79cf520116d981a119151e4fb0f3eb146086", "asset_id": "102101101559599339746166110132735871515744184036143945206775325108736223548897", "timestamp": "1769383472465", "hash": "6442a0e9cb634b8a5211851fc1a82d76ed4624e3", "bids": [{"price": "0.01", "size": "430.38"}, {"price": "0.02", "size": "436.27"}, {"price": "0.03", "size": "17.56"}, {"price": "0.04", "size": "525"}, {"price": "0.05", "size": "289.12"}, {"price": "0.06", "size": "33"}, {"price": "0.07", "size": "173.97"}, {"price": "0.08", "size": "158"}], "asks": [{"price": "0.99", "size": "614.69"}, {"price": "0.98", "size": "813.64"}, {"price": "0.97", "size": "266"}, {"price": "0.96", "size": "239.17"}, {"price": "0.95", "size": "48"}, {"price": "0.94", "size": "11.56"}], "event_type": "book", "last_trade_price": ""}, {"market": "0x6cb83a6e3fb9c6f9670952dd3b28bd3893338f75509b1a999a140cc3c49b73c5", "asset_id": "23255395819479964480116605055609171631403708846680314182761876928559800533726", "timestamp": "1769383971190", "hash": "08b5e04bb137a39e71e1d36fd72f34b2baf6e36c", "bids": [{"price": "0.01", "size": "614.69"}, {"price": "0.02", "size": "813.64"}, {"price": "0.03", "size": "266"}, {"price": "0.04", "size": "176.17"}, {"price": "0.05", "size": "40"}, {"price": "0.06", "size": "5.47"}], "asks": [{"price": "0.99", "size": "423.38"}, {"price": "0.98", "size": "436.27"}, {"price": "0.97", "size": "40.25"}, {"price": "0.96", "size": "517.07"}, {"price": "0.95", "size": "278.01"}, {"price": "0.94", "size": "33"}, {"price": "0.93", "size": "412.94"}, {"price": "0.92", "size": "79"}], "event_type": "book", "last_trade_price": ""}, {"market": "0x6cb83a6e3fb9c6f9670952dd3b28bd3893338f75509b1a999a140cc3c49b73c5", "asset_id": "10310083097328835968811476635688578105839468961696814208775001648627451830965", "timestamp": "1769383971190", "hash": "b6fd58ef6984f3d3dbb6d6ab26c24c38e04d2af9", "bids": [{"price": "0.01", "size": "423.38"}, {"price": "0.02", "size": "436.27"}, {"price": "0.03", "size": "40.25"}, {"price": "0.04", "size": "517.07"}, {"price": "0.05", "size": "278.01"}, {"price": "0.06", "size": "33"}, {"price": "0.07", "size": "412.94"}, {"price": "0.08", "size": "79"}], "asks": [{"price": "0.99", "size": "614.69"}, {"price": "0.98", "size": "813.64"}, {"price": "0.97", "size": "266"}, {"price": "0.96", "size": "176.17"}, {"price": "0.95", "size": "40"}, {"price": "0.94", "size": "5.47"}], "event_type": "book", "last_trade_price": ""}, {"market": "0x41670cf40570c62c69279bcdb97f79cf520116d981a119151e4fb0f3eb146086", "asset_id": "107382897356898422919570176453449083119673822798883743988726918956439998739474", "timestamp": "1769383472465", "hash": "6702fcd6c23fcfc42e7d6dfe3a29ab8375f7ba78", "bids": [{"price": "0.01", "size": "614.69"}, {"price": "0.02", "size": "813.64"}, {"price": "0.03", "size": "266"}, {"price": "0.04", "size": "239.17"}, {"price": "0.05", "size": "48"}, {"price": "0.06", "size": "11.56"}], "asks": [{"price": "0.99", "size": "430.38"}, {"price": "0.98", "size": "436.27"}, {"price": "0.97", "size": "17.56"}, {"price": "0.96", "size": "525"}, {"price": "0.95", "size": "289.12"}, {"price": "0.94", "size": "33"}, {"price": "0.93", "size": "173.97"}, {"price": "0.92", "size": "158"}], "event_type": "book", "last_trade_price": ""}, {"market": "0x27e590d806615f1f16d8873c86c7b901c62186af685847df248720199acf2f04", "asset_id": "16854521397687910006394705682187475558399943014289067526415387062167982744562", "timestamp": "1769382483675", "hash": "d16312ab56f80cd1630bb4be8d1cd0b43aabf75c", "bids": [{"price": "0.01", "size": "614.69"}, {"price": "0.02", "size": "813.64"}, {"price": "0.03", "size": "266"}, {"price": "0.04", "size": "6.17"}, {"price": "0.05", "size": "196.03"}, {"price": "0.06", "size": "14.61"}], "asks": [{"price": "0.99", "size": "428.96"}, {"price": "0.98", "size": "436.27"}, {"price": "0.97", "size": "40.25"}, {"price": "0.96", "size": "517.07"}, {"price": "0.95", "size": "281.02"}, {"price": "0.94", "size": "247"}, {"price": "0.93", "size": "86.33"}], "event_type": "book", "last_trade_price": ""}, {"market": "0x27e590d806615f1f16d8873c86c7b901c62186af685847df248720199acf2f04", "asset_id": "67397826969089411623181025302160244322892623540584158739751094829195312150722", "timestamp": "1769382483675", "hash": "c89ecc837d8d73b1c06428919632630c0a6f2276", "bids": [{"price": "0.01", "size": "428.96"}, {"price": "0.02", "size": "436.27"}, {"price": "0.03", "size": "40.25"}, {"price": "0.04", "size": "517.07"}, {"price": "0.05", "size": "281.02"}, {"price": "0.06", "size": "247"}, {"price": "0.07", "size": "86.33"}], "asks": [{"price": "0.99", "size": "614.69"}, {"price": "0.98", "size": "813.64"}, {"price": "0.97", "size": "266"}, {"price": "0.96", "size": "6.17"}, {"price": "0.95", "size": "196.03"}, {"price": "0.94", "size": "14.61"}], "event_type": "book", "last_trade_price": ""}]}
{"_local_timestamp": "2026-01-25T23:34:17.412189+00:00", "data": {"market": "0x41670cf40570c62c69279bcdb97f79cf520116d981a119151e4fb0f3eb146086", "price_changes": [{"asset_id": "102101101559599339746166110132735871515744184036143945206775325108736223548897", "price": "0.01", "size": "405.31", "side": "BUY", "hash": "6f358f26de1489a3b7b3115bf45b59ada30e8077", "best_bid": "0.08", "best_ask": "0.94"}, {"asset_id": "107382897356898422919570176453449083119673822798883743988726918956439998739474", "price": "0.99", "size": "405.31", "side": "SELL", "hash": "945ffb44019427d6c1410658f9cd53189069cf3d", "best_bid": "0.06", "best_ask": "0.92"}], "timestamp": "1769384057342", "event_type": "price_change"}}
