{"_local_timestamp": "2026-01-25T23:41:20.610931+00:00", "data": [{"market": "0x30dfe639a1a5391ece42da7d93b7f403e719af4e8add6aed67d23bfcec2d0479", "asset_id": "91336761174591450883229719959560873281580892231727690547179789067681823378377", "timestamp": "1769382502744", "hash": "971b7d6735e3360e9d0c9c6e024817f7472aae0a", "bids": [{"price": "0.01", "size": "625.53"}, {"price": "0.02", "size": "162.32"}, {"price": "0.03", "size": "340.92"}, {"price": "0.04", "size": "417.73"}, {"price": "0.05", "size": "78.69"}, {"price": "0.06", "size": "92"}, {"price": "0.07", "size": "8.52"}, {"price": "0.08", "size": "79"}], "asks": [{"price": "0.99", "size": "600"}, {"price": "0.98", "size": "800"}, {"price": "0.97", "size": "266"}, {"price": "0.96", "size": "170"}, {"price": "0.95", "size": "50"}, {"price": "0.94", "size": "13.08"}], "event_type": "book", "last_trade_price": ""}, {"market": "0xa281f1861f0b8fc8be0eae44006801d3dbe45baf1cc300492f74713da09f820c", "asset_id": "110782969585829553838789992344118411515253745151066281573857697165365270779161", "timestamp": "1769382502744", "hash": "5957b62a54601cb2613bd4091289ab2367723dea", "bids": [{"price": "0.01", "size": "625.53"}, {"price": "0.02", "size": "162.32"}, {"price": "0.03", "size": "340.92"}, {"price": "0.04", "size": "417.73"}, {"price": "0.05", "size": "78.69"}, {"price": "0.06", "size": "92"}, {"price": "0.07", "size": "8.52"}, {"price": "0.08", "size": "79"}], "asks": [{"price": "0.99", "size": "600"}, {"price": "0.98", "size": "800"}, {"price": "0.97", "size": "266"}, {"price": "0.96", "size": "233"}, {"price": "0.95", "size": "48"}, {"price": "0.94", "size": "11.56"}], "event_type": "book", "last_trade_price": ""}, {"market": "0xdac2e7d89ef22ba9dbecf2e1eea1f45a8ce7b0814988dee78b616b78993a000b", "asset_id": "101478483613069058685546284841173831568460735735729969175296854764347773275366", "timestamp": "1769382484886", "hash": "dedc54cae1912208bcff745767584d3f937c5d48", "bids": [{"price": "0.01", "size": "900"}, {"price": "0.02", "size": "700"}, {"price": "0.03", "size": "141"}, {"price": "0.06", "size": "47.99"}], "asks": [{"price": "0.99", "size": "423.37"}, {"price": "0.98", "size": "436.27"}, {"price": "0.97", "size": "40.25"}, {"price": "0.96", "size": "522.31"}, {"price": "0.95", "size": "270"}, {"price": "0.94", "size": "39.4"}, {"price": "0.93", "size": "164"}, {"price": "0.92", "size": "6.58"}, {"price": "0.91", "size": "79"}], "event_type": "book", "last_trade_price": ""}, {"market": "0xa281f1861f0b8fc8be0eae44006801d3dbe45baf1cc300492f74713da09f820c", "asset_id": "104059462827390024188057116096661529606416196664630636322027576106777596897169", "timestamp": "1769382502744", "hash": "659b7a24bd7b82f7152604d72cd14c0efd38ac04", "bids": [{"price": "0.01", "size": "600"}, {"price": "0.02", "size": "800"}, {"price": "0.03", "size": "266"}, {"price": "0.04", "size": "233"}, {"price": "0.05", "size": "48"}, {"price": "0.06", "size": "11.56"}], "asks": [{"price": "0.99", "size": "625.53"}, {"price": "0.98", "size": "162.32"}, {"price": "0.97", "size": "340.92"}, {"price": "0.96", "size": "417.73"}, {"price": "0.95", "size": "78.69"}, {"price": "0.94", "size": "92"}, {"price": "0.93", "size": "8.52"}, {"price": "0.92", "size": "79"}], "event_type": "book", "last_trade_price": ""}, {"market": "0xdac2e7d89ef22ba9dbecf2e1eea1f45a8ce7b0814988dee78b616b78993a000b", "asset_id": "71172569884562087330516848581753610720132558879238913994153485836850252703981", "timestamp": "1769382484886", "hash": "028d3696583fd0888a554b3dec0497d4c4122db2", "bids": [{"price": "0.01", "size": "423.37"}, {"price": "0.02", "size": "436.27"}, {"price": "0.03", "size": "40.25"}, {"price": "0.04", "size": "522.31"}, {"price": "0.05", "size": "270"}, {"price": "0.06", "size": "39.4"}, {"price": "0.07", "size": "164"}, {"price": "0.08", "size": "6.58"}, {"price": "0.09", "size": "79"}], "asks": [{"price": "0.99", "size": "900"}, {"price": "0.98", "size": "700"}, {"price": "0.97", "size": "141"}, {"price": "0.94", "size": "47.99"}], "event_type": "book", "last_trade_price": ""}, {"market": "0x30dfe639a1a5391ece42da7d93b7f403e719af4e8add6aed67d23bfcec2d0479", "asset_id": "61332416183290529418187285790730662353050446958097592185013245467320839757394", "timestamp": "1769382502744", "hash": "98d735c1c4019d421f94cf36c28b60bd7ede8534", "bids": [{"price": "0.01", "size": "600"}, {"price": "0.02", "size": "800"}, {"price": "0.03", "size": "266"}, {"price": "0.04", "size": "170"}, {"price": "0.05", "size": "50"}, {"price": "0.06", "size": "13.08"}], "asks": [{"price": "0.99", "size": "625.53"}, {"price": "0.98", "size": "162.32"}, {"price": "0.97", "size": "340.92"}, {"price": "0.96", "size": "417.73"}, {"price": "0.95", "size": "78.69"}, {"price": "0.94", "size": "92"}, {"price": "0.93", "size": "8.52"}, {"price": "0.92", "size": "79"}], "event_type": "book", "last_trade_price": ""}]}
