{"_local_timestamp": "2026-01-25T23:34:35.071128+00:00", "data": [{"market": "0xb0815d7826430d1299622cdff6fc202c95a36f63751180030ec981d3ff363323", "asset_id": "22231964275111854761713651043361542802720750184572964619002823463373009258256", "timestamp": "1769383751098", "hash": "f45ebc50799f3e8bda3e31491eb1efa16e30509b", "bids": [{"price": "0.01", "size": "3119.07"}, {"price": "0.02", "size": "65.46"}], "asks": [{"price": "0.99", "size": "50"}, {"price": "0.98", "size": "5.47"}], "event_type": "book", "last_trade_price": ""}, {"market": "0xcbbb9b1edde5d11d91bd8622d816ec6c629c0a9e69dcbe48a65cd92d19f84d65", "asset_id": "60188625177646337038733011650218947048753398887241322272481200657365414252567", "timestamp": "1769382826768", "hash": "cfd29ea941449f7f2db6298698732390eeb1e854", "bids": [{"price": "0.01", "size": "50"}, {"price": "0.02", "size": "5.47"}], "asks": [{"price": "0.99", "size": "3119.07"}, {"price": "0.98", "size": "65.46"}], "event_type": "book", "last_trade_price": ""}, {"market": "0xf6f86fa35b3790b100e690a065a237e2453820edae6806658070acf6fd08d843", "asset_id": "101979009154867296688825304119905596268411841494677831427644971851324342887395", "timestamp": "1769382826768", "hash": "3798bdd062608e51cc406ce622f24a4c8910d87a", "bids": [{"price": "0.01", "size": "3119.07"}, {"price": "0.02", "size": "65.46"}], "asks": [{"price": "0.99", "size": "50"}, {"price": "0.98", "size": "5.47"}], "event_type": "book", "last_trade_price": ""}, {"market": "0xf6f86fa35b3790b100e690a065a237e2453820edae6806658070acf6fd08d843", "asset_id": "56713897509740321942001058530140053133058667026381043418210921012272328455805", "timestamp": "1769382826768", "hash": "8a7d23c03d13463cc449a9f71bfb3ced11f1d5b7", "bids": [{"price": "0.01", "size": "50"}, {"price": "0.02", "size": "5.47"}], "asks": [{"price": "0.99", "size": "3119.07"}, {"price": "0.98", "size": "65.46"}], "event_type": "book", "last_trade_price": ""}, {"market": "0xcbbb9b1edde5d11d91bd8622d816ec6c629c0a9e69dcbe48a65cd92d19f84d65", "asset_id": "52736755053856599035043111749459599403607318183048323454788988430803095298447", "timestamp": "1769382826768", "hash": "0fb1f2709a7dca4aa383524fdc085e2715b90f45", "bids": [{"price": "0.01", "size": "3119.07"}, {"price": "0.02", "size": "65.46"}], "asks": [{"price": "0.99", "size": "50"}, {"price": "0.98", "size": "5.47"}], "event_type": "book", "last_trade_price": ""}, {"market": "0xb0815d7826430d1299622cdff6fc202c95a36f63751180030ec981d3ff363323", "asset_id": "458424049090945825923204603493602270160780703570983392340804785126346473832", "timestamp": "1769383751098", "hash": "ce3dcb4f433508b40444de9e8157514c4908b0fd", "bids": [{"price": "0.01", "size": "50"}, {"price": "0.02", "size": "5.47"}], "asks": [{"price": "0.99", "size": "3119.07"}, {"price": "0.98", "size": "65.46"}], "event_type": "book", "last_trade_price": ""}]}
