{"_local_timestamp": "2026-01-25T23:33:16.887685+00:00", "data": [{"market": "0x6e6851f2698629795fa06869d961c986221a80cedcba10fbaf0ed220607cdada", "asset_id": "100818499003359884559774352671825765184103958625070066814408985574716007147193", "timestamp": "1769383995879", "hash": "df244510e681fc7e95e1acc6bee29eebd4c8077e", "bids": [{"price": "0.01", "size": "40.67"}, {"price": "0.05", "size": "30"}, {"price": "0.06", "size": "33"}, {"price": "0.1", "size": "200"}, {"price": "0.11", "size": "23.39"}, {"price": "0.39", "size": "40"}, {"price": "0.6", "size": "7"}, {"price": "0.61", "size": "100"}, {"price": "0.66", "size": "200"}, {"price": "0.7", "size": "64.57"}, {"price": "0.71", "size": "500"}, {"price": "0.72", "size": "397.08"}, {"price": "0.76", "size": "111.55"}, {"price": "0.77", "size": "22.9"}, {"price": "0.78", "size": "100"}], "asks": [{"price": "0.99", "size": "5.47"}, {"price": "0.98", "size": "70"}, {"price": "0.97", "size": "31.51"}, {"price": "0.89", "size": "200"}, {"price": "0.88", "size": "350"}, {"price": "0.87", "size": "66.66"}, {"price": "0.85", "size": "260.12"}, {"price": "0.82", "size": "66.66"}, {"price": "0.81", "size": "109.96"}], "event_type": "book", "last_trade_price": "0.790"}, {"market": "0x6e6851f2698629795fa06869d961c986221a80cedcba10fbaf0ed220607cdada", "asset_id": "36135303630970774358991758965953725374791089628290212294816140371870983436829", "timestamp": "1769383995879", "hash": "4446f67a2cccff1d4055a984b961bfa0afc01e0b", "bids": [{"price": "0.01", "size": "5.47"}, {"price": "0.02", "size": "70"}, {"price": "0.03", "size": "31.51"}, {"price": "0.11", "size": "200"}, {"price": "0.12", "size": "350"}, {"price": "0.13", "size": "66.66"}, {"price": "0.15", "size": "260.12"}, {"price": "0.18", "size": "66.66"}, {"price": "0.19", "size": "109.96"}], "asks": [{"price": "0.99", "size": "40.67"}, {"price": "0.95", "size": "30"}, {"price": "0.94", "size": "33"}, {"price": "0.9", "size": "200"}, {"price": "0.89", "size": "23.39"}, {"price": "0.61", "size": "40"}, {"price": "0.4", "size": "7"}, {"price": "0.39", "size": "100"}, {"price": "0.34", "size": "200"}, {"price": "0.3", "size": "64.57"}, {"price": "0.29", "size": "500"}, {"price": "0.28", "size": "397.08"}, {"price": "0.24", "size": "111.55"}, {"price": "0.23", "size": "22.9"}, {"price": "0.22", "size": "100"}], "event_type": "book", "last_trade_price": "0.790"}]}
{"_local_timestamp": "2026-01-25T23:33:18.649059+00:00", "data": {"market": "0x6e6851f2698629795fa06869d961c986221a80cedcba10fbaf0ed220607cdada", "price_changes": [{"asset_id": "100818499003359884559774352671825765184103958625070066814408985574716007147193", "price": "0.78", "size": "0", "side": "BUY", "hash": "21ac49b1eb37b555036224c7a2d94ee5e5bdfacf", "best_bid": "0.77", "best_ask": "0.81"}, {"asset_id": "36135303630970774358991758965953725374791089628290212294816140371870983436829", "price": "0.22", "size": "0", "side": "SELL", "hash": "8aa660411e98a0813b91a8036002333b8aa034f2", "best_bid": "0.19", "best_ask": "0.23"}], "timestamp": "1769383998564", "event_type": "price_change"}}
{"_local_timestamp": "2026-01-25T23:33:19.389869+00:00", "data": {"market": "0x6e6851f2698629795fa06869d961c986221a80cedcba10fbaf0ed220607cdada", "price_changes": [{"asset_id": "100818499003359884559774352671825765184103958625070066814408985574716007147193", "price": "0.73", "size": "100", "side": "BUY", "hash": "c02d02156bed80b3ee4a06fc12624de325d8527e", "best_bid": "0.77", "best_ask": "0.81"}, {"asset_id": "36135303630970774358991758965953725374791089628290212294816140371870983436829", "price": "0.27", "size": "100", "side": "SELL", "hash": "3c1283f394f39383400b6aa86ea33d3a6716b98a", "best_bid": "0.19", "best_ask": "0.23"}], "timestamp": "1769383999325", "event_type": "price_change"}}
{"_local_timestamp": "2026-01-25T23:33:21.657128+00:00", "data": {"market": "0x6e6851f2698629795fa06869d961c986221a80cedcba10fbaf0ed220607cdada", "price_changes": [{"asset_id": "100818499003359884559774352671825765184103958625070066814408985574716007147193", "price": "0.77", "size": "52.9", "side": "BUY", "hash": "9ade3532cde88a5811baa2ae0b6c87fa0d22470c", "best_bid": "0.77", "best_ask": "0.81"}, {"asset_id": "36135303630970774358991758965953725374791089628290212294816140371870983436829", "price": "0.23", "size": "52.9", "side": "SELL", "hash": "62c9aae5ec5b0f7794c86884eb4116ba3a90f06b", "best_bid": "0.19", "best_ask": "0.23"}], "timestamp": "1769384001590", "event_type": "price_change"}}
{"_local_timestamp": "2026-01-25T23:33:23.111824+00:00", "data": {"market": "0x6e6851f2698629795fa06869d961c986221a80cedcba10fbaf0ed220607cdada", "price_changes": [{"asset_id": "100818499003359884559774352671825765184103958625070066814408985574716007147193", "price": "0.73", "size": "0", "side": "BUY", "hash": "61d6a3be5f46d2bb1710ec46aae5883bbc581299", "best_bid": "0.77", "best_ask": "0.81"}, {"asset_id": "36135303630970774358991758965953725374791089628290212294816140371870983436829", "price": "0.27", "size": "0", "side": "SELL", "hash": "cfca858c911c372cd818b7c71e0adb7b6ee57a4b", "best_bid": "0.19", "best_ask": "0.23"}], "timestamp": "1769384003020", "event_type": "price_change"}}
{"_local_timestamp": "2026-01-25T23:33:23.734253+00:00", "data": {"market": "0x6e6851f2698629795fa06869d961c986221a80cedcba10fbaf0ed220607cdada", "price_changes": [{"asset_id": "100818499003359884559774352671825765184103958625070066814408985574716007147193", "price": "0.78", "size": "100", "side": "BUY", "hash": "c71164569762ace4f7e0c8af6b2facda37723312", "best_bid": "0.78", "best_ask": "0.81"}, {"asset_id": "36135303630970774358991758965953725374791089628290212294816140371870983436829", "price": "0.22", "size": "100", "side": "SELL", "hash": "2e5d81a48ca9bb8d67b2bf23be7cbecd7b8ba1fd", "best_bid": "0.19", "best_ask": "0.22"}], "timestamp": "1769384003667", "event_type": "price_change"}}
{"_local_timestamp": "2026-01-25T23:33:27.988858+00:00", "data": {"market": "0x6e6851f2698629795fa06869d961c986221a80cedcba10fbaf0ed220607cdada", "price_changes": [{"asset_id": "100818499003359884559774352671825765184103958625070066814408985574716007147193", "price": "0.77", "size": "22.9", "side": "BUY", "hash": "6f6151fe7d38545b0735160af30a2e855cbd013e", "best_bid": "0.78", "best_ask": "0.81"}, {"asset_id": "36135303630970774358991758965953725374791089628290212294816140371870983436829", "price": "0.23", "size": "22.9", "side": "SELL", "hash": "9f0e6454a8e2dbb524516e41ec24a80b804d06b8", "best_bid": "0.19", "best_ask": "0.22"}], "timestamp": "1769384007919", "event_type": "price_change"}}
{"_local_timestamp": "2026-01-25T23:33:31.489241+00:00", "data": {"market": "0x6e6851f2698629795fa06869d961c986221a80cedcba10fbaf0ed220607cdada", "price_changes": [{"asset_id": "100818499003359884559774352671825765184103958625070066814408985574716007147193", "price": "0.78", "size": "0", "side": "BUY", "hash": "83f67849d65c962c6d896f470c3c490cb469d292", "best_bid": "0.77", "best_ask": "0.81"}, {"asset_id": "36135303630970774358991758965953725374791089628290212294816140371870983436829", "price": "0.22", "size": "0", "side": "SELL", "hash": "65a6e40fb07f71fef1f5e8bceea18aa20eb76077", "best_bid": "0.19", "best_ask": "0.23"}], "timestamp": "1769384011412", "event_type": "price_change"}}
