{"_local_timestamp": "2026-01-25T23:40:29.594202+00:00", "data": [{"market": "0x6e6851f2698629795fa06869d961c986221a80cedcba10fbaf0ed220607cdada", "asset_id": "100818499003359884559774352671825765184103958625070066814408985574716007147193", "timestamp": "1769384374171", "hash": "20344f94634ebb0a2de9d4852327b36fa680bcba", "bids": [{"price": "0.01", "size": "40.67"}, {"price": "0.05", "size": "30"}, {"price": "0.06", "size": "33"}, {"price": "0.1", "size": "200"}, {"price": "0.11", "size": "23.39"}, {"price": "0.39", "size": "40"}, {"price": "0.6", "size": "7"}, {"price": "0.61", "size": "100"}, {"price": "0.66", "size": "200"}, {"price": "0.7", "size": "64.57"}, {"price": "0.71", "size": "500"}, {"price": "0.72", "size": "316.53"}, {"price": "0.73", "size": "80.55"}, {"price": "0.74", "size": "100"}, {"price": "0.76", "size": "31"}, {"price": "0.77", "size": "103.45"}, {"price": "0.78", "size": "30"}], "asks": [{"price": "0.99", "size": "5.47"}, {"price": "0.98", "size": "70"}, {"price": "0.97", "size": "31.5"}, {"price": "0.89", "size": "200"}, {"price": "0.88", "size": "350"}, {"price": "0.87", "size": "66.66"}, {"price": "0.85", "size": "260.12"}, {"price": "0.84", "size": "109.96"}, {"price": "0.8", "size": "66.66"}], "event_type": "book", "last_trade_price": "0.790"}, {"market": "0x6e6851f2698629795fa06869d961c986221a80cedcba10fbaf0ed220607cdada", "asset_id": "36135303630970774358991758965953725374791089628290212294816140371870983436829", "timestamp": "1769384374171", "hash": "0598dda2ac788ca31d7d6e5f592f73232e47b52e", "bids": [{"price": "0.01", "size": "5.47"}, {"price": "0.02", "size": "70"}, {"price": "0.03", "size": "31.5"}, {"price": "0.11", "size": "200"}, {"price": "0.12", "size": "350"}, {"price": "0.13", "size": "66.66"}, {"price": "0.15", "size": "260.12"}, {"price": "0.16", "size": "109.96"}, {"price": "0.2", "size": "66.66"}], "asks": [{"price": "0.99", "size": "40.67"}, {"price": "0.95", "size": "30"}, {"price": "0.94", "size": "33"}, {"price": "0.9", "size": "200"}, {"price": "0.89", "size": "23.39"}, {"price": "0.61", "size": "40"}, {"price": "0.4", "size": "7"}, {"price": "0.39", "size": "100"}, {"price": "0.34", "size": "200"}, {"price": "0.3", "size": "64.57"}, {"price": "0.29", "size": "500"}, {"price": "0.28", "size": "316.53"}, {"price": "0.27", "size": "80.55"}, {"price": "0.26", "size": "100"}, {"price": "0.24", "size": "31"}, {"price": "0.23", "size": "103.45"}, {"price": "0.22", "size": "30"}], "event_type": "book", "last_trade_price": "0.790"}]}
{"_local_timestamp": "2026-01-25T23:42:08.125868+00:00", "data": {"market": "0x6e6851f2698629795fa06869d961c986221a80cedcba10fbaf0ed220607cdada", "price_changes": [{"asset_id": "36135303630970774358991758965953725374791089628290212294816140371870983436829", "price": "0.2", "size": "0", "side": "BUY", "hash": "c0696920f65c798c1fe64fafc7af98506dd3a0dd", "best_bid": "0.16", "best_ask": "0.22"}, {"asset_id": "100818499003359884559774352671825765184103958625070066814408985574716007147193", "price": "0.8", "size": "0", "side": "SELL", "hash": "6606b4b4505b585802ef0d8649760d93ef613662", "best_bid": "0.78", "best_ask": "0.84"}], "timestamp": "1769384528049", "event_type": "price_change"}}
{"_local_timestamp": "2026-01-25T23:42:08.836560+00:00", "data": {"market": "0x6e6851f2698629795fa06869d961c986221a80cedcba10fbaf0ed220607cdada", "price_changes": [{"asset_id": "36135303630970774358991758965953725374791089628290212294816140371870983436829", "price": "0.16", "size": "139.96", "side": "BUY", "hash": "a31bf46be02d3421675bd822b5f593e7abc8e2cf", "best_bid": "0.16", "best_ask": "0.22"}, {"asset_id": "100818499003359884559774352671825765184103958625070066814408985574716007147193", "price": "0.84", "size": "139.96", "side": "SELL", "hash": "c03ccba436c934a73983d60bfdd4cb36525d12eb", "best_bid": "0.78", "best_ask": "0.84"}], "timestamp": "1769384528767", "event_type": "price_change"}}
{"_local_timestamp": "2026-01-25T23:42:08.996911+00:00", "data": {"market": "0x6e6851f2698629795fa06869d961c986221a80cedcba10fbaf0ed220607cdada", "price_changes": [{"asset_id": "100818499003359884559774352671825765184103958625070066814408985574716007147193", "price": "0.77", "size": "133.45", "side": "BUY", "hash": "5701923ee95748694ba039220deb1155f945c488", "best_bid": "0.78", "best_ask": "0.84"}, {"asset_id": "36135303630970774358991758965953725374791089628290212294816140371870983436829", "price": "0.23", "size": "133.45", "side": "SELL", "hash": "ef24c9119c61cd0fbc0b4d2b1dede6a48e7cd5c4", "best_bid": "0.16", "best_ask": "0.22"}], "timestamp": "1769384528921", "event_type": "price_change"}}
{"_local_timestamp": "2026-01-25T23:42:09.072461+00:00", "data": {"market": "0x6e6851f2698629795fa06869d961c986221a80cedcba10fbaf0ed220607cdada", "price_changes": [{"asset_id": "36135303630970774358991758965953725374791089628290212294816140371870983436829", "price": "0.17", "size": "66.66", "side": "BUY", "hash": "32bf7e394b06be8361c038d471342d145f715107", "best_bid": "0.17", "best_ask": "0.22"}, {"asset_id": "100818499003359884559774352671825765184103958625070066814408985574716007147193", "price": "0.83", "size": "66.66", "side": "SELL", "hash": "43b02f45834904b8b04779cea18d5676c58f5c6c", "best_bid": "0.78", "best_ask": "0.83"}], "timestamp": "1769384528998", "event_type": "price_change"}}
