{"_local_timestamp": "2026-01-25T23:33:16.887685+00:00", "data": [{"market": "0x6e6851f2698629795fa06869d961c986221a80cedcba10fbaf0ed220607cdada", "asset_id": "100818499003359884559774352671825765184103958625070066814408985574716007147193", "timestamp": "1769383995879", "hash": "df244510e681fc7e95e1acc6bee29eebd4c8077e", "bids": [{"price": "0.01", "size": "40.67"}, {"price": "0.05", "size": "30"}, {"price": "0.06", "size": "33"}, {"price": "0.1", "size": "200"}, {"price": "0.11", "size": "23.39"}, {"price": "0.39", "size": "40"}, {"price": "0.6", "size": "7"}, {"price": "0.61", "size": "100"}, {"price": "0.66", "size": "200"}, {"price": "0.7", "size": "64.57"}, {"price": "0.71", "size": "500"}, {"price": "0.72", "size": "397.08"}, {"price": "0.76", "size": "111.55"}, {"price": "0.77", "size": "22.9"}, {"price": "0.78", "size": "100"}], "asks": [{"price": "0.99", "size": "5.47"}, {"price": "0.98", "size": "70"}, {"price": "0.97", "size": "31.51"}, {"price": "0.89", "size": "200"}, {"price": "0.88", "size": "350"}, {"price": "0.87", "size": "66.66"}, {"price": "0.85", "size": "260.12"}, {"price": "0.82", "size": "66.66"}, {"price": "0.81", "size": "109.96"}], "event_type": "book", "last_trade_price": "0.790"}, {"market": "0x6e6851f2698629795fa06869d961c986221a80cedcba10fbaf0ed220607cdada", "asset_id": "36135303630970774358991758965953725374791089628290212294816140371870983436829", "timestamp": "1769383995879", "hash": "4446f67a2cccff1d4055a984b961bfa0afc01e0b", "bids": [{"price": "0.01", "size": "5.47"}, {"price": "0.02", "size": "70"}, {"price": "0.03", "size": "31.51"}, {"price": "0.11", "size": "200"}, {"price": "0.12", "size": "350"}, {"price": "0.13", "size": "66.66"}, {"price": "0.15", "size": "260.12"}, {"price": "0.18", "size": "66.66"}, {"price": "0.19", "size": "109.96"}], "asks": [{"price": "0.99", "size": "40.67"}, {"price": "0.95", "size": "30"}, {"price": "0.94", "size": "33"}, {"price": "0.9", "size": "200"}, {"price": "0.89", "size": "23.39"}, {"price": "0.61", "size": "40"}, {"price": "0.4", "size": "7"}, {"price": "0.39", "size": "100"}, {"price": "0.34", "size": "200"}, {"price": "0.3", "size": "64.57"}, {"price": "0.29", "size": "500"}, {"price": "0.28", "size": "397.08"}, {"price": "0.24", "size": "111.55"}, {"price": "0.23", "size": "22.9"}, {"price": "0.22", "size": "100"}], "event_type": "book", "last_trade_price": "0.790"}]}
{"_local_timestamp": "2026-01-25T23:33:18.649059+00:00", "data": {"market": "0x6e6851f2698629795fa06869d961c986221a80cedcba10fbaf0ed220607cdada", "price_changes": [{"asset_id": "100818499003359884559774352671825765184103958625070066814408985574716007147193", "price": "0.78", "size": "0", "side": "BUY", "hash": "21ac49b1eb37b555036224c7a2d94ee5e5bdfacf", "best_bid": "0.77", "best_ask": "0.81"}, {"asset_id": "36135303630970774358991758965953725374791089628290212294816140371870983436829", "price": "0.22", "size": "0", "side": "SELL", "hash": "8aa660411e98a0813b91a8036002333b8aa034f2", "best_bid": "0.19", "best_ask": "0.23"}], "timestamp": "1769383998564", "event_type": "price_change"}}
{"_local_timestamp": "2026-01-25T23:33:19.389869+00:00", "data": {"market": "0x6e6851f2698629795fa06869d961c986221a80cedcba10fbaf0ed220607cdada", "price_changes": [{"asset_id": "100818499003359884559774352671825765184103958625070066814408985574716007147193", "price": "0.73", "size": "100", "side": "BUY", "hash": "c02d02156bed80b3ee4a06fc12624de325d8527e", "best_bid": "0.77", "best_ask": "0.81"}, {"asset_id": "36135303630970774358991758965953725374791089628290212294816140371870983436829", "price": "0.27", "size": "100", "side": "SELL", "hash": "3c1283f394f39383400b6aa86ea33d3a6716b98a", "best_bid": "0.19", "best_ask": "0.23"}], "timestamp": "1769383999325", "event_type": "price_change"}}
{"_local_timestamp": "2026-01-25T23:33:21.657128+00:00", "data": {"market": "0x6e6851f2698629795fa06869d961c986221a80cedcba10fbaf0ed220607cdada", "price_changes": [{"asset_id": "100818499003359884559774352671825765184103958625070066814408985574716007147193", "price": "0.77", "size": "52.9", "side": "BUY", "hash": "9ade3532cde88a5811baa2ae0b6c87fa0d22470c", "best_bid": "0.77", "best_ask": "0.81"}, {"asset_id": "36135303630970774358991758965953725374791089628290212294816140371870983436829", "price": "0.23", "size": "52.9", "side": "SELL", "hash": "62c9aae5ec5b0f7794c86884eb4116ba3a90f06b", "best_bid": "0.19", "best_ask": "0.23"}], "timestamp": "1769384001590", "event_type": "price_change"}}
{"_local_timestamp": "2026-01-25T23:33:23.111824+00:00", "data": {"market": "0x6e6851f2698629795fa06869d961c986221a80cedcba10fbaf0ed220607cdada", "price_changes": [{"asset_id": "100818499003359884559774352671825765184103958625070066814408985574716007147193", "price": "0.73", "size": "0", "side": "BUY", "hash": "61d6a3be5f46d2bb1710ec46aae5883bbc581299", "best_bid": "0.77", "best_ask": "0.81"}, {"asset_id": "36135303630970774358991758965953725374791089628290212294816140371870983436829", "price": "0.27", "size": "0", "side": "SELL", "hash": "cfca858c911c372cd818b7c71e0adb7b6ee57a4b", "best_bid": "0.19", "best_ask": "0.23"}], "timestamp": "1769384003020", "event_type": "price_change"}}
{"_local_timestamp": "2026-01-25T23:33:23.734253+00:00", "data": {"market": "0x6e6851f2698629795fa06869d961c986221a80cedcba10fbaf0ed220607cdada", "price_changes": [{"asset_id": "100818499003359884559774352671825765184103958625070066814408985574716007147193", "price": "0.78", "size": "100", "side": "BUY", "hash": "c71164569762ace4f7e0c8af6b2facda37723312", "best_bid": "0.78", "best_ask": "0.81"}, {"asset_id": "36135303630970774358991758965953725374791089628290212294816140371870983436829", "price": "0.22", "size": "100", "side": "SELL", "hash": "2e5d81a48ca9bb8d67b2bf23be7cbecd7b8ba1fd", "best_bid": "0.19", "best_ask": "0.22"}], "timestamp": "1769384003667", "event_type": "price_change"}}
{"_local_timestamp": "2026-01-25T23:33:27.988858+00:00", "data": {"market": "0x6e6851f2698629795fa06869d961c986221a80cedcba10fbaf0ed220607cdada", "price_changes": [{"asset_id": "100818499003359884559774352671825765184103958625070066814408985574716007147193", "price": "0.77", "size": "22.9", "side": "BUY", "hash": "6f6151fe7d38545b0735160af30a2e855cbd013e", "best_bid": "0.78", "best_ask": "0.81"}, {"asset_id": "36135303630970774358991758965953725374791089628290212294816140371870983436829", "price": "0.23", "size": "22.9", "side": "SELL", "hash": "9f0e6454a8e2dbb524516e41ec24a80b804d06b8", "best_bid": "0.19", "best_ask": "0.22"}], "timestamp": "1769384007919", "event_type": "price_change"}}
{"_local_timestamp": "2026-01-25T23:33:31.489241+00:00", "data": {"market": "0x6e6851f2698629795fa06869d961c986221a80cedcba10fbaf0ed220607cdada", "price_changes": [{"asset_id": "100818499003359884559774352671825765184103958625070066814408985574716007147193", "price": "0.78", "size": "0", "side": "BUY", "hash": "83f67849d65c962c6d896f470c3c490cb469d292", "best_bid": "0.77", "best_ask": "0.81"}, {"asset_id": "36135303630970774358991758965953725374791089628290212294816140371870983436829", "price": "0.22", "size": "0", "side": "SELL", "hash": "65a6e40fb07f71fef1f5e8bceea18aa20eb76077", "best_bid": "0.19", "best_ask": "0.23"}], "timestamp": "1769384011412", "event_type": "price_change"}}
{"_local_timestamp": "2026-01-25T23:33:32.132247+00:00", "data": {"market": "0x6e6851f2698629795fa06869d961c986221a80cedcba10fbaf0ed220607cdada", "price_changes": [{"asset_id": "100818499003359884559774352671825765184103958625070066814408985574716007147193", "price": "0.73", "size": "100", "side": "BUY", "hash": "3b7d12b008b03fdd1cdd1a69ed03772701bf4db7", "best_bid": "0.77", "best_ask": "0.81"}, {"asset_id": "36135303630970774358991758965953725374791089628290212294816140371870983436829", "price": "0.27", "size": "100", "side": "SELL", "hash": "de2427f470ceab71cf933e1c53320a97d09e4d40", "best_bid": "0.19", "best_ask": "0.23"}], "timestamp": "1769384012028", "event_type": "price_change"}}
{"_local_timestamp": "2026-01-25T23:33:33.580728+00:00", "data": {"market": "0x6e6851f2698629795fa06869d961c986221a80cedcba10fbaf0ed220607cdada", "price_changes": [{"asset_id": "100818499003359884559774352671825765184103958625070066814408985574716007147193", "price": "0.77", "size": "52.9", "side": "BUY", "hash": "f69f672a923d449ecd92c097a4fa9b0cc0e2d0e6", "best_bid": "0.77", "best_ask": "0.81"}, {"asset_id": "36135303630970774358991758965953725374791089628290212294816140371870983436829", "price": "0.23", "size": "52.9", "side": "SELL", "hash": "16e88d68509d4271824ecbcdc885b66b244ff7c1", "best_bid": "0.19", "best_ask": "0.23"}], "timestamp": "1769384013455", "event_type": "price_change"}}
{"_local_timestamp": "2026-01-25T23:33:35.637677+00:00", "data": {"market": "0x6e6851f2698629795fa06869d961c986221a80cedcba10fbaf0ed220607cdada", "price_changes": [{"asset_id": "100818499003359884559774352671825765184103958625070066814408985574716007147193", "price": "0.73", "size": "0", "side": "BUY", "hash": "4f3cf2ea303226e3da969dd60566931bd73cbde9", "best_bid": "0.77", "best_ask": "0.81"}, {"asset_id": "36135303630970774358991758965953725374791089628290212294816140371870983436829", "price": "0.27", "size": "0", "side": "SELL", "hash": "ddd73816b5948e082787aa98174b3428494aee9d", "best_bid": "0.19", "best_ask": "0.23"}], "timestamp": "1769384015562", "event_type": "price_change"}}
{"_local_timestamp": "2026-01-25T23:33:36.409003+00:00", "data": {"market": "0x6e6851f2698629795fa06869d961c986221a80cedcba10fbaf0ed220607cdada", "price_changes": [{"asset_id": "100818499003359884559774352671825765184103958625070066814408985574716007147193", "price": "0.78", "size": "100", "side": "BUY", "hash": "9b2bab6acb0f874ec9492caa3d1af47363d91cb7", "best_bid": "0.78", "best_ask": "0.81"}, {"asset_id": "36135303630970774358991758965953725374791089628290212294816140371870983436829", "price": "0.22", "size": "100", "side": "SELL", "hash": "6e4c9f20ad5e28af4b8c400b47b2cbc668c449b1", "best_bid": "0.19", "best_ask": "0.22"}], "timestamp": "1769384016341", "event_type": "price_change"}}
{"_local_timestamp": "2026-01-25T23:33:39.742461+00:00", "data": {"market": "0x6e6851f2698629795fa06869d961c986221a80cedcba10fbaf0ed220607cdada", "price_changes": [{"asset_id": "100818499003359884559774352671825765184103958625070066814408985574716007147193", "price": "0.77", "size": "22.9", "side": "BUY", "hash": "18e68c0cad6a52c2e8267316426c8cb8506c59f1", "best_bid": "0.78", "best_ask": "0.81"}, {"asset_id": "36135303630970774358991758965953725374791089628290212294816140371870983436829", "price": "0.23", "size": "22.9", "side": "SELL", "hash": "28866d6c915ca0854fb0e3e2ec3ad6e6dad5348d", "best_bid": "0.19", "best_ask": "0.22"}], "timestamp": "1769384019671", "event_type": "price_change"}}
{"_local_timestamp": "2026-01-25T23:33:40.141708+00:00", "data": {"market": "0x6e6851f2698629795fa06869d961c986221a80cedcba10fbaf0ed220607cdada", "price_changes": [{"asset_id": "100818499003359884559774352671825765184103958625070066814408985574716007147193", "price": "0.78", "size": "0", "side": "BUY", "hash": "ea7f46d1a9dea13f19d85f9d5e04bc236efb1c30", "best_bid": "0.77", "best_ask": "0.81"}, {"asset_id": "36135303630970774358991758965953725374791089628290212294816140371870983436829", "price": "0.22", "size": "0", "side": "SELL", "hash": "860d8124094885c7995d286e8a3a785a01f87859", "best_bid": "0.19", "best_ask": "0.23"}], "timestamp": "1769384020042", "event_type": "price_change"}}
{"_local_timestamp": "2026-01-25T23:33:40.957306+00:00", "data": {"market": "0x6e6851f2698629795fa06869d961c986221a80cedcba10fbaf0ed220607cdada", "price_changes": [{"asset_id": "100818499003359884559774352671825765184103958625070066814408985574716007147193", "price": "0.73", "size": "100", "side": "BUY", "hash": "47d6bd8858c3e2f1936d3d9639f9fd22f745eaac", "best_bid": "0.77", "best_ask": "0.81"}, {"asset_id": "36135303630970774358991758965953725374791089628290212294816140371870983436829", "price": "0.27", "size": "100", "side": "SELL", "hash": "c93e738ef44de4525437bc17e2f80b501a9ef5af", "best_bid": "0.19", "best_ask": "0.23"}], "timestamp": "1769384020849", "event_type": "price_change"}}
{"_local_timestamp": "2026-01-25T23:33:45.414960+00:00", "data": {"market": "0x6e6851f2698629795fa06869d961c986221a80cedcba10fbaf0ed220607cdada", "price_changes": [{"asset_id": "100818499003359884559774352671825765184103958625070066814408985574716007147193", "price": "0.77", "size": "52.9", "side": "BUY", "hash": "5783b1b9179a1e6291b421e88614f915c2a9da5b", "best_bid": "0.77", "best_ask": "0.81"}, {"asset_id": "36135303630970774358991758965953725374791089628290212294816140371870983436829", "price": "0.23", "size": "52.9", "side": "SELL", "hash": "a8a13ce63448cd1e1a08d73d81e6e238644cd56b", "best_bid": "0.19", "best_ask": "0.23"}], "timestamp": "1769384025332", "event_type": "price_change"}}
{"_local_timestamp": "2026-01-25T23:33:48.882227+00:00", "data": {"market": "0x6e6851f2698629795fa06869d961c986221a80cedcba10fbaf0ed220607cdada", "price_changes": [{"asset_id": "100818499003359884559774352671825765184103958625070066814408985574716007147193", "price": "0.73", "size": "0", "side": "BUY", "hash": "9dac6f1ef47561fbb79ef9d893b445b9abec974e", "best_bid": "0.77", "best_ask": "0.81"}, {"asset_id": "36135303630970774358991758965953725374791089628290212294816140371870983436829", "price": "0.27", "size": "0", "side": "SELL", "hash": "0e1afcf3c7d1771ad7b94b7281ddf32fdee2c68c", "best_bid": "0.19", "best_ask": "0.23"}], "timestamp": "1769384028817", "event_type": "price_change"}}
{"_local_timestamp": "2026-01-25T23:33:49.598255+00:00", "data": {"market": "0x6e6851f2698629795fa06869d961c986221a80cedcba10fbaf0ed220607cdada", "price_changes": [{"asset_id": "100818499003359884559774352671825765184103958625070066814408985574716007147193", "price": "0.78", "size": "100", "side": "BUY", "hash": "32160976fba6b2d2bba4118fcfdc409a9aaef303", "best_bid": "0.78", "best_ask": "0.81"}, {"asset_id": "36135303630970774358991758965953725374791089628290212294816140371870983436829", "price": "0.22", "size": "100", "side": "SELL", "hash": "164139fcd5424db6897685043a530657103c4bf9", "best_bid": "0.19", "best_ask": "0.22"}], "timestamp": "1769384029529", "event_type": "price_change"}}
