{"_local_timestamp": "2026-01-25T23:40:36.436826+00:00", "data": [{"market": "0x7e045734da5d2a0743da450cc5cff8e2c1e1298a9731f7fbadd7c13823c5c79c", "asset_id": "45858479053746616749156519360893482359161569156141079722407137651102212018480", "timestamp": "1769384426836", "hash": "10f04dd45ad2c35c4fba69097cbf7c0efd68ba2a", "bids": [{"price": "0.01", "size": "7509.77"}, {"price": "0.02", "size": "6300"}, {"price": "0.03", "size": "8.03"}, {"price": "0.04", "size": "1250"}, {"price": "0.08", "size": "1400"}, {"price": "0.09", "size": "7.34"}, {"price": "0.11", "size": "309.09"}, {"price": "0.14", "size": "550"}, {"price": "0.15", "size": "213.33"}, {"price": "0.16", "size": "1000"}, {"price": "0.19", "size": "147.36"}, {"price": "0.2", "size": "1000"}, {"price": "0.21", "size": "100"}, {"price": "0.22", "size": "2058"}, {"price": "0.23", "size": "113.04"}, {"price": "0.25", "size": "500"}, {"price": "0.26", "size": "300"}, {"price": "0.27", "size": "138.88"}, {"price": "0.3", "size": "66.66"}, {"price": "0.34", "size": "20"}, {"price": "0.35", "size": "3373"}, {"price": "0.36", "size": "15"}, {"price": "0.66", "size": "19.69"}, {"price": "0.67", "size": "16.41"}, {"price": "0.69", "size": "220"}, {"price": "0.7", "size": "111.75"}, {"price": "0.72", "size": "1120"}, {"price": "0.74", "size": "100"}, {"price": "0.75", "size": "477.3"}], "asks": [{"price": "0.99", "size": "516017.68"}, {"price": "0.98", "size": "27350"}, {"price": "0.97", "size": "30.77"}, {"price": "0.93", "size": "5"}, {"price": "0.91", "size": "101"}, {"price": "0.88", "size": "100"}, {"price": "0.86", "size": "504"}, {"price": "0.85", "size": "1760"}, {"price": "0.84", "size": "81.25"}, {"price": "0.83", "size": "492.72"}, {"price": "0.82", "size": "841.78"}, {"price": "0.81", "size": "7.79"}, {"price": "0.79", "size": "25315"}, {"price": "0.78", "size": "25755"}, {"price": "0.77", "size": "25495.92"}, {"price": "0.76", "size": "10118.13"}], "event_type": "book", "last_trade_price": "0.240"}, {"market": "0x7e045734da5d2a0743da450cc5cff8e2c1e1298a9731f7fbadd7c13823c5c79c", "asset_id": "44447031562738174918016769793991804433486269578769473189935766976836636647978", "timestamp": "1769384426836", "hash": "d5fadb9cd4b47e68b0b819ea52c096491b76dce1", "bids": [{"price": "0.01", "size": "516017.68"}, {"price": "0.02", "size": "27350"}, {"price": "0.03", "size": "30.77"}, {"price": "0.07", "size": "5"}, {"price": "0.09", "size": "101"}, {"price": "0.12", "size": "100"}, {"price": "0.14", "size": "504"}, {"price": "0.15", "size": "1760"}, {"price": "0.16", "size": "81.25"}, {"price": "0.17", "size": "492.72"}, {"price": "0.18", "size": "841.78"}, {"price": "0.19", "size": "7.79"}, {"price": "0.21", "size": "25315"}, {"price": "0.22", "size": "25755"}, {"price": "0.23", "size": "25495.92"}, {"price": "0.24", "size": "10118.13"}], "asks": [{"price": "0.99", "size": "7509.77"}, {"price": "0.98", "size": "6300"}, {"price": "0.97", "size": "8.03"}, {"price": "0.96", "size": "1250"}, {"price": "0.92", "size": "1400"}, {"price": "0.91", "size": "7.34"}, {"price": "0.89", "size": "309.09"}, {"price": "0.86", "size": "550"}, {"price": "0.85", "size": "213.33"}, {"price": "0.84", "size": "1000"}, {"price": "0.81", "size": "147.36"}, {"price": "0.8", "size": "1000"}, {"price": "0.79", "size": "100"}, {"price": "0.78", "size": "2058"}, {"price": "0.77", "size": "113.04"}, {"price": "0.75", "size": "500"}, {"price": "0.74", "size": "300"}, {"price": "0.73", "size": "138.88"}, {"price": "0.7", "size": "66.66"}, {"price": "0.66", "size": "20"}, {"price": "0.65", "size": "3373"}, {"price": "0.64", "size": "15"}, {"price": "0.34", "size": "19.69"}, {"price": "0.33", "size": "16.41"}, {"price": "0.31", "size": "220"}, {"price": "0.3", "size": "111.75"}, {"price": "0.28", "size": "1120"}, {"price": "0.26", "size": "100"}, {"price": "0.25", "size": "477.3"}], "event_type": "book", "last_trade_price": "0.240"}]}
{"_local_timestamp": "2026-01-25T23:41:14.614055+00:00", "data": {"market": "0x7e045734da5d2a0743da450cc5cff8e2c1e1298a9731f7fbadd7c13823c5c79c", "price_changes": [{"asset_id": "45858479053746616749156519360893482359161569156141079722407137651102212018480", "price": "0.22", "size": "150", "side": "BUY", "hash": "d395c2626c62669f5217f3eb7a7c714b50d46394", "best_bid": "0.75", "best_ask": "0.76"}, {"asset_id": "44447031562738174918016769793991804433486269578769473189935766976836636647978", "price": "0.78", "size": "150", "side": "SELL", "hash": "3b6e31199d319b1c00acc878383a7d43fd3998b4", "best_bid": "0.24", "best_ask": "0.25"}], "timestamp": "1769384474530", "event_type": "price_change"}}
{"_local_timestamp": "2026-01-25T23:41:49.488136+00:00", "data": {"market": "0x7e045734da5d2a0743da450cc5cff8e2c1e1298a9731f7fbadd7c13823c5c79c", "price_changes": [{"asset_id": "45858479053746616749156519360893482359161569156141079722407137651102212018480", "price": "0.22", "size": "50", "side": "BUY", "hash": "244aa81f6651745f652b60a16c8e892ec33d785a", "best_bid": "0.75", "best_ask": "0.76"}, {"asset_id": "44447031562738174918016769793991804433486269578769473189935766976836636647978", "price": "0.78", "size": "50", "side": "SELL", "hash": "89395fcf3aa13cf604914160fa1d0af33a91f377", "best_bid": "0.24", "best_ask": "0.25"}], "timestamp": "1769384509403", "event_type": "price_change"}}
{"_local_timestamp": "2026-01-25T23:41:49.766802+00:00", "data": {"market": "0x7e045734da5d2a0743da450cc5cff8e2c1e1298a9731f7fbadd7c13823c5c79c", "price_changes": [{"asset_id": "45858479053746616749156519360893482359161569156141079722407137651102212018480", "price": "0.25", "size": "600", "side": "BUY", "hash": "43bf30bbd6cf153d9ee51d5f68115c0499606925", "best_bid": "0.75", "best_ask": "0.76"}, {"asset_id": "44447031562738174918016769793991804433486269578769473189935766976836636647978", "price": "0.75", "size": "600", "side": "SELL", "hash": "a1231fa11128eba9972028e3010c80088e595942", "best_bid": "0.24", "best_ask": "0.25"}], "timestamp": "1769384509664", "event_type": "price_change"}}
{"_local_timestamp": "2026-01-25T23:41:50.967504+00:00", "data": {"market": "0x7e045734da5d2a0743da450cc5cff8e2c1e1298a9731f7fbadd7c13823c5c79c", "price_changes": [{"asset_id": "45858479053746616749156519360893482359161569156141079722407137651102212018480", "price": "0.21", "size": "0", "side": "BUY", "hash": "c5681854760e5b153e38422713f83e34b8233cc4", "best_bid": "0.75", "best_ask": "0.76"}, {"asset_id": "44447031562738174918016769793991804433486269578769473189935766976836636647978", "price": "0.79", "size": "0", "side": "SELL", "hash": "c205385933fa21878c08261bc98c24ef77c480c6", "best_bid": "0.24", "best_ask": "0.25"}], "timestamp": "1769384510772", "event_type": "price_change"}}
{"_local_timestamp": "2026-01-25T23:41:52.934744+00:00", "data": {"market": "0x7e045734da5d2a0743da450cc5cff8e2c1e1298a9731f7fbadd7c13823c5c79c", "price_changes": [{"asset_id": "45858479053746616749156519360893482359161569156141079722407137651102212018480", "price": "0.22", "size": "150", "side": "BUY", "hash": "6304c7f90f13c9a9c8e395424ac0b7bc1c8d3804", "best_bid": "0.75", "best_ask": "0.76"}, {"asset_id": "44447031562738174918016769793991804433486269578769473189935766976836636647978", "price": "0.78", "size": "150", "side": "SELL", "hash": "8f71970538215bdab5554b3a49cd7ee5eade178a", "best_bid": "0.24", "best_ask": "0.25"}], "timestamp": "1769384511853", "event_type": "price_change"}}
{"_local_timestamp": "2026-01-25T23:41:58.404795+00:00", "data": {"market": "0x7e045734da5d2a0743da450cc5cff8e2c1e1298a9731f7fbadd7c13823c5c79c", "price_changes": [{"asset_id": "45858479053746616749156519360893482359161569156141079722407137651102212018480", "price": "0.21", "size": "1998", "side": "BUY", "hash": "e736ae6a3ec50dd5506043cec8bcbe944be9881d", "best_bid": "0.75", "best_ask": "0.76"}, {"asset_id": "44447031562738174918016769793991804433486269578769473189935766976836636647978", "price": "0.79", "size": "1998", "side": "SELL", "hash": "bc824a14e2813fd496a5ca7c25dd9d378ccb386d", "best_bid": "0.24", "best_ask": "0.25"}], "timestamp": "1769384518335", "event_type": "price_change"}}
{"_local_timestamp": "2026-01-25T23:42:03.130590+00:00", "data": {"market": "0x7e045734da5d2a0743da450cc5cff8e2c1e1298a9731f7fbadd7c13823c5c79c", "price_changes": [{"asset_id": "44447031562738174918016769793991804433486269578769473189935766976836636647978", "price": "0.15", "size": "1774", "side": "BUY", "hash": "6c0996e78c71e5a1b12f2f5e716251ffa5e7eb90", "best_bid": "0.24", "best_ask": "0.25"}, {"asset_id": "45858479053746616749156519360893482359161569156141079722407137651102212018480", "price": "0.85", "size": "1774", "side": "SELL", "hash": "5323e0a5c5f3706f84c8fc66d79f6fc8323e506c", "best_bid": "0.75", "best_ask": "0.76"}], "timestamp": "1769384523057", "event_type": "price_change"}}
{"_local_timestamp": "2026-01-25T23:42:03.131064+00:00", "data": {"market": "0x7e045734da5d2a0743da450cc5cff8e2c1e1298a9731f7fbadd7c13823c5c79c", "price_changes": [{"asset_id": "44447031562738174918016769793991804433486269578769473189935766976836636647978", "price": "0.21", "size": "25320", "side": "BUY", "hash": "f08a1b0a5bb264d4ec421efb1bda4fe2f333c008", "best_bid": "0.24", "best_ask": "0.25"}, {"asset_id": "45858479053746616749156519360893482359161569156141079722407137651102212018480", "price": "0.79", "size": "25320", "side": "SELL", "hash": "d7210b62981b7f7efeb0b8102617af494e1b0878", "best_bid": "0.75", "best_ask": "0.76"}], "timestamp": "1769384523058", "event_type": "price_change"}}
{"_local_timestamp": "2026-01-25T23:42:03.131486+00:00", "data": {"market": "0x7e045734da5d2a0743da450cc5cff8e2c1e1298a9731f7fbadd7c13823c5c79c", "price_changes": [{"asset_id": "44447031562738174918016769793991804433486269578769473189935766976836636647978", "price": "0.18", "size": "846.78", "side": "BUY", "hash": "50a84e60b7a6b0220348b737ac0ad744d0784db9", "best_bid": "0.24", "best_ask": "0.25"}, {"asset_id": "45858479053746616749156519360893482359161569156141079722407137651102212018480", "price": "0.82", "size": "846.78", "side": "SELL", "hash": "83ed0637a683fe1f051987aa73778340c009eb28", "best_bid": "0.75", "best_ask": "0.76"}], "timestamp": "1769384523058", "event_type": "price_change"}}
{"_local_timestamp": "2026-01-25T23:42:47.140524+00:00", "data": {"market": "0x7e045734da5d2a0743da450cc5cff8e2c1e1298a9731f7fbadd7c13823c5c79c", "price_changes": [{"asset_id": "45858479053746616749156519360893482359161569156141079722407137651102212018480", "price": "0.21", "size": "0", "side": "BUY", "hash": "eb59c64f21e9e086494ba4797ee16e4c888788d4", "best_bid": "0.75", "best_ask": "0.76"}, {"asset_id": "44447031562738174918016769793991804433486269578769473189935766976836636647978", "price": "0.79", "size": "0", "side": "SELL", "hash": "b9f6e5cee8dac454afdb93432752ab05fc444087", "best_bid": "0.24", "best_ask": "0.25"}], "timestamp": "1769384566992", "event_type": "price_change"}}
{"_local_timestamp": "2026-01-25T23:42:58.851053+00:00", "data": {"market": "0x7e045734da5d2a0743da450cc5cff8e2c1e1298a9731f7fbadd7c13823c5c79c", "price_changes": [{"asset_id": "45858479053746616749156519360893482359161569156141079722407137651102212018480", "price": "0.25", "size": "500", "side": "BUY", "hash": "14f61d660312c04cedfe658dbe580b79aaf20af1", "best_bid": "0.75", "best_ask": "0.76"}, {"asset_id": "44447031562738174918016769793991804433486269578769473189935766976836636647978", "price": "0.75", "size": "500", "side": "SELL", "hash": "deb3fb844bacbb3059ef5a687847d7ece5787761", "best_bid": "0.24", "best_ask": "0.25"}], "timestamp": "1769384578723", "event_type": "price_change"}}
{"_local_timestamp": "2026-01-25T23:42:59.111706+00:00", "data": {"market": "0x7e045734da5d2a0743da450cc5cff8e2c1e1298a9731f7fbadd7c13823c5c79c", "price_changes": [{"asset_id": "45858479053746616749156519360893482359161569156141079722407137651102212018480", "price": "0.21", "size": "100", "side": "BUY", "hash": "4d89b11d83ba309602c37a653d52066b764fd30f", "best_bid": "0.75", "best_ask": "0.76"}, {"asset_id": "44447031562738174918016769793991804433486269578769473189935766976836636647978", "price": "0.79", "size": "100", "side": "SELL", "hash": "0227ad6837737931f746d14567d33d6583fe70dc", "best_bid": "0.24", "best_ask": "0.25"}], "timestamp": "1769384578979", "event_type": "price_change"}}
{"_local_timestamp": "2026-01-25T23:43:28.911564+00:00", "data": {"market": "0x7e045734da5d2a0743da450cc5cff8e2c1e1298a9731f7fbadd7c13823c5c79c", "price_changes": [{"asset_id": "45858479053746616749156519360893482359161569156141079722407137651102212018480", "price": "0.23", "size": "1939.04", "side": "BUY", "hash": "247027093146ac2a8272f4b3abfe3dbe58e562c8", "best_bid": "0.75", "best_ask": "0.76"}, {"asset_id": "44447031562738174918016769793991804433486269578769473189935766976836636647978", "price": "0.77", "size": "1939.04", "side": "SELL", "hash": "d7090eb6087939914233759afc55d6b337243a7b", "best_bid": "0.24", "best_ask": "0.25"}], "timestamp": "1769384608746", "event_type": "price_change"}}
{"_local_timestamp": "2026-01-25T23:43:38.601529+00:00", "data": {"market": "0x7e045734da5d2a0743da450cc5cff8e2c1e1298a9731f7fbadd7c13823c5c79c", "price_changes": [{"asset_id": "45858479053746616749156519360893482359161569156141079722407137651102212018480", "price": "0.21", "size": "0", "side": "BUY", "hash": "2a2af62aa46517c42d4c9e315594d937c66b9faf", "best_bid": "0.75", "best_ask": "0.76"}, {"asset_id": "44447031562738174918016769793991804433486269578769473189935766976836636647978", "price": "0.79", "size": "0", "side": "SELL", "hash": "5df0e5e02f7bca7aa9ce5b737e2ee4a1356133e5", "best_bid": "0.24", "best_ask": "0.25"}], "timestamp": "1769384618465", "event_type": "price_change"}}
{"_local_timestamp": "2026-01-25T23:43:38.876918+00:00", "data": {"market": "0x7e045734da5d2a0743da450cc5cff8e2c1e1298a9731f7fbadd7c13823c5c79c", "price_changes": [{"asset_id": "45858479053746616749156519360893482359161569156141079722407137651102212018480", "price": "0.25", "size": "600", "side": "BUY", "hash": "91997bf07a3abef5f9bf3ff1567872ca795f0867", "best_bid": "0.75", "best_ask": "0.76"}, {"asset_id": "44447031562738174918016769793991804433486269578769473189935766976836636647978", "price": "0.75", "size": "600", "side": "SELL", "hash": "3275eb024803f834ae53c3dbd39f5aa427bca843", "best_bid": "0.24", "best_ask": "0.25"}], "timestamp": "1769384618719", "event_type": "price_change"}}
{"_local_timestamp": "2026-01-25T23:44:18.010290+00:00", "data": {"market": "0x7e045734da5d2a0743da450cc5cff8e2c1e1298a9731f7fbadd7c13823c5c79c", "price_changes": [{"asset_id": "45858479053746616749156519360893482359161569156141079722407137651102212018480", "price": "0.25", "size": "500", "side": "BUY", "hash": "169f82ce798afca1aa2d7d1ddfa58d499d5240ac", "best_bid": "0.75", "best_ask": "0.76"}, {"asset_id": "44447031562738174918016769793991804433486269578769473189935766976836636647978", "price": "0.75", "size": "500", "side": "SELL", "hash": "f4dd165a4904542ee04d13cfad9de901abe6eb5b", "best_bid": "0.24", "best_ask": "0.25"}], "timestamp": "1769384657925", "event_type": "price_change"}}
{"_local_timestamp": "2026-01-25T23:44:18.278341+00:00", "data": {"market": "0x7e045734da5d2a0743da450cc5cff8e2c1e1298a9731f7fbadd7c13823c5c79c", "price_changes": [{"asset_id": "45858479053746616749156519360893482359161569156141079722407137651102212018480", "price": "0.23", "size": "2039.04", "side": "BUY", "hash": "f01c8a763d3f7e7b265a3b8de99e544087efbd73", "best_bid": "0.75", "best_ask": "0.76"}, {"asset_id": "44447031562738174918016769793991804433486269578769473189935766976836636647978", "price": "0.77", "size": "2039.04", "side": "SELL", "hash": "5b89ef8acac92a2f673dd33983ac79246a6642a6", "best_bid": "0.24", "best_ask": "0.25"}], "timestamp": "1769384658186", "event_type": "price_change"}}
{"_local_timestamp": "2026-01-25T23:44:20.756123+00:00", "data": {"market": "0x7e045734da5d2a0743da450cc5cff8e2c1e1298a9731f7fbadd7c13823c5c79c", "price_changes": [{"asset_id": "45858479053746616749156519360893482359161569156141079722407137651102212018480", "price": "0.22", "size": "50", "side": "BUY", "hash": "ef4f0715712daae906f6ac70ec42a39a9ec94520", "best_bid": "0.75", "best_ask": "0.76"}, {"asset_id": "44447031562738174918016769793991804433486269578769473189935766976836636647978", "price": "0.78", "size": "50", "side": "SELL", "hash": "f8d43f14bd5ff67e05ed457e95f25c96849c3a3a", "best_bid": "0.24", "best_ask": "0.25"}], "timestamp": "1769384660492", "event_type": "price_change"}}
{"_local_timestamp": "2026-01-25T23:44:21.463735+00:00", "data": {"market": "0x7e045734da5d2a0743da450cc5cff8e2c1e1298a9731f7fbadd7c13823c5c79c", "price_changes": [{"asset_id": "45858479053746616749156519360893482359161569156141079722407137651102212018480", "price": "0.21", "size": "100", "side": "BUY", "hash": "b62c73c6e5c9f6bc73a05aeab0b3762ebab4f047", "best_bid": "0.75", "best_ask": "0.76"}, {"asset_id": "44447031562738174918016769793991804433486269578769473189935766976836636647978", "price": "0.79", "size": "100", "side": "SELL", "hash": "fc03e0118a6017b571f4b7f442886a98414ca5b4", "best_bid": "0.24", "best_ask": "0.25"}], "timestamp": "1769384660913", "event_type": "price_change"}}
{"_local_timestamp": "2026-01-25T23:44:57.830038+00:00", "data": {"market": "0x7e045734da5d2a0743da450cc5cff8e2c1e1298a9731f7fbadd7c13823c5c79c", "price_changes": [{"asset_id": "45858479053746616749156519360893482359161569156141079722407137651102212018480", "price": "0.22", "size": "0", "side": "BUY", "hash": "8a7231f9b8b20fc4da706969c66558eda20a41d5", "best_bid": "0.75", "best_ask": "0.76"}, {"asset_id": "44447031562738174918016769793991804433486269578769473189935766976836636647978", "price": "0.78", "size": "0", "side": "SELL", "hash": "0b484e00e8ea0ae89ef433f54decd05f6613a3cd", "best_bid": "0.24", "best_ask": "0.25"}], "timestamp": "1769384697734", "event_type": "price_change"}}
{"_local_timestamp": "2026-01-25T23:44:58.388108+00:00", "data": {"market": "0x7e045734da5d2a0743da450cc5cff8e2c1e1298a9731f7fbadd7c13823c5c79c", "price_changes": [{"asset_id": "45858479053746616749156519360893482359161569156141079722407137651102212018480", "price": "0.2", "size": "1050", "side": "BUY", "hash": "98febc640303875115640b3d7768121b69f921bd", "best_bid": "0.75", "best_ask": "0.76"}, {"asset_id": "44447031562738174918016769793991804433486269578769473189935766976836636647978", "price": "0.8", "size": "1050", "side": "SELL", "hash": "dbe12d8cae94916ec8c57223b21a0c3d4066ce18", "best_bid": "0.24", "best_ask": "0.25"}], "timestamp": "1769384698225", "event_type": "price_change"}}
{"_local_timestamp": "2026-01-25T23:45:20.073372+00:00", "data": {"market": "0x7e045734da5d2a0743da450cc5cff8e2c1e1298a9731f7fbadd7c13823c5c79c", "price_changes": [{"asset_id": "44447031562738174918016769793991804433486269578769473189935766976836636647978", "price": "0.18", "size": "118.78", "side": "BUY", "hash": "6fc15ff8452629f046cb12ad3292ad973f679593", "best_bid": "0.24", "best_ask": "0.25"}, {"asset_id": "45858479053746616749156519360893482359161569156141079722407137651102212018480", "price": "0.82", "size": "118.78", "side": "SELL", "hash": "913e76eb9a343389901fbf0fc5dbe448aa77db04", "best_bid": "0.75", "best_ask": "0.76"}], "timestamp": "1769384720000", "event_type": "price_change"}}
{"_local_timestamp": "2026-01-25T23:45:27.986720+00:00", "data": {"market": "0x7e045734da5d2a0743da450cc5cff8e2c1e1298a9731f7fbadd7c13823c5c79c", "price_changes": [{"asset_id": "45858479053746616749156519360893482359161569156141079722407137651102212018480", "price": "0.35", "size": "175", "side": "BUY", "hash": "4a295dc95072c4d37530ef5f5b6993e9aaab7ea0", "best_bid": "0.75", "best_ask": "0.76"}, {"asset_id": "44447031562738174918016769793991804433486269578769473189935766976836636647978", "price": "0.65", "size": "175", "side": "SELL", "hash": "a8dc0f1aff78c950d4c00de5ce8266f6638d96a9", "best_bid": "0.24", "best_ask": "0.25"}], "timestamp": "1769384727919", "event_type": "price_change"}}
{"_local_timestamp": "2026-01-25T23:45:28.204889+00:00", "data": {"market": "0x7e045734da5d2a0743da450cc5cff8e2c1e1298a9731f7fbadd7c13823c5c79c", "price_changes": [{"asset_id": "45858479053746616749156519360893482359161569156141079722407137651102212018480", "price": "0.36", "size": "3118", "side": "BUY", "hash": "4d2603fdbb00b06fff9daab742359ab6394a8271", "best_bid": "0.75", "best_ask": "0.76"}, {"asset_id": "44447031562738174918016769793991804433486269578769473189935766976836636647978", "price": "0.64", "size": "3118", "side": "SELL", "hash": "09d89ad9d42c9409c98eccfb94f86e46a608011d", "best_bid": "0.24", "best_ask": "0.25"}], "timestamp": "1769384728139", "event_type": "price_change"}}
{"_local_timestamp": "2026-01-25T23:45:41.271212+00:00", "data": {"market": "0x7e045734da5d2a0743da450cc5cff8e2c1e1298a9731f7fbadd7c13823c5c79c", "price_changes": [{"asset_id": "45858479053746616749156519360893482359161569156141079722407137651102212018480", "price": "0.72", "size": "1020", "side": "BUY", "hash": "504838b3c9eb92c082cd548d5b4ed376ec23f050", "best_bid": "0.75", "best_ask": "0.76"}, {"asset_id": "44447031562738174918016769793991804433486269578769473189935766976836636647978", "price": "0.28", "size": "1020", "side": "SELL", "hash": "5f445bf1618b444ae09ab08be8d213afcaa1ae40", "best_bid": "0.24", "best_ask": "0.25"}], "timestamp": "1769384741188", "event_type": "price_change"}}
{"_local_timestamp": "2026-01-25T23:45:41.283363+00:00", "data": {"market": "0x7e045734da5d2a0743da450cc5cff8e2c1e1298a9731f7fbadd7c13823c5c79c", "price_changes": [{"asset_id": "44447031562738174918016769793991804433486269578769473189935766976836636647978", "price": "0.22", "size": "25655", "side": "BUY", "hash": "59fd71f2acf49db0a3433e1fc7d71d49b4607192", "best_bid": "0.24", "best_ask": "0.25"}, {"asset_id": "45858479053746616749156519360893482359161569156141079722407137651102212018480", "price": "0.78", "size": "25655", "side": "SELL", "hash": "fc634b7a8f3e9cb6004de116934f2ae19eb9b7da", "best_bid": "0.75", "best_ask": "0.76"}], "timestamp": "1769384741191", "event_type": "price_change"}}
{"_local_timestamp": "2026-01-25T23:45:57.817421+00:00", "data": {"market": "0x7e045734da5d2a0743da450cc5cff8e2c1e1298a9731f7fbadd7c13823c5c79c", "price_changes": [{"asset_id": "44447031562738174918016769793991804433486269578769473189935766976836636647978", "price": "0.22", "size": "25755", "side": "BUY", "hash": "cf3db4b44f57e26496b09a0e816d298e59b9dd7c", "best_bid": "0.24", "best_ask": "0.25"}, {"asset_id": "45858479053746616749156519360893482359161569156141079722407137651102212018480", "price": "0.78", "size": "25755", "side": "SELL", "hash": "070c8ca8b871964fd9f5b1c11120756a9ba4fdf7", "best_bid": "0.75", "best_ask": "0.76"}], "timestamp": "1769384757746", "event_type": "price_change"}}
{"_local_timestamp": "2026-01-25T23:45:59.583833+00:00", "data": {"market": "0x7e045734da5d2a0743da450cc5cff8e2c1e1298a9731f7fbadd7c13823c5c79c", "price_changes": [{"asset_id": "45858479053746616749156519360893482359161569156141079722407137651102212018480", "price": "0.72", "size": "1120", "side": "BUY", "hash": "9d6421c0d6f6b4dd0f5874a8453b61e40fb63931", "best_bid": "0.75", "best_ask": "0.76"}, {"asset_id": "44447031562738174918016769793991804433486269578769473189935766976836636647978", "price": "0.28", "size": "1120", "side": "SELL", "hash": "8910cb1d3f6b7094ab3d8c63c91f39ce30c1cab6", "best_bid": "0.24", "best_ask": "0.25"}], "timestamp": "1769384759515", "event_type": "price_change"}}
{"_local_timestamp": "2026-01-25T23:46:10.417913+00:00", "data": {"market": "0x7e045734da5d2a0743da450cc5cff8e2c1e1298a9731f7fbadd7c13823c5c79c", "price_changes": [{"asset_id": "44447031562738174918016769793991804433486269578769473189935766976836636647978", "price": "0.18", "size": "846.78", "side": "BUY", "hash": "9a3a3ae386807654ad335a09388852bca9ef0f0a", "best_bid": "0.24", "best_ask": "0.25"}, {"asset_id": "45858479053746616749156519360893482359161569156141079722407137651102212018480", "price": "0.82", "size": "846.78", "side": "SELL", "hash": "ae064c65f57df123b51288a8fc5c82ac038f1dfa", "best_bid": "0.75", "best_ask": "0.76"}], "timestamp": "1769384770348", "event_type": "price_change"}}
{"_local_timestamp": "2026-01-25T23:46:10.559900+00:00", "data": {"market": "0x7e045734da5d2a0743da450cc5cff8e2c1e1298a9731f7fbadd7c13823c5c79c", "price_changes": [{"asset_id": "45858479053746616749156519360893482359161569156141079722407137651102212018480", "price": "0.23", "size": "213.04", "side": "BUY", "hash": "76c1feb16a0107a8fe31eb1eafc5e41eb1c3411b", "best_bid": "0.75", "best_ask": "0.76"}, {"asset_id": "44447031562738174918016769793991804433486269578769473189935766976836636647978", "price": "0.77", "size": "213.04", "side": "SELL", "hash": "2ce5e84bf3b62ad92cffd09f1a1abdb3e3e02768", "best_bid": "0.24", "best_ask": "0.25"}], "timestamp": "1769384770461", "event_type": "price_change"}}
{"_local_timestamp": "2026-01-25T23:46:33.823318+00:00", "data": {"market": "0x7e045734da5d2a0743da450cc5cff8e2c1e1298a9731f7fbadd7c13823c5c79c", "price_changes": [{"asset_id": "45858479053746616749156519360893482359161569156141079722407137651102212018480", "price": "0.21", "size": "2098", "side": "BUY", "hash": "bb2927ee207a27068a1d4a3745228e7a9fe9b8a8", "best_bid": "0.75", "best_ask": "0.76"}, {"asset_id": "44447031562738174918016769793991804433486269578769473189935766976836636647978", "price": "0.79", "size": "2098", "side": "SELL", "hash": "2df1a3b83a0d21859a3bb5b03fb7686f688945a4", "best_bid": "0.24", "best_ask": "0.25"}], "timestamp": "1769384793743", "event_type": "price_change"}}
{"_local_timestamp": "2026-01-25T23:46:50.974013+00:00", "data": {"market": "0x7e045734da5d2a0743da450cc5cff8e2c1e1298a9731f7fbadd7c13823c5c79c", "price_changes": [{"asset_id": "45858479053746616749156519360893482359161569156141079722407137651102212018480", "price": "0.21", "size": "1998", "side": "BUY", "hash": "ae1bd8041ee1a80dc59662f5e82ec90b0e47aaed", "best_bid": "0.75", "best_ask": "0.76"}, {"asset_id": "44447031562738174918016769793991804433486269578769473189935766976836636647978", "price": "0.79", "size": "1998", "side": "SELL", "hash": "b75a8979b8bb2096b0135e844dbd8069d1573f70", "best_bid": "0.24", "best_ask": "0.25"}], "timestamp": "1769384810672", "event_type": "price_change"}}
{"_local_timestamp": "2026-01-25T23:46:51.563858+00:00", "data": {"market": "0x7e045734da5d2a0743da450cc5cff8e2c1e1298a9731f7fbadd7c13823c5c79c", "price_changes": [{"asset_id": "45858479053746616749156519360893482359161569156141079722407137651102212018480", "price": "0.23", "size": "313.04", "side": "BUY", "hash": "29feae0512d0af99e9d32fa76bef856dfe500d97", "best_bid": "0.75", "best_ask": "0.76"}, {"asset_id": "44447031562738174918016769793991804433486269578769473189935766976836636647978", "price": "0.77", "size": "313.04", "side": "SELL", "hash": "e9bca414f6a5960df7b7d4cf62c581f037a68e75", "best_bid": "0.24", "best_ask": "0.25"}], "timestamp": "1769384811223", "event_type": "price_change"}}
{"_local_timestamp": "2026-01-25T23:46:58.921015+00:00", "data": {"market": "0x7e045734da5d2a0743da450cc5cff8e2c1e1298a9731f7fbadd7c13823c5c79c", "price_changes": [{"asset_id": "45858479053746616749156519360893482359161569156141079722407137651102212018480", "price": "0.23", "size": "213.04", "side": "BUY", "hash": "780ae90557091d8eb437ecc4dac84e5c8dc00a81", "best_bid": "0.75", "best_ask": "0.76"}, {"asset_id": "44447031562738174918016769793991804433486269578769473189935766976836636647978", "price": "0.77", "size": "213.04", "side": "SELL", "hash": "39fa690054a4323884294792268781e22d2c8e5f", "best_bid": "0.24", "best_ask": "0.25"}], "timestamp": "1769384818847", "event_type": "price_change"}}
{"_local_timestamp": "2026-01-25T23:46:59.345349+00:00", "data": {"market": "0x7e045734da5d2a0743da450cc5cff8e2c1e1298a9731f7fbadd7c13823c5c79c", "price_changes": [{"asset_id": "45858479053746616749156519360893482359161569156141079722407137651102212018480", "price": "0.25", "size": "600", "side": "BUY", "hash": "71ddcc3fbc75f86ccf439d7c5604429225b5535f", "best_bid": "0.75", "best_ask": "0.76"}, {"asset_id": "44447031562738174918016769793991804433486269578769473189935766976836636647978", "price": "0.75", "size": "600", "side": "SELL", "hash": "71d9af1167d39ee74dce8b6610d9321a9ff15c5d", "best_bid": "0.24", "best_ask": "0.25"}], "timestamp": "1769384819204", "event_type": "price_change"}}
{"_local_timestamp": "2026-01-25T23:47:23.589106+00:00", "data": {"market": "0x7e045734da5d2a0743da450cc5cff8e2c1e1298a9731f7fbadd7c13823c5c79c", "price_changes": [{"asset_id": "45858479053746616749156519360893482359161569156141079722407137651102212018480", "price": "0.35", "size": "125", "side": "BUY", "hash": "2cdf5af9f1accf0b226e3948445346ad57cd6443", "best_bid": "0.75", "best_ask": "0.76"}, {"asset_id": "44447031562738174918016769793991804433486269578769473189935766976836636647978", "price": "0.65", "size": "125", "side": "SELL", "hash": "7602ee1d54924c93e4516a61c318609ed07e4f12", "best_bid": "0.24", "best_ask": "0.25"}], "timestamp": "1769384843412", "event_type": "price_change"}}
{"_local_timestamp": "2026-01-25T23:47:23.593896+00:00", "data": {"market": "0x7e045734da5d2a0743da450cc5cff8e2c1e1298a9731f7fbadd7c13823c5c79c", "price_changes": [{"asset_id": "45858479053746616749156519360893482359161569156141079722407137651102212018480", "price": "0.2", "size": "1000", "side": "BUY", "hash": "2cdf5af9f1accf0b226e3948445346ad57cd6443", "best_bid": "0.75", "best_ask": "0.76"}, {"asset_id": "44447031562738174918016769793991804433486269578769473189935766976836636647978", "price": "0.8", "size": "1000", "side": "SELL", "hash": "7602ee1d54924c93e4516a61c318609ed07e4f12", "best_bid": "0.24", "best_ask": "0.25"}], "timestamp": "1769384843412", "event_type": "price_change"}}
{"_local_timestamp": "2026-01-25T23:47:23.961524+00:00", "data": {"market": "0x7e045734da5d2a0743da450cc5cff8e2c1e1298a9731f7fbadd7c13823c5c79c", "price_changes": [{"asset_id": "45858479053746616749156519360893482359161569156141079722407137651102212018480", "price": "0.36", "size": "3168", "side": "BUY", "hash": "938a64a5fb41077d57ef3c746bc7647deb5b0914", "best_bid": "0.75", "best_ask": "0.76"}, {"asset_id": "44447031562738174918016769793991804433486269578769473189935766976836636647978", "price": "0.64", "size": "3168", "side": "SELL", "hash": "2cb92e86b43df63aa9f299b69c39c7ebb6a7ae53", "best_bid": "0.24", "best_ask": "0.25"}], "timestamp": "1769384843836", "event_type": "price_change"}}
{"_local_timestamp": "2026-01-25T23:47:24.002080+00:00", "data": {"market": "0x7e045734da5d2a0743da450cc5cff8e2c1e1298a9731f7fbadd7c13823c5c79c", "price_changes": [{"asset_id": "45858479053746616749156519360893482359161569156141079722407137651102212018480", "price": "0.23", "size": "263.04", "side": "BUY", "hash": "75a3b64dbdf12891284cbb662a99eb554a8e6534", "best_bid": "0.75", "best_ask": "0.76"}, {"asset_id": "44447031562738174918016769793991804433486269578769473189935766976836636647978", "price": "0.77", "size": "263.04", "side": "SELL", "hash": "5cafb2cebae8dca1ca7a14a92331693e964772c3", "best_bid": "0.24", "best_ask": "0.25"}], "timestamp": "1769384843857", "event_type": "price_change"}}
{"_local_timestamp": "2026-01-25T23:47:37.398943+00:00", "data": {"market": "0x7e045734da5d2a0743da450cc5cff8e2c1e1298a9731f7fbadd7c13823c5c79c", "price_changes": [{"asset_id": "45858479053746616749156519360893482359161569156141079722407137651102212018480", "price": "0.25", "size": "500", "side": "BUY", "hash": "bb3ebfbd450fec84f0034721233b8bba988703cd", "best_bid": "0.75", "best_ask": "0.76"}, {"asset_id": "44447031562738174918016769793991804433486269578769473189935766976836636647978", "price": "0.75", "size": "500", "side": "SELL", "hash": "d5e83c51fd1dce419b4e1719f043bc8925e63e4d", "best_bid": "0.24", "best_ask": "0.25"}], "timestamp": "1769384857298", "event_type": "price_change"}}
{"_local_timestamp": "2026-01-25T23:47:37.777339+00:00", "data": {"market": "0x7e045734da5d2a0743da450cc5cff8e2c1e1298a9731f7fbadd7c13823c5c79c", "price_changes": [{"asset_id": "45858479053746616749156519360893482359161569156141079722407137651102212018480", "price": "0.35", "size": "75", "side": "BUY", "hash": "dcff3729611dd4b933c97bb33ba3c73906ff2cd0", "best_bid": "0.75", "best_ask": "0.76"}, {"asset_id": "44447031562738174918016769793991804433486269578769473189935766976836636647978", "price": "0.65", "size": "75", "side": "SELL", "hash": "ed3d48eca7103dd9762949b412d9125dfe9cd4bd", "best_bid": "0.24", "best_ask": "0.25"}], "timestamp": "1769384857548", "event_type": "price_change"}}
{"_local_timestamp": "2026-01-25T23:47:37.948793+00:00", "data": {"market": "0x7e045734da5d2a0743da450cc5cff8e2c1e1298a9731f7fbadd7c13823c5c79c", "price_changes": [{"asset_id": "45858479053746616749156519360893482359161569156141079722407137651102212018480", "price": "0.21", "size": "2098", "side": "BUY", "hash": "daeaaa3e469f7900c21e9dc10acaa4179bc819a9", "best_bid": "0.75", "best_ask": "0.76"}, {"asset_id": "44447031562738174918016769793991804433486269578769473189935766976836636647978", "price": "0.79", "size": "2098", "side": "SELL", "hash": "0e24ef76fbef8db6d8317c11830288e4e10be79e", "best_bid": "0.24", "best_ask": "0.25"}], "timestamp": "1769384857605", "event_type": "price_change"}}
{"_local_timestamp": "2026-01-25T23:47:38.388382+00:00", "data": {"market": "0x7e045734da5d2a0743da450cc5cff8e2c1e1298a9731f7fbadd7c13823c5c79c", "price_changes": [{"asset_id": "45858479053746616749156519360893482359161569156141079722407137651102212018480", "price": "0.23", "size": "313.04", "side": "BUY", "hash": "ffc81ad03524e29eb8a498b254d6b5b5ce58a45d", "best_bid": "0.75", "best_ask": "0.76"}, {"asset_id": "44447031562738174918016769793991804433486269578769473189935766976836636647978", "price": "0.77", "size": "313.04", "side": "SELL", "hash": "a82e4f3b0728450c2f9930d865ace86be687874f", "best_bid": "0.24", "best_ask": "0.25"}], "timestamp": "1769384858074", "event_type": "price_change"}}
{"_local_timestamp": "2026-01-25T23:47:55.573627+00:00", "data": {"market": "0x7e045734da5d2a0743da450cc5cff8e2c1e1298a9731f7fbadd7c13823c5c79c", "price_changes": [{"asset_id": "45858479053746616749156519360893482359161569156141079722407137651102212018480", "price": "0.21", "size": "100", "side": "BUY", "hash": "979877975c3417fcbe93beb6669779d4b66ae04f", "best_bid": "0.75", "best_ask": "0.76"}, {"asset_id": "44447031562738174918016769793991804433486269578769473189935766976836636647978", "price": "0.79", "size": "100", "side": "SELL", "hash": "c651f1a5a851e687b5c01d59b69cb310631af2b1", "best_bid": "0.24", "best_ask": "0.25"}], "timestamp": "1769384875409", "event_type": "price_change"}}
{"_local_timestamp": "2026-01-25T23:48:02.183163+00:00", "data": {"market": "0x7e045734da5d2a0743da450cc5cff8e2c1e1298a9731f7fbadd7c13823c5c79c", "price_changes": [{"asset_id": "44447031562738174918016769793991804433486269578769473189935766976836636647978", "price": "0.18", "size": "840.78", "side": "BUY", "hash": "17d796cac4508a1546922a2cd5ca7f7a507f3503", "best_bid": "0.24", "best_ask": "0.25"}, {"asset_id": "45858479053746616749156519360893482359161569156141079722407137651102212018480", "price": "0.82", "size": "840.78", "side": "SELL", "hash": "17f76675d7f2498f260cd38165e92a09558190f2", "best_bid": "0.75", "best_ask": "0.76"}], "timestamp": "1769384882000", "event_type": "price_change"}}
{"_local_timestamp": "2026-01-25T23:48:02.183744+00:00", "data": {"market": "0x7e045734da5d2a0743da450cc5cff8e2c1e1298a9731f7fbadd7c13823c5c79c", "price_changes": [{"asset_id": "44447031562738174918016769793991804433486269578769473189935766976836636647978", "price": "0.21", "size": "25005", "side": "BUY", "hash": "fb32cd841e0015ec42926f8d846606035f8ff5b8", "best_bid": "0.24", "best_ask": "0.25"}, {"asset_id": "45858479053746616749156519360893482359161569156141079722407137651102212018480", "price": "0.79", "size": "25005", "side": "SELL", "hash": "1d663e82fd9e2cd4cb025366514fad9a3a790544", "best_bid": "0.75", "best_ask": "0.76"}], "timestamp": "1769384882001", "event_type": "price_change"}}
{"_local_timestamp": "2026-01-25T23:48:02.184204+00:00", "data": {"market": "0x7e045734da5d2a0743da450cc5cff8e2c1e1298a9731f7fbadd7c13823c5c79c", "price_changes": [{"asset_id": "44447031562738174918016769793991804433486269578769473189935766976836636647978", "price": "0.15", "size": "14", "side": "BUY", "hash": "09eceacdd9c4570e33c7f8654ad30e4e296626a7", "best_bid": "0.24", "best_ask": "0.25"}, {"asset_id": "45858479053746616749156519360893482359161569156141079722407137651102212018480", "price": "0.85", "size": "14", "side": "SELL", "hash": "77defd3084e3ad3001e3b999bc15e6b1c9226c17", "best_bid": "0.75", "best_ask": "0.76"}], "timestamp": "1769384882002", "event_type": "price_change"}}
{"_local_timestamp": "2026-01-25T23:48:02.184664+00:00", "data": {"market": "0x7e045734da5d2a0743da450cc5cff8e2c1e1298a9731f7fbadd7c13823c5c79c", "price_changes": [{"asset_id": "44447031562738174918016769793991804433486269578769473189935766976836636647978", "price": "0.02", "size": "2350", "side": "BUY", "hash": "09eceacdd9c4570e33c7f8654ad30e4e296626a7", "best_bid": "0.24", "best_ask": "0.25"}, {"asset_id": "45858479053746616749156519360893482359161569156141079722407137651102212018480", "price": "0.98", "size": "2350", "side": "SELL", "hash": "77defd3084e3ad3001e3b999bc15e6b1c9226c17", "best_bid": "0.75", "best_ask": "0.76"}], "timestamp": "1769384882002", "event_type": "price_change"}}
{"_local_timestamp": "2026-01-25T23:48:48.669263+00:00", "data": {"market": "0x7e045734da5d2a0743da450cc5cff8e2c1e1298a9731f7fbadd7c13823c5c79c", "price_changes": [{"asset_id": "45858479053746616749156519360893482359161569156141079722407137651102212018480", "price": "0.21", "size": "0", "side": "BUY", "hash": "4196b75d111a2d1f17b22064135ceebe1e77b271", "best_bid": "0.75", "best_ask": "0.76"}, {"asset_id": "44447031562738174918016769793991804433486269578769473189935766976836636647978", "price": "0.79", "size": "0", "side": "SELL", "hash": "23e2af823a22ada08b2aef38685a993504b44bb3", "best_bid": "0.24", "best_ask": "0.25"}], "timestamp": "1769384928579", "event_type": "price_change"}}
{"_local_timestamp": "2026-01-25T23:48:48.909139+00:00", "data": {"market": "0x7e045734da5d2a0743da450cc5cff8e2c1e1298a9731f7fbadd7c13823c5c79c", "price_changes": [{"asset_id": "45858479053746616749156519360893482359161569156141079722407137651102212018480", "price": "0.25", "size": "600", "side": "BUY", "hash": "fce1a4856df755b25b8af162dbd91a48cc4d123c", "best_bid": "0.75", "best_ask": "0.76"}, {"asset_id": "44447031562738174918016769793991804433486269578769473189935766976836636647978", "price": "0.75", "size": "600", "side": "SELL", "hash": "60ce79e1939ca80bce1ba04693319af4572db2a5", "best_bid": "0.24", "best_ask": "0.25"}], "timestamp": "1769384928836", "event_type": "price_change"}}
{"_local_timestamp": "2026-01-25T23:49:16.881642+00:00", "data": {"market": "0x7e045734da5d2a0743da450cc5cff8e2c1e1298a9731f7fbadd7c13823c5c79c", "price_changes": [{"asset_id": "45858479053746616749156519360893482359161569156141079722407137651102212018480", "price": "0.24", "size": "1748", "side": "BUY", "hash": "23bc5f92d2a6daf42376ff2ae783113c06a46b57", "best_bid": "0.75", "best_ask": "0.76"}, {"asset_id": "44447031562738174918016769793991804433486269578769473189935766976836636647978", "price": "0.76", "size": "1748", "side": "SELL", "hash": "f91ae54c27bd05fba53bb28a88735d269b55e308", "best_bid": "0.24", "best_ask": "0.25"}], "timestamp": "1769384956816", "event_type": "price_change"}}
{"_local_timestamp": "2026-01-25T23:49:18.757981+00:00", "data": {"market": "0x7e045734da5d2a0743da450cc5cff8e2c1e1298a9731f7fbadd7c13823c5c79c", "price_changes": [{"asset_id": "44447031562738174918016769793991804433486269578769473189935766976836636647978", "price": "0.02", "size": "27350", "side": "BUY", "hash": "482591cfda614ad7f9b052bd1af0747515e482e2", "best_bid": "0.24", "best_ask": "0.25"}, {"asset_id": "45858479053746616749156519360893482359161569156141079722407137651102212018480", "price": "0.98", "size": "27350", "side": "SELL", "hash": "a21bb4a9413e4632090436700149eb4de315e0d7", "best_bid": "0.75", "best_ask": "0.76"}], "timestamp": "1769384958690", "event_type": "price_change"}}
{"_local_timestamp": "2026-01-25T23:49:18.762591+00:00", "data": {"market": "0x7e045734da5d2a0743da450cc5cff8e2c1e1298a9731f7fbadd7c13823c5c79c", "price_changes": [{"asset_id": "44447031562738174918016769793991804433486269578769473189935766976836636647978", "price": "0.21", "size": "25320", "side": "BUY", "hash": "bd3910373aef7d7550f7384837003349b1c6d1f6", "best_bid": "0.24", "best_ask": "0.25"}, {"asset_id": "45858479053746616749156519360893482359161569156141079722407137651102212018480", "price": "0.79", "size": "25320", "side": "SELL", "hash": "90446233e16b2e46a5ad23599d004a3f34517c38", "best_bid": "0.75", "best_ask": "0.76"}], "timestamp": "1769384958693", "event_type": "price_change"}}
{"_local_timestamp": "2026-01-25T23:49:18.763284+00:00", "data": {"market": "0x7e045734da5d2a0743da450cc5cff8e2c1e1298a9731f7fbadd7c13823c5c79c", "price_changes": [{"asset_id": "44447031562738174918016769793991804433486269578769473189935766976836636647978", "price": "0.15", "size": "1774", "side": "BUY", "hash": "df0187d2a7c9bc081e2a754145ea5b316269f27d", "best_bid": "0.24", "best_ask": "0.25"}, {"asset_id": "45858479053746616749156519360893482359161569156141079722407137651102212018480", "price": "0.85", "size": "1774", "side": "SELL", "hash": "53fa9880775c0c83bc8bb0521322016bf49de07f", "best_bid": "0.75", "best_ask": "0.76"}], "timestamp": "1769384958695", "event_type": "price_change"}}
{"_local_timestamp": "2026-01-25T23:49:18.763859+00:00", "data": {"market": "0x7e045734da5d2a0743da450cc5cff8e2c1e1298a9731f7fbadd7c13823c5c79c", "price_changes": [{"asset_id": "44447031562738174918016769793991804433486269578769473189935766976836636647978", "price": "0.18", "size": "846.78", "side": "BUY", "hash": "af7d2753df066179bc5259bf5a4c3265f1bd3920", "best_bid": "0.24", "best_ask": "0.25"}, {"asset_id": "45858479053746616749156519360893482359161569156141079722407137651102212018480", "price": "0.82", "size": "846.78", "side": "SELL", "hash": "b0497d12e2a5839b3f17af00b75571eaea3ef105", "best_bid": "0.75", "best_ask": "0.76"}], "timestamp": "1769384958698", "event_type": "price_change"}}
{"_local_timestamp": "2026-01-25T23:49:25.478825+00:00", "data": {"market": "0x7e045734da5d2a0743da450cc5cff8e2c1e1298a9731f7fbadd7c13823c5c79c", "price_changes": [{"asset_id": "45858479053746616749156519360893482359161569156141079722407137651102212018480", "price": "0.23", "size": "263.04", "side": "BUY", "hash": "faa218ce4c087633d369aceb16c1b68e4cde5b26", "best_bid": "0.75", "best_ask": "0.76"}, {"asset_id": "44447031562738174918016769793991804433486269578769473189935766976836636647978", "price": "0.77", "size": "263.04", "side": "SELL", "hash": "ca7ad10081bd9725a509589431676614ec6f9859", "best_bid": "0.24", "best_ask": "0.25"}], "timestamp": "1769384965294", "event_type": "price_change"}}
{"_local_timestamp": "2026-01-25T23:49:25.971064+00:00", "data": {"market": "0x7e045734da5d2a0743da450cc5cff8e2c1e1298a9731f7fbadd7c13823c5c79c", "price_changes": [{"asset_id": "45858479053746616749156519360893482359161569156141079722407137651102212018480", "price": "0.21", "size": "50", "side": "BUY", "hash": "97580ab5e76c991f012581b2597701efe368e224", "best_bid": "0.75", "best_ask": "0.76"}, {"asset_id": "44447031562738174918016769793991804433486269578769473189935766976836636647978", "price": "0.79", "size": "50", "side": "SELL", "hash": "523be6b81a12e0310fe4bd25a2b9cce368fb8ba2", "best_bid": "0.24", "best_ask": "0.25"}], "timestamp": "1769384965784", "event_type": "price_change"}}
{"_local_timestamp": "2026-01-25T23:49:30.513374+00:00", "data": {"market": "0x7e045734da5d2a0743da450cc5cff8e2c1e1298a9731f7fbadd7c13823c5c79c", "price_changes": [{"asset_id": "45858479053746616749156519360893482359161569156141079722407137651102212018480", "price": "0.35", "size": "0", "side": "BUY", "hash": "e2fb9d855df74496a3d9157d1fbf7cc40f791cd7", "best_bid": "0.75", "best_ask": "0.76"}, {"asset_id": "44447031562738174918016769793991804433486269578769473189935766976836636647978", "price": "0.65", "size": "0", "side": "SELL", "hash": "756f2bb06e06ab7f1386ae2fc799135c68b6b11f", "best_bid": "0.24", "best_ask": "0.25"}], "timestamp": "1769384970078", "event_type": "price_change"}}
{"_local_timestamp": "2026-01-25T23:49:30.514588+00:00", "data": {"market": "0x7e045734da5d2a0743da450cc5cff8e2c1e1298a9731f7fbadd7c13823c5c79c", "price_changes": [{"asset_id": "45858479053746616749156519360893482359161569156141079722407137651102212018480", "price": "0.23", "size": "163.04", "side": "BUY", "hash": "e2fb9d855df74496a3d9157d1fbf7cc40f791cd7", "best_bid": "0.75", "best_ask": "0.76"}, {"asset_id": "44447031562738174918016769793991804433486269578769473189935766976836636647978", "price": "0.77", "size": "163.04", "side": "SELL", "hash": "756f2bb06e06ab7f1386ae2fc799135c68b6b11f", "best_bid": "0.24", "best_ask": "0.25"}], "timestamp": "1769384970078", "event_type": "price_change"}}
{"_local_timestamp": "2026-01-25T23:49:31.067359+00:00", "data": {"market": "0x7e045734da5d2a0743da450cc5cff8e2c1e1298a9731f7fbadd7c13823c5c79c", "price_changes": [{"asset_id": "45858479053746616749156519360893482359161569156141079722407137651102212018480", "price": "0.36", "size": "3243", "side": "BUY", "hash": "bafb681ff67a35ed628cb13d311c07ae149997bf", "best_bid": "0.75", "best_ask": "0.76"}, {"asset_id": "44447031562738174918016769793991804433486269578769473189935766976836636647978", "price": "0.64", "size": "3243", "side": "SELL", "hash": "1a7faa8ca40ef9496dd9a85741980587a4d8e6ed", "best_bid": "0.24", "best_ask": "0.25"}], "timestamp": "1769384970667", "event_type": "price_change"}}
{"_local_timestamp": "2026-01-25T23:49:31.142782+00:00", "data": {"market": "0x7e045734da5d2a0743da450cc5cff8e2c1e1298a9731f7fbadd7c13823c5c79c", "price_changes": [{"asset_id": "45858479053746616749156519360893482359161569156141079722407137651102212018480", "price": "0.21", "size": "150", "side": "BUY", "hash": "664c2b0334318eccbcb602669ff4c9059fba3ad5", "best_bid": "0.75", "best_ask": "0.76"}, {"asset_id": "44447031562738174918016769793991804433486269578769473189935766976836636647978", "price": "0.79", "size": "150", "side": "SELL", "hash": "be6685c059b4df939a6b3ed2bd4c0e23a863e25a", "best_bid": "0.24", "best_ask": "0.25"}], "timestamp": "1769384970764", "event_type": "price_change"}}
{"_local_timestamp": "2026-01-25T23:49:41.789564+00:00", "data": {"market": "0x7e045734da5d2a0743da450cc5cff8e2c1e1298a9731f7fbadd7c13823c5c79c", "price_changes": [{"asset_id": "45858479053746616749156519360893482359161569156141079722407137651102212018480", "price": "0.23", "size": "113.04", "side": "BUY", "hash": "7576f1ee9590661a7266f3584e38821052970935", "best_bid": "0.75", "best_ask": "0.76"}, {"asset_id": "44447031562738174918016769793991804433486269578769473189935766976836636647978", "price": "0.77", "size": "113.04", "side": "SELL", "hash": "1e03633f1ab205630afccb98fc342dcf272a248c", "best_bid": "0.24", "best_ask": "0.25"}], "timestamp": "1769384981657", "event_type": "price_change"}}
{"_local_timestamp": "2026-01-25T23:49:42.368608+00:00", "data": {"market": "0x7e045734da5d2a0743da450cc5cff8e2c1e1298a9731f7fbadd7c13823c5c79c", "price_changes": [{"asset_id": "45858479053746616749156519360893482359161569156141079722407137651102212018480", "price": "0.21", "size": "200", "side": "BUY", "hash": "408b4b82ae8b9b4898742132392dc8e65484ab62", "best_bid": "0.75", "best_ask": "0.76"}, {"asset_id": "44447031562738174918016769793991804433486269578769473189935766976836636647978", "price": "0.79", "size": "200", "side": "SELL", "hash": "343fe0a1c168f87fdc29d9f33ea3846b38886d11", "best_bid": "0.24", "best_ask": "0.25"}], "timestamp": "1769384982212", "event_type": "price_change"}}
