{"_local_timestamp": "2026-01-25T23:40:29.594202+00:00", "data": [{"market": "0x6e6851f2698629795fa06869d961c986221a80cedcba10fbaf0ed220607cdada", "asset_id": "100818499003359884559774352671825765184103958625070066814408985574716007147193", "timestamp": "1769384374171", "hash": "20344f94634ebb0a2de9d4852327b36fa680bcba", "bids": [{"price": "0.01", "size": "40.67"}, {"price": "0.05", "size": "30"}, {"price": "0.06", "size": "33"}, {"price": "0.1", "size": "200"}, {"price": "0.11", "size": "23.39"}, {"price": "0.39", "size": "40"}, {"price": "0.6", "size": "7"}, {"price": "0.61", "size": "100"}, {"price": "0.66", "size": "200"}, {"price": "0.7", "size": "64.57"}, {"price": "0.71", "size": "500"}, {"price": "0.72", "size": "316.53"}, {"price": "0.73", "size": "80.55"}, {"price": "0.74", "size": "100"}, {"price": "0.76", "size": "31"}, {"price": "0.77", "size": "103.45"}, {"price": "0.78", "size": "30"}], "asks": [{"price": "0.99", "size": "5.47"}, {"price": "0.98", "size": "70"}, {"price": "0.97", "size": "31.5"}, {"price": "0.89", "size": "200"}, {"price": "0.88", "size": "350"}, {"price": "0.87", "size": "66.66"}, {"price": "0.85", "size": "260.12"}, {"price": "0.84", "size": "109.96"}, {"price": "0.8", "size": "66.66"}], "event_type": "book", "last_trade_price": "0.790"}, {"market": "0x6e6851f2698629795fa06869d961c986221a80cedcba10fbaf0ed220607cdada", "asset_id": "36135303630970774358991758965953725374791089628290212294816140371870983436829", "timestamp": "1769384374171", "hash": "0598dda2ac788ca31d7d6e5f592f73232e47b52e", "bids": [{"price": "0.01", "size": "5.47"}, {"price": "0.02", "size": "70"}, {"price": "0.03", "size": "31.5"}, {"price": "0.11", "size": "200"}, {"price": "0.12", "size": "350"}, {"price": "0.13", "size": "66.66"}, {"price": "0.15", "size": "260.12"}, {"price": "0.16", "size": "109.96"}, {"price": "0.2", "size": "66.66"}], "asks": [{"price": "0.99", "size": "40.67"}, {"price": "0.95", "size": "30"}, {"price": "0.94", "size": "33"}, {"price": "0.9", "size": "200"}, {"price": "0.89", "size": "23.39"}, {"price": "0.61", "size": "40"}, {"price": "0.4", "size": "7"}, {"price": "0.39", "size": "100"}, {"price": "0.34", "size": "200"}, {"price": "0.3", "size": "64.57"}, {"price": "0.29", "size": "500"}, {"price": "0.28", "size": "316.53"}, {"price": "0.27", "size": "80.55"}, {"price": "0.26", "size": "100"}, {"price": "0.24", "size": "31"}, {"price": "0.23", "size": "103.45"}, {"price": "0.22", "size": "30"}], "event_type": "book", "last_trade_price": "0.790"}]}
{"_local_timestamp": "2026-01-25T23:42:08.125868+00:00", "data": {"market": "0x6e6851f2698629795fa06869d961c986221a80cedcba10fbaf0ed220607cdada", "price_changes": [{"asset_id": "36135303630970774358991758965953725374791089628290212294816140371870983436829", "price": "0.2", "size": "0", "side": "BUY", "hash": "c0696920f65c798c1fe64fafc7af98506dd3a0dd", "best_bid": "0.16", "best_ask": "0.22"}, {"asset_id": "100818499003359884559774352671825765184103958625070066814408985574716007147193", "price": "0.8", "size": "0", "side": "SELL", "hash": "6606b4b4505b585802ef0d8649760d93ef613662", "best_bid": "0.78", "best_ask": "0.84"}], "timestamp": "1769384528049", "event_type": "price_change"}}
{"_local_timestamp": "2026-01-25T23:42:08.836560+00:00", "data": {"market": "0x6e6851f2698629795fa06869d961c986221a80cedcba10fbaf0ed220607cdada", "price_changes": [{"asset_id": "36135303630970774358991758965953725374791089628290212294816140371870983436829", "price": "0.16", "size": "139.96", "side": "BUY", "hash": "a31bf46be02d3421675bd822b5f593e7abc8e2cf", "best_bid": "0.16", "best_ask": "0.22"}, {"asset_id": "100818499003359884559774352671825765184103958625070066814408985574716007147193", "price": "0.84", "size": "139.96", "side": "SELL", "hash": "c03ccba436c934a73983d60bfdd4cb36525d12eb", "best_bid": "0.78", "best_ask": "0.84"}], "timestamp": "1769384528767", "event_type": "price_change"}}
{"_local_timestamp": "2026-01-25T23:42:08.996911+00:00", "data": {"market": "0x6e6851f2698629795fa06869d961c986221a80cedcba10fbaf0ed220607cdada", "price_changes": [{"asset_id": "100818499003359884559774352671825765184103958625070066814408985574716007147193", "price": "0.77", "size": "133.45", "side": "BUY", "hash": "5701923ee95748694ba039220deb1155f945c488", "best_bid": "0.78", "best_ask": "0.84"}, {"asset_id": "36135303630970774358991758965953725374791089628290212294816140371870983436829", "price": "0.23", "size": "133.45", "side": "SELL", "hash": "ef24c9119c61cd0fbc0b4d2b1dede6a48e7cd5c4", "best_bid": "0.16", "best_ask": "0.22"}], "timestamp": "1769384528921", "event_type": "price_change"}}
{"_local_timestamp": "2026-01-25T23:42:09.072461+00:00", "data": {"market": "0x6e6851f2698629795fa06869d961c986221a80cedcba10fbaf0ed220607cdada", "price_changes": [{"asset_id": "36135303630970774358991758965953725374791089628290212294816140371870983436829", "price": "0.17", "size": "66.66", "side": "BUY", "hash": "32bf7e394b06be8361c038d471342d145f715107", "best_bid": "0.17", "best_ask": "0.22"}, {"asset_id": "100818499003359884559774352671825765184103958625070066814408985574716007147193", "price": "0.83", "size": "66.66", "side": "SELL", "hash": "43b02f45834904b8b04779cea18d5676c58f5c6c", "best_bid": "0.78", "best_ask": "0.83"}], "timestamp": "1769384528998", "event_type": "price_change"}}
{"_local_timestamp": "2026-01-25T23:42:09.891413+00:00", "data": {"market": "0x6e6851f2698629795fa06869d961c986221a80cedcba10fbaf0ed220607cdada", "price_changes": [{"asset_id": "100818499003359884559774352671825765184103958625070066814408985574716007147193", "price": "0.84", "size": "130", "side": "SELL", "hash": "dcca9d6c3c5b42a90362531e3c3bcfe9f6bcd92a", "best_bid": "0.78", "best_ask": "0.83"}, {"asset_id": "36135303630970774358991758965953725374791089628290212294816140371870983436829", "price": "0.16", "size": "130", "side": "BUY", "hash": "08359ee122e8b3d8028e226b531d6c579d8b8250", "best_bid": "0.17", "best_ask": "0.22"}], "timestamp": "1769384529818", "event_type": "price_change"}}
{"_local_timestamp": "2026-01-25T23:42:10.136440+00:00", "data": {"market": "0x6e6851f2698629795fa06869d961c986221a80cedcba10fbaf0ed220607cdada", "price_changes": [{"asset_id": "36135303630970774358991758965953725374791089628290212294816140371870983436829", "price": "0.16", "size": "100", "side": "BUY", "hash": "5ae98c7a76923680b693b94f3cb859b1c311eb10", "best_bid": "0.17", "best_ask": "0.22"}, {"asset_id": "100818499003359884559774352671825765184103958625070066814408985574716007147193", "price": "0.84", "size": "100", "side": "SELL", "hash": "847ae26bafc58fa01b646e29cb553beaf976c69e", "best_bid": "0.78", "best_ask": "0.83"}], "timestamp": "1769384530027", "event_type": "price_change"}}
{"_local_timestamp": "2026-01-25T23:42:10.137487+00:00", "data": {"market": "0x6e6851f2698629795fa06869d961c986221a80cedcba10fbaf0ed220607cdada", "price_changes": [{"asset_id": "100818499003359884559774352671825765184103958625070066814408985574716007147193", "price": "0.82", "size": "9.96", "side": "SELL", "hash": "0a7e49f5e9732c31bc197d704f2ba293309ed622", "best_bid": "0.78", "best_ask": "0.82"}, {"asset_id": "36135303630970774358991758965953725374791089628290212294816140371870983436829", "price": "0.18", "size": "9.96", "side": "BUY", "hash": "bb7e36584743d7d04a37b03c5a182bf41939b613", "best_bid": "0.18", "best_ask": "0.22"}], "timestamp": "1769384530032", "event_type": "price_change"}}
{"_local_timestamp": "2026-01-25T23:42:10.169012+00:00", "data": {"market": "0x6e6851f2698629795fa06869d961c986221a80cedcba10fbaf0ed220607cdada", "price_changes": [{"asset_id": "36135303630970774358991758965953725374791089628290212294816140371870983436829", "price": "0.17", "size": "96.66", "side": "BUY", "hash": "7319ecbf9c11ca3fc1c6c892a503440eab608f95", "best_bid": "0.18", "best_ask": "0.22"}, {"asset_id": "100818499003359884559774352671825765184103958625070066814408985574716007147193", "price": "0.83", "size": "96.66", "side": "SELL", "hash": "bcf25e6f9a75c59b9bb48fa555ec5f129c802d5b", "best_bid": "0.78", "best_ask": "0.82"}], "timestamp": "1769384530088", "event_type": "price_change"}}
{"_local_timestamp": "2026-01-25T23:42:10.260586+00:00", "data": {"market": "0x6e6851f2698629795fa06869d961c986221a80cedcba10fbaf0ed220607cdada", "price_changes": [{"asset_id": "36135303630970774358991758965953725374791089628290212294816140371870983436829", "price": "0.16", "size": "0", "side": "BUY", "hash": "6ec5739ebceea2336bce98191d60031c9376aafc", "best_bid": "0.18", "best_ask": "0.22"}, {"asset_id": "100818499003359884559774352671825765184103958625070066814408985574716007147193", "price": "0.84", "size": "0", "side": "SELL", "hash": "f479517bda99deac5d240a9de9b7a3a729137753", "best_bid": "0.78", "best_ask": "0.82"}], "timestamp": "1769384530180", "event_type": "price_change"}}
{"_local_timestamp": "2026-01-25T23:42:10.885210+00:00", "data": {"market": "0x6e6851f2698629795fa06869d961c986221a80cedcba10fbaf0ed220607cdada", "price_changes": [{"asset_id": "36135303630970774358991758965953725374791089628290212294816140371870983436829", "price": "0.18", "size": "109.96", "side": "BUY", "hash": "d94598e315492a06492d493561a6b53c949cbee5", "best_bid": "0.18", "best_ask": "0.22"}, {"asset_id": "100818499003359884559774352671825765184103958625070066814408985574716007147193", "price": "0.82", "size": "109.96", "side": "SELL", "hash": "af072aa8f214262fd076d169b1cb5ef68ce4a9a9", "best_bid": "0.78", "best_ask": "0.82"}], "timestamp": "1769384530804", "event_type": "price_change"}}
{"_local_timestamp": "2026-01-25T23:42:11.572891+00:00", "data": {"market": "0x6e6851f2698629795fa06869d961c986221a80cedcba10fbaf0ed220607cdada", "price_changes": [{"asset_id": "36135303630970774358991758965953725374791089628290212294816140371870983436829", "price": "0.17", "size": "66.66", "side": "BUY", "hash": "feca28dd07aebf60201ca16605ce0e4f3ace8e00", "best_bid": "0.18", "best_ask": "0.22"}, {"asset_id": "100818499003359884559774352671825765184103958625070066814408985574716007147193", "price": "0.83", "size": "66.66", "side": "SELL", "hash": "e49adfb42912fec82de43f32f2196690417f2b3d", "best_bid": "0.78", "best_ask": "0.82"}], "timestamp": "1769384531499", "event_type": "price_change"}}
{"_local_timestamp": "2026-01-25T23:42:11.629118+00:00", "data": {"market": "0x6e6851f2698629795fa06869d961c986221a80cedcba10fbaf0ed220607cdada", "price_changes": [{"asset_id": "36135303630970774358991758965953725374791089628290212294816140371870983436829", "price": "0.18", "size": "139.96", "side": "BUY", "hash": "48394ee33f22ad1db2ce0c55a7d14717355a2526", "best_bid": "0.18", "best_ask": "0.22"}, {"asset_id": "100818499003359884559774352671825765184103958625070066814408985574716007147193", "price": "0.82", "size": "139.96", "side": "SELL", "hash": "54dc31f1d99cac3d0061a570d3fe82280703b398", "best_bid": "0.78", "best_ask": "0.82"}], "timestamp": "1769384531556", "event_type": "price_change"}}
{"_local_timestamp": "2026-01-25T23:43:12.219409+00:00", "data": {"market": "0x6e6851f2698629795fa06869d961c986221a80cedcba10fbaf0ed220607cdada", "price_changes": [{"asset_id": "36135303630970774358991758965953725374791089628290212294816140371870983436829", "price": "0.03", "size": "13.67", "side": "BUY", "hash": "5bfa5315701d0de3559645fd83e40134922830be", "best_bid": "0.18", "best_ask": "0.22"}, {"asset_id": "100818499003359884559774352671825765184103958625070066814408985574716007147193", "price": "0.97", "size": "13.67", "side": "SELL", "hash": "fcb5306c5a42084fca5b61c0e533871c5c78edd0", "best_bid": "0.78", "best_ask": "0.82"}], "timestamp": "1769384592093", "event_type": "price_change"}}
{"_local_timestamp": "2026-01-25T23:43:12.656634+00:00", "data": {"market": "0x6e6851f2698629795fa06869d961c986221a80cedcba10fbaf0ed220607cdada", "price_changes": [{"asset_id": "36135303630970774358991758965953725374791089628290212294816140371870983436829", "price": "0.03", "size": "31.5", "side": "BUY", "hash": "943baeab1ebfcff2be21134fa2924c6729de3ac5", "best_bid": "0.18", "best_ask": "0.22"}, {"asset_id": "100818499003359884559774352671825765184103958625070066814408985574716007147193", "price": "0.97", "size": "31.5", "side": "SELL", "hash": "57fce41d0e13789d8d707aa1048ef362820699fa", "best_bid": "0.78", "best_ask": "0.82"}], "timestamp": "1769384592531", "event_type": "price_change"}}
