{"_local_timestamp": "2026-01-25T23:33:24.902406+00:00", "data": [{"market": "0x4c80df6f557bb0b9de08c0301ebdce500dd9bdc58400d9269fb8fab1709ed584", "asset_id": "104812032440315568595318241870590180481232715981192720184511444933968102038477", "timestamp": "1769383917536", "hash": "f628aaec412b0517532e142f94367567e7036420", "bids": [{"price": "0.01", "size": "1100639.99"}, {"price": "0.02", "size": "408.64"}, {"price": "0.03", "size": "15000"}, {"price": "0.04", "size": "5.72"}, {"price": "0.05", "size": "6051.92"}, {"price": "0.06", "size": "4000"}, {"price": "0.07", "size": "8.54"}, {"price": "0.08", "size": "1100"}, {"price": "0.09", "size": "601"}, {"price": "0.1", "size": "105331"}, {"price": "0.11", "size": "5950"}, {"price": "0.12", "size": "7948.97"}, {"price": "0.13", "size": "6625.03"}, {"price": "0.14", "size": "14295"}, {"price": "0.15", "size": "15014.44"}, {"price": "0.16", "size": "10228.07"}, {"price": "0.17", "size": "14252.38"}, {"price": "0.18", "size": "1977.53"}], "asks": [{"price": "0.99", "size": "8777.36"}, {"price": "0.98", "size": "5800"}, {"price": "0.97", "size": "250"}, {"price": "0.96", "size": "1255.69"}, {"price": "0.92", "size": "1150"}, {"price": "0.91", "size": "300"}, {"price": "0.9", "size": "6.3"}, {"price": "0.89", "size": "250"}, {"price": "0.88", "size": "3150"}, {"price": "0.87", "size": "261.53"}, {"price": "0.83", "size": "188.23"}, {"price": "0.82", "size": "888"}, {"price": "0.8", "size": "1255.55"}, {"price": "0.79", "size": "133.33"}, {"price": "0.75", "size": "600"}, {"price": "0.74", "size": "1964"}, {"price": "0.7", "size": "1116.05"}, {"price": "0.66", "size": "58.82"}, {"price": "0.64", "size": "3989"}, {"price": "0.6", "size": "12.4"}, {"price": "0.44", "size": "6"}, {"price": "0.43", "size": "120"}, {"price": "0.42", "size": "300"}, {"price": "0.4", "size": "1008.78"}, {"price": "0.38", "size": "26.31"}, {"price": "0.31", "size": "124.98"}, {"price": "0.3", "size": "5"}, {"price": "0.29", "size": "1154.94"}, {"price": "0.28", "size": "30"}, {"price": "0.27", "size": "232.86"}, {"price": "0.25", "size": "2191.96"}, {"price": "0.24", "size": "1275"}, {"price": "0.23", "size": "1595"}, {"price": "0.22", "size": "2698.43"}, {"price": "0.21", "size": "6091.21"}, {"price": "0.2", "size": "7756.14"}, {"price": "0.19", "size": "1510.52"}], "event_type": "book", "last_trade_price": "0.180"}, {"market": "0x4c80df6f557bb0b9de08c0301ebdce500dd9bdc58400d9269fb8fab1709ed584", "asset_id": "50488227317031565004575684525878022626020008256198844799050708993499540064859", "timestamp": "1769383917536", "hash": "268a5d8598acd4f2da0e004b09928247b6deb5ce", "bids": [{"price": "0.01", "size": "8777.36"}, {"price": "0.02", "size": "5800"}, {"price": "0.03", "size": "250"}, {"price": "0.04", "size": "1255.69"}, {"price": "0.08", "size": "1150"}, {"price": "0.09", "size": "300"}, {"price": "0.1", "size": "6.3"}, {"price": "0.11", "size": "250"}, {"price": "0.12", "size": "3150"}, {"price": "0.13", "size": "261.53"}, {"price": "0.17", "size": "188.23"}, {"price": "0.18", "size": "888"}, {"price": "0.2", "size": "1255.55"}, {"price": "0.21", "size": "133.33"}, {"price": "0.25", "size": "600"}, {"price": "0.26", "size": "1964"}, {"price": "0.3", "size": "1116.05"}, {"price": "0.34", "size": "58.82"}, {"price": "0.36", "size": "3989"}, {"price": "0.4", "size": "12.4"}, {"price": "0.56", "size": "6"}, {"price": "0.57", "size": "120"}, {"price": "0.58", "size": "300"}, {"price": "0.6", "size": "1008.78"}, {"price": "0.62", "size": "26.31"}, {"price": "0.69", "size": "124.98"}, {"price": "0.7", "size": "5"}, {"price": "0.71", "size": "1154.94"}, {"price": "0.72", "size": "30"}, {"price": "0.73", "size": "232.86"}, {"price": "0.75", "size": "2191.96"}, {"price": "0.76", "size": "1275"}, {"price": "0.77", "size": "1595"}, {"price": "0.78", "size": "2698.43"}, {"price": "0.79", "size": "6091.21"}, {"price": "0.8", "size": "7756.14"}, {"price": "0.81", "size": "1510.52"}], "asks": [{"price": "0.99", "size": "1100639.99"}, {"price": "0.98", "size": "408.64"}, {"price": "0.97", "size": "15000"}, {"price": "0.96", "size": "5.72"}, {"price": "0.95", "size": "6051.92"}, {"price": "0.94", "size": "4000"}, {"price": "0.93", "size": "8.54"}, {"price": "0.92", "size": "1100"}, {"price": "0.91", "size": "601"}, {"price": "0.9", "size": "105331"}, {"price": "0.89", "size": "5950"}, {"price": "0.88", "size": "7948.97"}, {"price": "0.87", "size": "6625.03"}, {"price": "0.86", "size": "14295"}, {"price": "0.85", "size": "15014.44"}, {"price": "0.84", "size": "10228.07"}, {"price": "0.83", "size": "14252.38"}, {"price": "0.82", "size": "1977.53"}], "event_type": "book", "last_trade_price": "0.180"}]}
{"_local_timestamp": "2026-01-25T23:33:42.510057+00:00", "data": {"market": "0x4c80df6f557bb0b9de08c0301ebdce500dd9bdc58400d9269fb8fab1709ed584", "price_changes": [{"asset_id": "104812032440315568595318241870590180481232715981192720184511444933968102038477", "price": "0.14", "size": "14285", "side": "BUY", "hash": "51884da8e87eebd438118ec918eefeaefb69b93c", "best_bid": "0.18", "best_ask": "0.19"}, {"asset_id": "50488227317031565004575684525878022626020008256198844799050708993499540064859", "price": "0.86", "size": "14285", "side": "SELL", "hash": "605f5cc5a207d76db1d2412a0980a04679f980ec", "best_bid": "0.81", "best_ask": "0.82"}], "timestamp": "1769384022444", "event_type": "price_change"}}
{"_local_timestamp": "2026-01-25T23:33:42.545138+00:00", "data": {"market": "0x4c80df6f557bb0b9de08c0301ebdce500dd9bdc58400d9269fb8fab1709ed584", "price_changes": [{"asset_id": "104812032440315568595318241870590180481232715981192720184511444933968102038477", "price": "0.15", "size": "15004.44", "side": "BUY", "hash": "2a75395382f2124c22ced0960e900b3fe67b789d", "best_bid": "0.18", "best_ask": "0.19"}, {"asset_id": "50488227317031565004575684525878022626020008256198844799050708993499540064859", "price": "0.85", "size": "15004.44", "side": "SELL", "hash": "7a7bf2137475da0c6021a9d87e1a0fc155c876eb", "best_bid": "0.81", "best_ask": "0.82"}], "timestamp": "1769384022478", "event_type": "price_change"}}
{"_local_timestamp": "2026-01-25T23:33:42.578236+00:00", "data": {"market": "0x4c80df6f557bb0b9de08c0301ebdce500dd9bdc58400d9269fb8fab1709ed584", "price_changes": [{"asset_id": "104812032440315568595318241870590180481232715981192720184511444933968102038477", "price": "0.16", "size": "10218.07", "side": "BUY", "hash": "0fa30f5fd8e9b0d35a157ed5a4c8722d2b059f13", "best_bid": "0.18", "best_ask": "0.19"}, {"asset_id": "50488227317031565004575684525878022626020008256198844799050708993499540064859", "price": "0.84", "size": "10218.07", "side": "SELL", "hash": "e0f4c49fd6f72c2c3f05ada962f4ae0687e2d17d", "best_bid": "0.81", "best_ask": "0.82"}], "timestamp": "1769384022510", "event_type": "price_change"}}
{"_local_timestamp": "2026-01-25T23:33:42.605981+00:00", "data": {"market": "0x4c80df6f557bb0b9de08c0301ebdce500dd9bdc58400d9269fb8fab1709ed584", "price_changes": [{"asset_id": "104812032440315568595318241870590180481232715981192720184511444933968102038477", "price": "0.17", "size": "14242.38", "side": "BUY", "hash": "cd0c901fb1d3eac87757478fd86542eaf7dd1ab4", "best_bid": "0.18", "best_ask": "0.19"}, {"asset_id": "50488227317031565004575684525878022626020008256198844799050708993499540064859", "price": "0.83", "size": "14242.38", "side": "SELL", "hash": "625dc2a9a9a61681d0f50cc4caa979efdddd20fa", "best_bid": "0.81", "best_ask": "0.82"}], "timestamp": "1769384022539", "event_type": "price_change"}}
{"_local_timestamp": "2026-01-25T23:33:42.662776+00:00", "data": {"market": "0x4c80df6f557bb0b9de08c0301ebdce500dd9bdc58400d9269fb8fab1709ed584", "price_changes": [{"asset_id": "104812032440315568595318241870590180481232715981192720184511444933968102038477", "price": "0.18", "size": "1967.53", "side": "BUY", "hash": "2ec3e063ef69265746a36f2e4ab3e1e3b30f893d", "best_bid": "0.18", "best_ask": "0.19"}, {"asset_id": "50488227317031565004575684525878022626020008256198844799050708993499540064859", "price": "0.82", "size": "1967.53", "side": "SELL", "hash": "c1036a0a15d29239f73259301f640185d7903917", "best_bid": "0.81", "best_ask": "0.82"}], "timestamp": "1769384022597", "event_type": "price_change"}}
{"_local_timestamp": "2026-01-25T23:33:42.705970+00:00", "data": {"market": "0x4c80df6f557bb0b9de08c0301ebdce500dd9bdc58400d9269fb8fab1709ed584", "price_changes": [{"asset_id": "50488227317031565004575684525878022626020008256198844799050708993499540064859", "price": "0.77", "size": "1585", "side": "BUY", "hash": "43019029d7790f3adc330db8e8c004de2e406673", "best_bid": "0.81", "best_ask": "0.82"}, {"asset_id": "104812032440315568595318241870590180481232715981192720184511444933968102038477", "price": "0.23", "size": "1585", "side": "SELL", "hash": "0f6fa0010ff6447f71a4270b4cfc18b75ed942ed", "best_bid": "0.18", "best_ask": "0.19"}], "timestamp": "1769384022638", "event_type": "price_change"}}
{"_local_timestamp": "2026-01-25T23:33:42.737673+00:00", "data": {"market": "0x4c80df6f557bb0b9de08c0301ebdce500dd9bdc58400d9269fb8fab1709ed584", "price_changes": [{"asset_id": "50488227317031565004575684525878022626020008256198844799050708993499540064859", "price": "0.78", "size": "2688.43", "side": "BUY", "hash": "4ca6cb12f596816e30ee56d368d2aaa81a7640cf", "best_bid": "0.81", "best_ask": "0.82"}, {"asset_id": "104812032440315568595318241870590180481232715981192720184511444933968102038477", "price": "0.22", "size": "2688.43", "side": "SELL", "hash": "9f5b972630f7dba8595eead6c600e271e721f7ef", "best_bid": "0.18", "best_ask": "0.19"}], "timestamp": "1769384022671", "event_type": "price_change"}}
{"_local_timestamp": "2026-01-25T23:33:42.769398+00:00", "data": {"market": "0x4c80df6f557bb0b9de08c0301ebdce500dd9bdc58400d9269fb8fab1709ed584", "price_changes": [{"asset_id": "50488227317031565004575684525878022626020008256198844799050708993499540064859", "price": "0.79", "size": "6081.21", "side": "BUY", "hash": "d87b2d65e0eb14dd320f9929b50ad2b82d5c1a3f", "best_bid": "0.81", "best_ask": "0.82"}, {"asset_id": "104812032440315568595318241870590180481232715981192720184511444933968102038477", "price": "0.21", "size": "6081.21", "side": "SELL", "hash": "91f63aee9b8b6dd36939f9c6fbb23498b2098b41", "best_bid": "0.18", "best_ask": "0.19"}], "timestamp": "1769384022703", "event_type": "price_change"}}
{"_local_timestamp": "2026-01-25T23:33:42.802447+00:00", "data": {"market": "0x4c80df6f557bb0b9de08c0301ebdce500dd9bdc58400d9269fb8fab1709ed584", "price_changes": [{"asset_id": "50488227317031565004575684525878022626020008256198844799050708993499540064859", "price": "0.8", "size": "7746.14", "side": "BUY", "hash": "c209dbed970b4e45ad6bbc3c8675292f2c5b9707", "best_bid": "0.81", "best_ask": "0.82"}, {"asset_id": "104812032440315568595318241870590180481232715981192720184511444933968102038477", "price": "0.2", "size": "7746.14", "side": "SELL", "hash": "20e5f8e00b1cb087cdaa0dec4089a9a3ba63f8a9", "best_bid": "0.18", "best_ask": "0.19"}], "timestamp": "1769384022730", "event_type": "price_change"}}
{"_local_timestamp": "2026-01-25T23:33:42.817892+00:00", "data": {"market": "0x4c80df6f557bb0b9de08c0301ebdce500dd9bdc58400d9269fb8fab1709ed584", "price_changes": [{"asset_id": "50488227317031565004575684525878022626020008256198844799050708993499540064859", "price": "0.81", "size": "1500.52", "side": "BUY", "hash": "7b7c7a07e2cd7f8bda8ef5db9759e2f5bdbed831", "best_bid": "0.81", "best_ask": "0.82"}, {"asset_id": "104812032440315568595318241870590180481232715981192720184511444933968102038477", "price": "0.19", "size": "1500.52", "side": "SELL", "hash": "e692912744926351bd5c4903c790cf81ec16b125", "best_bid": "0.18", "best_ask": "0.19"}], "timestamp": "1769384022755", "event_type": "price_change"}}
