{"_local_timestamp": "2026-01-25T23:33:16.887685+00:00", "data": [{"market": "0x6e6851f2698629795fa06869d961c986221a80cedcba10fbaf0ed220607cdada", "asset_id": "100818499003359884559774352671825765184103958625070066814408985574716007147193", "timestamp": "1769383995879", "hash": "df244510e681fc7e95e1acc6bee29eebd4c8077e", "bids": [{"price": "0.01", "size": "40.67"}, {"price": "0.05", "size": "30"}, {"price": "0.06", "size": "33"}, {"price": "0.1", "size": "200"}, {"price": "0.11", "size": "23.39"}, {"price": "0.39", "size": "40"}, {"price": "0.6", "size": "7"}, {"price": "0.61", "size": "100"}, {"price": "0.66", "size": "200"}, {"price": "0.7", "size": "64.57"}, {"price": "0.71", "size": "500"}, {"price": "0.72", "size": "397.08"}, {"price": "0.76", "size": "111.55"}, {"price": "0.77", "size": "22.9"}, {"price": "0.78", "size": "100"}], "asks": [{"price": "0.99", "size": "5.47"}, {"price": "0.98", "size": "70"}, {"price": "0.97", "size": "31.51"}, {"price": "0.89", "size": "200"}, {"price": "0.88", "size": "350"}, {"price": "0.87", "size": "66.66"}, {"price": "0.85", "size": "260.12"}, {"price": "0.82", "size": "66.66"}, {"price": "0.81", "size": "109.96"}], "event_type": "book", "last_trade_price": "0.790"}, {"market": "0x6e6851f2698629795fa06869d961c986221a80cedcba10fbaf0ed220607cdada", "asset_id": "36135303630970774358991758965953725374791089628290212294816140371870983436829", "timestamp": "1769383995879", "hash": "4446f67a2cccff1d4055a984b961bfa0afc01e0b", "bids": [{"price": "0.01", "size": "5.47"}, {"price": "0.02", "size": "70"}, {"price": "0.03", "size": "31.51"}, {"price": "0.11", "size": "200"}, {"price": "0.12", "size": "350"}, {"price": "0.13", "size": "66.66"}, {"price": "0.15", "size": "260.12"}, {"price": "0.18", "size": "66.66"}, {"price": "0.19", "size": "109.96"}], "asks": [{"price": "0.99", "size": "40.67"}, {"price": "0.95", "size": "30"}, {"price": "0.94", "size": "33"}, {"price": "0.9", "size": "200"}, {"price": "0.89", "size": "23.39"}, {"price": "0.61", "size": "40"}, {"price": "0.4", "size": "7"}, {"price": "0.39", "size": "100"}, {"price": "0.34", "size": "200"}, {"price": "0.3", "size": "64.57"}, {"price": "0.29", "size": "500"}, {"price": "0.28", "size": "397.08"}, {"price": "0.24", "size": "111.55"}, {"price": "0.23", "size": "22.9"}, {"price": "0.22", "size": "100"}], "event_type": "book", "last_trade_price": "0.790"}]}
{"_local_timestamp": "2026-01-25T23:33:18.649059+00:00", "data": {"market": "0x6e6851f2698629795fa06869d961c986221a80cedcba10fbaf0ed220607cdada", "price_changes": [{"asset_id": "100818499003359884559774352671825765184103958625070066814408985574716007147193", "price": "0.78", "size": "0", "side": "BUY", "hash": "21ac49b1eb37b555036224c7a2d94ee5e5bdfacf", "best_bid": "0.77", "best_ask": "0.81"}, {"asset_id": "36135303630970774358991758965953725374791089628290212294816140371870983436829", "price": "0.22", "size": "0", "side": "SELL", "hash": "8aa660411e98a0813b91a8036002333b8aa034f2", "best_bid": "0.19", "best_ask": "0.23"}], "timestamp": "1769383998564", "event_type": "price_change"}}
{"_local_timestamp": "2026-01-25T23:33:19.389869+00:00", "data": {"market": "0x6e6851f2698629795fa06869d961c986221a80cedcba10fbaf0ed220607cdada", "price_changes": [{"asset_id": "100818499003359884559774352671825765184103958625070066814408985574716007147193", "price": "0.73", "size": "100", "side": "BUY", "hash": "c02d02156bed80b3ee4a06fc12624de325d8527e", "best_bid": "0.77", "best_ask": "0.81"}, {"asset_id": "36135303630970774358991758965953725374791089628290212294816140371870983436829", "price": "0.27", "size": "100", "side": "SELL", "hash": "3c1283f394f39383400b6aa86ea33d3a6716b98a", "best_bid": "0.19", "best_ask": "0.23"}], "timestamp": "1769383999325", "event_type": "price_change"}}
{"_local_timestamp": "2026-01-25T23:33:21.657128+00:00", "data": {"market": "0x6e6851f2698629795fa06869d961c986221a80cedcba10fbaf0ed220607cdada", "price_changes": [{"asset_id": "100818499003359884559774352671825765184103958625070066814408985574716007147193", "price": "0.77", "size": "52.9", "side": "BUY", "hash": "9ade3532cde88a5811baa2ae0b6c87fa0d22470c", "best_bid": "0.77", "best_ask": "0.81"}, {"asset_id": "36135303630970774358991758965953725374791089628290212294816140371870983436829", "price": "0.23", "size": "52.9", "side": "SELL", "hash": "62c9aae5ec5b0f7794c86884eb4116ba3a90f06b", "best_bid": "0.19", "best_ask": "0.23"}], "timestamp": "1769384001590", "event_type": "price_change"}}
{"_local_timestamp": "2026-01-25T23:33:23.111824+00:00", "data": {"market": "0x6e6851f2698629795fa06869d961c986221a80cedcba10fbaf0ed220607cdada", "price_changes": [{"asset_id": "100818499003359884559774352671825765184103958625070066814408985574716007147193", "price": "0.73", "size": "0", "side": "BUY", "hash": "61d6a3be5f46d2bb1710ec46aae5883bbc581299", "best_bid": "0.77", "best_ask": "0.81"}, {"asset_id": "36135303630970774358991758965953725374791089628290212294816140371870983436829", "price": "0.27", "size": "0", "side": "SELL", "hash": "cfca858c911c372cd818b7c71e0adb7b6ee57a4b", "best_bid": "0.19", "best_ask": "0.23"}], "timestamp": "1769384003020", "event_type": "price_change"}}
{"_local_timestamp": "2026-01-25T23:33:23.734253+00:00", "data": {"market": "0x6e6851f2698629795fa06869d961c986221a80cedcba10fbaf0ed220607cdada", "price_changes": [{"asset_id": "100818499003359884559774352671825765184103958625070066814408985574716007147193", "price": "0.78", "size": "100", "side": "BUY", "hash": "c71164569762ace4f7e0c8af6b2facda37723312", "best_bid": "0.78", "best_ask": "0.81"}, {"asset_id": "36135303630970774358991758965953725374791089628290212294816140371870983436829", "price": "0.22", "size": "100", "side": "SELL", "hash": "2e5d81a48ca9bb8d67b2bf23be7cbecd7b8ba1fd", "best_bid": "0.19", "best_ask": "0.22"}], "timestamp": "1769384003667", "event_type": "price_change"}}
{"_local_timestamp": "2026-01-25T23:33:27.988858+00:00", "data": {"market": "0x6e6851f2698629795fa06869d961c986221a80cedcba10fbaf0ed220607cdada", "price_changes": [{"asset_id": "100818499003359884559774352671825765184103958625070066814408985574716007147193", "price": "0.77", "size": "22.9", "side": "BUY", "hash": "6f6151fe7d38545b0735160af30a2e855cbd013e", "best_bid": "0.78", "best_ask": "0.81"}, {"asset_id": "36135303630970774358991758965953725374791089628290212294816140371870983436829", "price": "0.23", "size": "22.9", "side": "SELL", "hash": "9f0e6454a8e2dbb524516e41ec24a80b804d06b8", "best_bid": "0.19", "best_ask": "0.22"}], "timestamp": "1769384007919", "event_type": "price_change"}}
{"_local_timestamp": "2026-01-25T23:33:31.489241+00:00", "data": {"market": "0x6e6851f2698629795fa06869d961c986221a80cedcba10fbaf0ed220607cdada", "price_changes": [{"asset_id": "100818499003359884559774352671825765184103958625070066814408985574716007147193", "price": "0.78", "size": "0", "side": "BUY", "hash": "83f67849d65c962c6d896f470c3c490cb469d292", "best_bid": "0.77", "best_ask": "0.81"}, {"asset_id": "36135303630970774358991758965953725374791089628290212294816140371870983436829", "price": "0.22", "size": "0", "side": "SELL", "hash": "65a6e40fb07f71fef1f5e8bceea18aa20eb76077", "best_bid": "0.19", "best_ask": "0.23"}], "timestamp": "1769384011412", "event_type": "price_change"}}
{"_local_timestamp": "2026-01-25T23:33:32.132247+00:00", "data": {"market": "0x6e6851f2698629795fa06869d961c986221a80cedcba10fbaf0ed220607cdada", "price_changes": [{"asset_id": "100818499003359884559774352671825765184103958625070066814408985574716007147193", "price": "0.73", "size": "100", "side": "BUY", "hash": "3b7d12b008b03fdd1cdd1a69ed03772701bf4db7", "best_bid": "0.77", "best_ask": "0.81"}, {"asset_id": "36135303630970774358991758965953725374791089628290212294816140371870983436829", "price": "0.27", "size": "100", "side": "SELL", "hash": "de2427f470ceab71cf933e1c53320a97d09e4d40", "best_bid": "0.19", "best_ask": "0.23"}], "timestamp": "1769384012028", "event_type": "price_change"}}
{"_local_timestamp": "2026-01-25T23:33:33.580728+00:00", "data": {"market": "0x6e6851f2698629795fa06869d961c986221a80cedcba10fbaf0ed220607cdada", "price_changes": [{"asset_id": "100818499003359884559774352671825765184103958625070066814408985574716007147193", "price": "0.77", "size": "52.9", "side": "BUY", "hash": "f69f672a923d449ecd92c097a4fa9b0cc0e2d0e6", "best_bid": "0.77", "best_ask": "0.81"}, {"asset_id": "36135303630970774358991758965953725374791089628290212294816140371870983436829", "price": "0.23", "size": "52.9", "side": "SELL", "hash": "16e88d68509d4271824ecbcdc885b66b244ff7c1", "best_bid": "0.19", "best_ask": "0.23"}], "timestamp": "1769384013455", "event_type": "price_change"}}
{"_local_timestamp": "2026-01-25T23:33:35.637677+00:00", "data": {"market": "0x6e6851f2698629795fa06869d961c986221a80cedcba10fbaf0ed220607cdada", "price_changes": [{"asset_id": "100818499003359884559774352671825765184103958625070066814408985574716007147193", "price": "0.73", "size": "0", "side": "BUY", "hash": "4f3cf2ea303226e3da969dd60566931bd73cbde9", "best_bid": "0.77", "best_ask": "0.81"}, {"asset_id": "36135303630970774358991758965953725374791089628290212294816140371870983436829", "price": "0.27", "size": "0", "side": "SELL", "hash": "ddd73816b5948e082787aa98174b3428494aee9d", "best_bid": "0.19", "best_ask": "0.23"}], "timestamp": "1769384015562", "event_type": "price_change"}}
{"_local_timestamp": "2026-01-25T23:33:36.409003+00:00", "data": {"market": "0x6e6851f2698629795fa06869d961c986221a80cedcba10fbaf0ed220607cdada", "price_changes": [{"asset_id": "100818499003359884559774352671825765184103958625070066814408985574716007147193", "price": "0.78", "size": "100", "side": "BUY", "hash": "9b2bab6acb0f874ec9492caa3d1af47363d91cb7", "best_bid": "0.78", "best_ask": "0.81"}, {"asset_id": "36135303630970774358991758965953725374791089628290212294816140371870983436829", "price": "0.22", "size": "100", "side": "SELL", "hash": "6e4c9f20ad5e28af4b8c400b47b2cbc668c449b1", "best_bid": "0.19", "best_ask": "0.22"}], "timestamp": "1769384016341", "event_type": "price_change"}}
{"_local_timestamp": "2026-01-25T23:33:39.742461+00:00", "data": {"market": "0x6e6851f2698629795fa06869d961c986221a80cedcba10fbaf0ed220607cdada", "price_changes": [{"asset_id": "100818499003359884559774352671825765184103958625070066814408985574716007147193", "price": "0.77", "size": "22.9", "side": "BUY", "hash": "18e68c0cad6a52c2e8267316426c8cb8506c59f1", "best_bid": "0.78", "best_ask": "0.81"}, {"asset_id": "36135303630970774358991758965953725374791089628290212294816140371870983436829", "price": "0.23", "size": "22.9", "side": "SELL", "hash": "28866d6c915ca0854fb0e3e2ec3ad6e6dad5348d", "best_bid": "0.19", "best_ask": "0.22"}], "timestamp": "1769384019671", "event_type": "price_change"}}
{"_local_timestamp": "2026-01-25T23:33:40.141708+00:00", "data": {"market": "0x6e6851f2698629795fa06869d961c986221a80cedcba10fbaf0ed220607cdada", "price_changes": [{"asset_id": "100818499003359884559774352671825765184103958625070066814408985574716007147193", "price": "0.78", "size": "0", "side": "BUY", "hash": "ea7f46d1a9dea13f19d85f9d5e04bc236efb1c30", "best_bid": "0.77", "best_ask": "0.81"}, {"asset_id": "36135303630970774358991758965953725374791089628290212294816140371870983436829", "price": "0.22", "size": "0", "side": "SELL", "hash": "860d8124094885c7995d286e8a3a785a01f87859", "best_bid": "0.19", "best_ask": "0.23"}], "timestamp": "1769384020042", "event_type": "price_change"}}
{"_local_timestamp": "2026-01-25T23:33:40.957306+00:00", "data": {"market": "0x6e6851f2698629795fa06869d961c986221a80cedcba10fbaf0ed220607cdada", "price_changes": [{"asset_id": "100818499003359884559774352671825765184103958625070066814408985574716007147193", "price": "0.73", "size": "100", "side": "BUY", "hash": "47d6bd8858c3e2f1936d3d9639f9fd22f745eaac", "best_bid": "0.77", "best_ask": "0.81"}, {"asset_id": "36135303630970774358991758965953725374791089628290212294816140371870983436829", "price": "0.27", "size": "100", "side": "SELL", "hash": "c93e738ef44de4525437bc17e2f80b501a9ef5af", "best_bid": "0.19", "best_ask": "0.23"}], "timestamp": "1769384020849", "event_type": "price_change"}}
{"_local_timestamp": "2026-01-25T23:33:45.414960+00:00", "data": {"market": "0x6e6851f2698629795fa06869d961c986221a80cedcba10fbaf0ed220607cdada", "price_changes": [{"asset_id": "100818499003359884559774352671825765184103958625070066814408985574716007147193", "price": "0.77", "size": "52.9", "side": "BUY", "hash": "5783b1b9179a1e6291b421e88614f915c2a9da5b", "best_bid": "0.77", "best_ask": "0.81"}, {"asset_id": "36135303630970774358991758965953725374791089628290212294816140371870983436829", "price": "0.23", "size": "52.9", "side": "SELL", "hash": "a8a13ce63448cd1e1a08d73d81e6e238644cd56b", "best_bid": "0.19", "best_ask": "0.23"}], "timestamp": "1769384025332", "event_type": "price_change"}}
{"_local_timestamp": "2026-01-25T23:33:48.882227+00:00", "data": {"market": "0x6e6851f2698629795fa06869d961c986221a80cedcba10fbaf0ed220607cdada", "price_changes": [{"asset_id": "100818499003359884559774352671825765184103958625070066814408985574716007147193", "price": "0.73", "size": "0", "side": "BUY", "hash": "9dac6f1ef47561fbb79ef9d893b445b9abec974e", "best_bid": "0.77", "best_ask": "0.81"}, {"asset_id": "36135303630970774358991758965953725374791089628290212294816140371870983436829", "price": "0.27", "size": "0", "side": "SELL", "hash": "0e1afcf3c7d1771ad7b94b7281ddf32fdee2c68c", "best_bid": "0.19", "best_ask": "0.23"}], "timestamp": "1769384028817", "event_type": "price_change"}}
{"_local_timestamp": "2026-01-25T23:33:49.598255+00:00", "data": {"market": "0x6e6851f2698629795fa06869d961c986221a80cedcba10fbaf0ed220607cdada", "price_changes": [{"asset_id": "100818499003359884559774352671825765184103958625070066814408985574716007147193", "price": "0.78", "size": "100", "side": "BUY", "hash": "32160976fba6b2d2bba4118fcfdc409a9aaef303", "best_bid": "0.78", "best_ask": "0.81"}, {"asset_id": "36135303630970774358991758965953725374791089628290212294816140371870983436829", "price": "0.22", "size": "100", "side": "SELL", "hash": "164139fcd5424db6897685043a530657103c4bf9", "best_bid": "0.19", "best_ask": "0.22"}], "timestamp": "1769384029529", "event_type": "price_change"}}
{"_local_timestamp": "2026-01-25T23:33:51.745858+00:00", "data": {"market": "0x6e6851f2698629795fa06869d961c986221a80cedcba10fbaf0ed220607cdada", "price_changes": [{"asset_id": "100818499003359884559774352671825765184103958625070066814408985574716007147193", "price": "0.77", "size": "22.9", "side": "BUY", "hash": "8e99fdd78de234c28ca015d4a23262a0859e466e", "best_bid": "0.78", "best_ask": "0.81"}, {"asset_id": "36135303630970774358991758965953725374791089628290212294816140371870983436829", "price": "0.23", "size": "22.9", "side": "SELL", "hash": "4e8d77c75e706ce3955567de3f8821629b20fa14", "best_bid": "0.19", "best_ask": "0.22"}], "timestamp": "1769384031675", "event_type": "price_change"}}
{"_local_timestamp": "2026-01-25T23:33:53.457527+00:00", "data": {"market": "0x6e6851f2698629795fa06869d961c986221a80cedcba10fbaf0ed220607cdada", "price_changes": [{"asset_id": "100818499003359884559774352671825765184103958625070066814408985574716007147193", "price": "0.78", "size": "0", "side": "BUY", "hash": "de91479beb896c4fdb45b9f01e08fad9b643e6bd", "best_bid": "0.77", "best_ask": "0.81"}, {"asset_id": "36135303630970774358991758965953725374791089628290212294816140371870983436829", "price": "0.22", "size": "0", "side": "SELL", "hash": "a06e098f35999a890b6a9a3eba0f43f46959271f", "best_bid": "0.19", "best_ask": "0.23"}], "timestamp": "1769384033393", "event_type": "price_change"}}
{"_local_timestamp": "2026-01-25T23:33:54.150145+00:00", "data": {"market": "0x6e6851f2698629795fa06869d961c986221a80cedcba10fbaf0ed220607cdada", "price_changes": [{"asset_id": "100818499003359884559774352671825765184103958625070066814408985574716007147193", "price": "0.73", "size": "100", "side": "BUY", "hash": "37fbd1fb74eed47806c135235cb2beca3738ce20", "best_bid": "0.77", "best_ask": "0.81"}, {"asset_id": "36135303630970774358991758965953725374791089628290212294816140371870983436829", "price": "0.27", "size": "100", "side": "SELL", "hash": "c894f4189b90c5ab54634aa3b05ac0e80d58dab6", "best_bid": "0.19", "best_ask": "0.23"}], "timestamp": "1769384034081", "event_type": "price_change"}}
{"_local_timestamp": "2026-01-25T23:33:57.558574+00:00", "data": {"market": "0x6e6851f2698629795fa06869d961c986221a80cedcba10fbaf0ed220607cdada", "price_changes": [{"asset_id": "100818499003359884559774352671825765184103958625070066814408985574716007147193", "price": "0.77", "size": "52.9", "side": "BUY", "hash": "73af826e11c24c40194bdc6ce9a6183c9f35665e", "best_bid": "0.77", "best_ask": "0.81"}, {"asset_id": "36135303630970774358991758965953725374791089628290212294816140371870983436829", "price": "0.23", "size": "52.9", "side": "SELL", "hash": "d44544e196c1320332ecba07d85fdc52175da530", "best_bid": "0.19", "best_ask": "0.23"}], "timestamp": "1769384037494", "event_type": "price_change"}}
{"_local_timestamp": "2026-01-25T23:34:02.485568+00:00", "data": {"market": "0x6e6851f2698629795fa06869d961c986221a80cedcba10fbaf0ed220607cdada", "price_changes": [{"asset_id": "100818499003359884559774352671825765184103958625070066814408985574716007147193", "price": "0.73", "size": "0", "side": "BUY", "hash": "2aeed2d7005268e531e31cfe165efc14d4ddbba4", "best_bid": "0.77", "best_ask": "0.81"}, {"asset_id": "36135303630970774358991758965953725374791089628290212294816140371870983436829", "price": "0.27", "size": "0", "side": "SELL", "hash": "f6039ab88c5bd351db42755725791ace5d8d8748", "best_bid": "0.19", "best_ask": "0.23"}], "timestamp": "1769384042405", "event_type": "price_change"}}
{"_local_timestamp": "2026-01-25T23:34:03.262134+00:00", "data": {"market": "0x6e6851f2698629795fa06869d961c986221a80cedcba10fbaf0ed220607cdada", "price_changes": [{"asset_id": "100818499003359884559774352671825765184103958625070066814408985574716007147193", "price": "0.78", "size": "100", "side": "BUY", "hash": "aca50e112bc14f997bad0c9a5e68ca86ed5d36de", "best_bid": "0.78", "best_ask": "0.81"}, {"asset_id": "36135303630970774358991758965953725374791089628290212294816140371870983436829", "price": "0.22", "size": "100", "side": "SELL", "hash": "6cfe07d14419069436198480b37296bf57ca1510", "best_bid": "0.19", "best_ask": "0.22"}], "timestamp": "1769384043178", "event_type": "price_change"}}
{"_local_timestamp": "2026-01-25T23:34:03.367478+00:00", "data": {"market": "0x6e6851f2698629795fa06869d961c986221a80cedcba10fbaf0ed220607cdada", "price_changes": [{"asset_id": "36135303630970774358991758965953725374791089628290212294816140371870983436829", "price": "0.18", "size": "0", "side": "BUY", "hash": "2de7b8596933f30574afde335c2d6f2a2326e6ba", "best_bid": "0.19", "best_ask": "0.22"}, {"asset_id": "100818499003359884559774352671825765184103958625070066814408985574716007147193", "price": "0.82", "size": "0", "side": "SELL", "hash": "8911208534486df4e2a83042f2c1353f3c2f0c4f", "best_bid": "0.78", "best_ask": "0.81"}], "timestamp": "1769384043278", "event_type": "price_change"}}
{"_local_timestamp": "2026-01-25T23:34:03.372433+00:00", "data": {"market": "0x6e6851f2698629795fa06869d961c986221a80cedcba10fbaf0ed220607cdada", "price_changes": [{"asset_id": "36135303630970774358991758965953725374791089628290212294816140371870983436829", "price": "0.15", "size": "193.46", "side": "BUY", "hash": "2de7b8596933f30574afde335c2d6f2a2326e6ba", "best_bid": "0.19", "best_ask": "0.22"}, {"asset_id": "100818499003359884559774352671825765184103958625070066814408985574716007147193", "price": "0.85", "size": "193.46", "side": "SELL", "hash": "8911208534486df4e2a83042f2c1353f3c2f0c4f", "best_bid": "0.78", "best_ask": "0.81"}], "timestamp": "1769384043278", "event_type": "price_change"}}
{"_local_timestamp": "2026-01-25T23:34:03.372830+00:00", "data": {"market": "0x6e6851f2698629795fa06869d961c986221a80cedcba10fbaf0ed220607cdada", "price_changes": [{"asset_id": "36135303630970774358991758965953725374791089628290212294816140371870983436829", "price": "0.13", "size": "0", "side": "BUY", "hash": "2de7b8596933f30574afde335c2d6f2a2326e6ba", "best_bid": "0.19", "best_ask": "0.22"}, {"asset_id": "100818499003359884559774352671825765184103958625070066814408985574716007147193", "price": "0.87", "size": "0", "side": "SELL", "hash": "8911208534486df4e2a83042f2c1353f3c2f0c4f", "best_bid": "0.78", "best_ask": "0.81"}], "timestamp": "1769384043278", "event_type": "price_change"}}
{"_local_timestamp": "2026-01-25T23:34:03.373139+00:00", "data": {"market": "0x6e6851f2698629795fa06869d961c986221a80cedcba10fbaf0ed220607cdada", "price_changes": [{"asset_id": "100818499003359884559774352671825765184103958625070066814408985574716007147193", "price": "0.76", "size": "31", "side": "BUY", "hash": "3a6db092895b2226410d5bfaf211611f015f0d7e", "best_bid": "0.78", "best_ask": "0.81"}, {"asset_id": "36135303630970774358991758965953725374791089628290212294816140371870983436829", "price": "0.24", "size": "31", "side": "SELL", "hash": "5e94da888fba8e262c75eeb5d0dfdeedb6d74889", "best_bid": "0.19", "best_ask": "0.22"}], "timestamp": "1769384043278", "event_type": "price_change"}}
{"_local_timestamp": "2026-01-25T23:34:03.373483+00:00", "data": {"market": "0x6e6851f2698629795fa06869d961c986221a80cedcba10fbaf0ed220607cdada", "price_changes": [{"asset_id": "100818499003359884559774352671825765184103958625070066814408985574716007147193", "price": "0.72", "size": "316.53", "side": "BUY", "hash": "3a6db092895b2226410d5bfaf211611f015f0d7e", "best_bid": "0.78", "best_ask": "0.81"}, {"asset_id": "36135303630970774358991758965953725374791089628290212294816140371870983436829", "price": "0.28", "size": "316.53", "side": "SELL", "hash": "5e94da888fba8e262c75eeb5d0dfdeedb6d74889", "best_bid": "0.19", "best_ask": "0.22"}], "timestamp": "1769384043278", "event_type": "price_change"}}
{"_local_timestamp": "2026-01-25T23:34:03.622034+00:00", "data": {"market": "0x6e6851f2698629795fa06869d961c986221a80cedcba10fbaf0ed220607cdada", "price_changes": [{"asset_id": "100818499003359884559774352671825765184103958625070066814408985574716007147193", "price": "0.73", "size": "30", "side": "BUY", "hash": "d675b467acfedae29f4d3783b1bcc201ef151715", "best_bid": "0.78", "best_ask": "0.81"}, {"asset_id": "36135303630970774358991758965953725374791089628290212294816140371870983436829", "price": "0.27", "size": "30", "side": "SELL", "hash": "08289202fda9d9857d42ba4586ee9d383a4237fb", "best_bid": "0.19", "best_ask": "0.22"}], "timestamp": "1769384043557", "event_type": "price_change"}}
{"_local_timestamp": "2026-01-25T23:34:03.913652+00:00", "data": {"market": "0x6e6851f2698629795fa06869d961c986221a80cedcba10fbaf0ed220607cdada", "price_changes": [{"asset_id": "100818499003359884559774352671825765184103958625070066814408985574716007147193", "price": "0.77", "size": "22.9", "side": "BUY", "hash": "de302955cab2c2222998a1d514c53e5eec3505ac", "best_bid": "0.78", "best_ask": "0.81"}, {"asset_id": "36135303630970774358991758965953725374791089628290212294816140371870983436829", "price": "0.23", "size": "22.9", "side": "SELL", "hash": "cdefcc71cf913896ca90896f37836a3d094cd3ad", "best_bid": "0.19", "best_ask": "0.22"}], "timestamp": "1769384043847", "event_type": "price_change"}}
{"_local_timestamp": "2026-01-25T23:34:04.221018+00:00", "data": {"market": "0x6e6851f2698629795fa06869d961c986221a80cedcba10fbaf0ed220607cdada", "price_changes": [{"asset_id": "100818499003359884559774352671825765184103958625070066814408985574716007147193", "price": "0.72", "size": "370.23", "side": "BUY", "hash": "a1a7ac3a4a39e0b0ce8dba61fc90790c515db7b1", "best_bid": "0.78", "best_ask": "0.81"}, {"asset_id": "36135303630970774358991758965953725374791089628290212294816140371870983436829", "price": "0.28", "size": "370.23", "side": "SELL", "hash": "2da9befb567544dd7c981deac3238eda4903e3d8", "best_bid": "0.19", "best_ask": "0.22"}], "timestamp": "1769384044159", "event_type": "price_change"}}
{"_local_timestamp": "2026-01-25T23:34:04.225218+00:00", "data": {"market": "0x6e6851f2698629795fa06869d961c986221a80cedcba10fbaf0ed220607cdada", "price_changes": [{"asset_id": "100818499003359884559774352671825765184103958625070066814408985574716007147193", "price": "0.78", "size": "153.7", "side": "BUY", "hash": "25cf8b21624afb0b14f0bc47f2cfbf93eed6d991", "best_bid": "0.78", "best_ask": "0.81"}, {"asset_id": "36135303630970774358991758965953725374791089628290212294816140371870983436829", "price": "0.22", "size": "153.7", "side": "SELL", "hash": "6663c63230ad60c5530b8058381f12f15fcc9548", "best_bid": "0.19", "best_ask": "0.22"}], "timestamp": "1769384044160", "event_type": "price_change"}}
{"_local_timestamp": "2026-01-25T23:34:04.241101+00:00", "data": {"market": "0x6e6851f2698629795fa06869d961c986221a80cedcba10fbaf0ed220607cdada", "price_changes": [{"asset_id": "100818499003359884559774352671825765184103958625070066814408985574716007147193", "price": "0.75", "size": "53.7", "side": "BUY", "hash": "fe471c31a67491bde650def9e89ff056e6de11de", "best_bid": "0.78", "best_ask": "0.81"}, {"asset_id": "36135303630970774358991758965953725374791089628290212294816140371870983436829", "price": "0.25", "size": "53.7", "side": "SELL", "hash": "a828409ff196cca21d2abe49ab7606e3cfbeedc3", "best_bid": "0.19", "best_ask": "0.22"}], "timestamp": "1769384044178", "event_type": "price_change"}}
{"_local_timestamp": "2026-01-25T23:34:04.270607+00:00", "data": {"market": "0x6e6851f2698629795fa06869d961c986221a80cedcba10fbaf0ed220607cdada", "price_changes": [{"asset_id": "36135303630970774358991758965953725374791089628290212294816140371870983436829", "price": "0.16", "size": "100", "side": "BUY", "hash": "c58cfe08a8b12f15de7d901051d86c32dc07ca49", "best_bid": "0.19", "best_ask": "0.22"}, {"asset_id": "100818499003359884559774352671825765184103958625070066814408985574716007147193", "price": "0.84", "size": "100", "side": "SELL", "hash": "0241c878d6455798d0a13101cca73cb99accc908", "best_bid": "0.78", "best_ask": "0.81"}], "timestamp": "1769384044202", "event_type": "price_change"}}
{"_local_timestamp": "2026-01-25T23:34:04.273336+00:00", "data": {"market": "0x6e6851f2698629795fa06869d961c986221a80cedcba10fbaf0ed220607cdada", "price_changes": [{"asset_id": "36135303630970774358991758965953725374791089628290212294816140371870983436829", "price": "0.13", "size": "100", "side": "BUY", "hash": "ffed51ea1153680c74cdac5f397ad8742f3b3224", "best_bid": "0.19", "best_ask": "0.22"}, {"asset_id": "100818499003359884559774352671825765184103958625070066814408985574716007147193", "price": "0.87", "size": "100", "side": "SELL", "hash": "b5cbb76fd219bcb334c089eb76fd58cb6b06ee90", "best_bid": "0.78", "best_ask": "0.81"}], "timestamp": "1769384044204", "event_type": "price_change"}}
{"_local_timestamp": "2026-01-25T23:34:06.557425+00:00", "data": {"market": "0x6e6851f2698629795fa06869d961c986221a80cedcba10fbaf0ed220607cdada", "price_changes": [{"asset_id": "100818499003359884559774352671825765184103958625070066814408985574716007147193", "price": "0.81", "size": "100", "side": "SELL", "hash": "e626e3877798db0822ff0c68762afd94030e534e", "best_bid": "0.78", "best_ask": "0.81"}, {"asset_id": "36135303630970774358991758965953725374791089628290212294816140371870983436829", "price": "0.19", "size": "100", "side": "BUY", "hash": "b09e9b7868a3e03c8939ac477efb86a9dbe66e92", "best_bid": "0.19", "best_ask": "0.22"}], "timestamp": "1769384046480", "event_type": "price_change"}}
{"_local_timestamp": "2026-01-25T23:34:06.902082+00:00", "data": {"market": "0x6e6851f2698629795fa06869d961c986221a80cedcba10fbaf0ed220607cdada", "price_changes": [{"asset_id": "100818499003359884559774352671825765184103958625070066814408985574716007147193", "price": "0.83", "size": "9.96", "side": "SELL", "hash": "a97bd88127a703eb01291a05792f09ce02989da3", "best_bid": "0.78", "best_ask": "0.81"}, {"asset_id": "36135303630970774358991758965953725374791089628290212294816140371870983436829", "price": "0.17", "size": "9.96", "side": "BUY", "hash": "f947f24cbe566ee9cffcde5e9346033eedd9a592", "best_bid": "0.19", "best_ask": "0.22"}], "timestamp": "1769384046839", "event_type": "price_change"}}
{"_local_timestamp": "2026-01-25T23:34:06.940147+00:00", "data": {"market": "0x6e6851f2698629795fa06869d961c986221a80cedcba10fbaf0ed220607cdada", "price_changes": [{"asset_id": "100818499003359884559774352671825765184103958625070066814408985574716007147193", "price": "0.78", "size": "53.7", "side": "BUY", "hash": "5d17e1d530b631feff969b8891567970f2fda644", "best_bid": "0.78", "best_ask": "0.81"}, {"asset_id": "36135303630970774358991758965953725374791089628290212294816140371870983436829", "price": "0.22", "size": "53.7", "side": "SELL", "hash": "b1e9d486173389031ceabc670f3547648bc31315", "best_bid": "0.19", "best_ask": "0.22"}], "timestamp": "1769384046872", "event_type": "price_change"}}
{"_local_timestamp": "2026-01-25T23:34:06.948115+00:00", "data": {"market": "0x6e6851f2698629795fa06869d961c986221a80cedcba10fbaf0ed220607cdada", "price_changes": [{"asset_id": "36135303630970774358991758965953725374791089628290212294816140371870983436829", "price": "0.19", "size": "0", "side": "BUY", "hash": "834a179167ce846239f36083b9300ff4e60344df", "best_bid": "0.17", "best_ask": "0.22"}, {"asset_id": "100818499003359884559774352671825765184103958625070066814408985574716007147193", "price": "0.81", "size": "0", "side": "SELL", "hash": "178f170545fef9c6acaa83ce4ef99b678f871c6f", "best_bid": "0.78", "best_ask": "0.83"}], "timestamp": "1769384046873", "event_type": "price_change"}}
{"_local_timestamp": "2026-01-25T23:34:07.043841+00:00", "data": {"market": "0x6e6851f2698629795fa06869d961c986221a80cedcba10fbaf0ed220607cdada", "price_changes": [{"asset_id": "36135303630970774358991758965953725374791089628290212294816140371870983436829", "price": "0.16", "size": "130", "side": "BUY", "hash": "5c872cd16fed28eb26dc4ccce7393d8d4cde0e97", "best_bid": "0.17", "best_ask": "0.22"}, {"asset_id": "100818499003359884559774352671825765184103958625070066814408985574716007147193", "price": "0.84", "size": "130", "side": "SELL", "hash": "148f6a68c79e1e48d3475c30981afd1f1e3fc42d", "best_bid": "0.78", "best_ask": "0.83"}], "timestamp": "1769384046977", "event_type": "price_change"}}
{"_local_timestamp": "2026-01-25T23:34:07.097755+00:00", "data": {"market": "0x6e6851f2698629795fa06869d961c986221a80cedcba10fbaf0ed220607cdada", "price_changes": [{"asset_id": "100818499003359884559774352671825765184103958625070066814408985574716007147193", "price": "0.78", "size": "83.7", "side": "BUY", "hash": "a13062f1f70f4ddc81b8aa55a8454de4bedae06d", "best_bid": "0.78", "best_ask": "0.83"}, {"asset_id": "36135303630970774358991758965953725374791089628290212294816140371870983436829", "price": "0.22", "size": "83.7", "side": "SELL", "hash": "24ad7fe2179e59be2bd28094e43f56336a0955d3", "best_bid": "0.17", "best_ask": "0.22"}], "timestamp": "1769384047008", "event_type": "price_change"}}
{"_local_timestamp": "2026-01-25T23:34:07.628389+00:00", "data": {"market": "0x6e6851f2698629795fa06869d961c986221a80cedcba10fbaf0ed220607cdada", "price_changes": [{"asset_id": "36135303630970774358991758965953725374791089628290212294816140371870983436829", "price": "0.17", "size": "109.96", "side": "BUY", "hash": "36244781b4aaf5b5fc4b94c72e22c85912a92225", "best_bid": "0.17", "best_ask": "0.22"}, {"asset_id": "100818499003359884559774352671825765184103958625070066814408985574716007147193", "price": "0.83", "size": "109.96", "side": "SELL", "hash": "2ec0a84ca4e524a5d9e47b5d815895e5ddc8c599", "best_bid": "0.78", "best_ask": "0.83"}], "timestamp": "1769384047540", "event_type": "price_change"}}
{"_local_timestamp": "2026-01-25T23:34:08.677818+00:00", "data": {"market": "0x6e6851f2698629795fa06869d961c986221a80cedcba10fbaf0ed220607cdada", "price_changes": [{"asset_id": "36135303630970774358991758965953725374791089628290212294816140371870983436829", "price": "0.16", "size": "100", "side": "BUY", "hash": "d4406255c95a8832cef6acc6586055b9162095c1", "best_bid": "0.17", "best_ask": "0.22"}, {"asset_id": "100818499003359884559774352671825765184103958625070066814408985574716007147193", "price": "0.84", "size": "100", "side": "SELL", "hash": "84c1996e1895e9ed11a4fb2170d5deb796482a3f", "best_bid": "0.78", "best_ask": "0.83"}], "timestamp": "1769384048576", "event_type": "price_change"}}
{"_local_timestamp": "2026-01-25T23:34:08.730194+00:00", "data": {"market": "0x6e6851f2698629795fa06869d961c986221a80cedcba10fbaf0ed220607cdada", "price_changes": [{"asset_id": "36135303630970774358991758965953725374791089628290212294816140371870983436829", "price": "0.17", "size": "139.96", "side": "BUY", "hash": "1659cd00c1bcc7cc34756805b4208468ce944ba8", "best_bid": "0.17", "best_ask": "0.22"}, {"asset_id": "100818499003359884559774352671825765184103958625070066814408985574716007147193", "price": "0.83", "size": "139.96", "side": "SELL", "hash": "e7a26dad3c15d386e2a3d8aeeb40fbd83eb32957", "best_bid": "0.78", "best_ask": "0.83"}], "timestamp": "1769384048647", "event_type": "price_change"}}
{"_local_timestamp": "2026-01-25T23:34:09.675304+00:00", "data": {"market": "0x6e6851f2698629795fa06869d961c986221a80cedcba10fbaf0ed220607cdada", "price_changes": [{"asset_id": "100818499003359884559774352671825765184103958625070066814408985574716007147193", "price": "0.79", "size": "30", "side": "BUY", "hash": "3a124bc3675123a71aa7288076be70aa42d5e279", "best_bid": "0.79", "best_ask": "0.83"}, {"asset_id": "36135303630970774358991758965953725374791089628290212294816140371870983436829", "price": "0.21", "size": "30", "side": "SELL", "hash": "eadedf4da0754e7548c6659165eb711e8013895c", "best_bid": "0.17", "best_ask": "0.21"}], "timestamp": "1769384049603", "event_type": "price_change"}}
{"_local_timestamp": "2026-01-25T23:34:09.958354+00:00", "data": {"market": "0x6e6851f2698629795fa06869d961c986221a80cedcba10fbaf0ed220607cdada", "price_changes": [{"asset_id": "100818499003359884559774352671825765184103958625070066814408985574716007147193", "price": "0.73", "size": "0", "side": "BUY", "hash": "f211bf1f539c18f21516462a7e6b2e91708c9544", "best_bid": "0.79", "best_ask": "0.83"}, {"asset_id": "36135303630970774358991758965953725374791089628290212294816140371870983436829", "price": "0.27", "size": "0", "side": "SELL", "hash": "4bbd30777a9e8f6bfde1d78754928631eccc30e7", "best_bid": "0.17", "best_ask": "0.21"}], "timestamp": "1769384049869", "event_type": "price_change"}}
{"_local_timestamp": "2026-01-25T23:34:12.093653+00:00", "data": {"market": "0x6e6851f2698629795fa06869d961c986221a80cedcba10fbaf0ed220607cdada", "price_changes": [{"asset_id": "100818499003359884559774352671825765184103958625070066814408985574716007147193", "price": "0.79", "size": "130", "side": "BUY", "hash": "ca9cc98ae5ec0b39e2da8a81519ed53ddbb602c2", "best_bid": "0.79", "best_ask": "0.83"}, {"asset_id": "36135303630970774358991758965953725374791089628290212294816140371870983436829", "price": "0.21", "size": "130", "side": "SELL", "hash": "4b82dd8a7f7cdb413a4ccb3ed3e7521e508d9dba", "best_bid": "0.17", "best_ask": "0.21"}], "timestamp": "1769384052023", "event_type": "price_change"}}
{"_local_timestamp": "2026-01-25T23:34:13.224049+00:00", "data": {"market": "0x6e6851f2698629795fa06869d961c986221a80cedcba10fbaf0ed220607cdada", "price_changes": [{"asset_id": "100818499003359884559774352671825765184103958625070066814408985574716007147193", "price": "0.78", "size": "53.7", "side": "BUY", "hash": "2648604fc70ac0b45f12330e7011f3d154b281b9", "best_bid": "0.79", "best_ask": "0.83"}, {"asset_id": "36135303630970774358991758965953725374791089628290212294816140371870983436829", "price": "0.22", "size": "53.7", "side": "SELL", "hash": "cafe08f78e7c113f71054cb0f242ad7ab5af0ab3", "best_bid": "0.17", "best_ask": "0.21"}], "timestamp": "1769384053128", "event_type": "price_change"}}
{"_local_timestamp": "2026-01-25T23:34:13.245782+00:00", "data": {"market": "0x6e6851f2698629795fa06869d961c986221a80cedcba10fbaf0ed220607cdada", "price_changes": [{"asset_id": "100818499003359884559774352671825765184103958625070066814408985574716007147193", "price": "0.79", "size": "160", "side": "BUY", "hash": "ef3f5cb7a02e203edbf13045ee545f698d9f042b", "best_bid": "0.79", "best_ask": "0.83"}, {"asset_id": "36135303630970774358991758965953725374791089628290212294816140371870983436829", "price": "0.21", "size": "160", "side": "SELL", "hash": "181c73a866f1ecc85a3e47d62a617d866190738d", "best_bid": "0.17", "best_ask": "0.21"}], "timestamp": "1769384053181", "event_type": "price_change"}}
{"_local_timestamp": "2026-01-25T23:34:15.636402+00:00", "data": {"market": "0x6e6851f2698629795fa06869d961c986221a80cedcba10fbaf0ed220607cdada", "price_changes": [{"asset_id": "100818499003359884559774352671825765184103958625070066814408985574716007147193", "price": "0.79", "size": "60", "side": "BUY", "hash": "7cb25d9dc4d64fd467e44ddb690421d97cd59d44", "best_bid": "0.79", "best_ask": "0.83"}, {"asset_id": "36135303630970774358991758965953725374791089628290212294816140371870983436829", "price": "0.21", "size": "60", "side": "SELL", "hash": "0f3504e6308e65d2f80609a09fcdce4fd3d0fc33", "best_bid": "0.17", "best_ask": "0.21"}], "timestamp": "1769384055563", "event_type": "price_change"}}
{"_local_timestamp": "2026-01-25T23:34:16.233967+00:00", "data": {"market": "0x6e6851f2698629795fa06869d961c986221a80cedcba10fbaf0ed220607cdada", "price_changes": [{"asset_id": "100818499003359884559774352671825765184103958625070066814408985574716007147193", "price": "0.8", "size": "100", "side": "BUY", "hash": "6bf7509d772dec957145d07812e02fa61594134f", "best_bid": "0.8", "best_ask": "0.83"}, {"asset_id": "36135303630970774358991758965953725374791089628290212294816140371870983436829", "price": "0.2", "size": "100", "side": "SELL", "hash": "877a1c827756714ac0862a12f8aea3bd4b8c69af", "best_bid": "0.17", "best_ask": "0.2"}], "timestamp": "1769384056163", "event_type": "price_change"}}
{"_local_timestamp": "2026-01-25T23:34:16.816676+00:00", "data": {"market": "0x6e6851f2698629795fa06869d961c986221a80cedcba10fbaf0ed220607cdada", "price_changes": [{"asset_id": "100818499003359884559774352671825765184103958625070066814408985574716007147193", "price": "0.79", "size": "30", "side": "BUY", "hash": "38c6fbe5f9c5ec50a04fdb3ae5b20d2dcea75ab0", "best_bid": "0.8", "best_ask": "0.83"}, {"asset_id": "36135303630970774358991758965953725374791089628290212294816140371870983436829", "price": "0.21", "size": "30", "side": "SELL", "hash": "6c621aeba97f827f16f4f74a5204116aeda65658", "best_bid": "0.17", "best_ask": "0.2"}], "timestamp": "1769384056748", "event_type": "price_change"}}
{"_local_timestamp": "2026-01-25T23:34:16.868252+00:00", "data": {"market": "0x6e6851f2698629795fa06869d961c986221a80cedcba10fbaf0ed220607cdada", "price_changes": [{"asset_id": "100818499003359884559774352671825765184103958625070066814408985574716007147193", "price": "0.8", "size": "130", "side": "BUY", "hash": "f5d17746c624f411327661daa77505c7b9902b22", "best_bid": "0.8", "best_ask": "0.83"}, {"asset_id": "36135303630970774358991758965953725374791089628290212294816140371870983436829", "price": "0.2", "size": "130", "side": "SELL", "hash": "8f43b9a69557c09129916bb926519ca6dedc45ea", "best_bid": "0.17", "best_ask": "0.2"}], "timestamp": "1769384056799", "event_type": "price_change"}}
{"_local_timestamp": "2026-01-25T23:34:20.051269+00:00", "data": {"market": "0x6e6851f2698629795fa06869d961c986221a80cedcba10fbaf0ed220607cdada", "price_changes": [{"asset_id": "100818499003359884559774352671825765184103958625070066814408985574716007147193", "price": "0.8", "size": "30", "side": "BUY", "hash": "293d29ab696e23030566dfa770346fe0621d3e63", "best_bid": "0.8", "best_ask": "0.83"}, {"asset_id": "36135303630970774358991758965953725374791089628290212294816140371870983436829", "price": "0.2", "size": "30", "side": "SELL", "hash": "a188ba97754ff9cd22263bced863a813c0ed1f5d", "best_bid": "0.17", "best_ask": "0.2"}], "timestamp": "1769384059959", "event_type": "price_change"}}
{"_local_timestamp": "2026-01-25T23:34:20.762929+00:00", "data": {"market": "0x6e6851f2698629795fa06869d961c986221a80cedcba10fbaf0ed220607cdada", "price_changes": [{"asset_id": "100818499003359884559774352671825765184103958625070066814408985574716007147193", "price": "0.79", "size": "130", "side": "BUY", "hash": "ea3af13f95e12224bacb9c2f6fd555c3cc67ace9", "best_bid": "0.8", "best_ask": "0.83"}, {"asset_id": "36135303630970774358991758965953725374791089628290212294816140371870983436829", "price": "0.21", "size": "130", "side": "SELL", "hash": "690e24c42efc0d130262f11c6e5612c28af641ff", "best_bid": "0.17", "best_ask": "0.2"}], "timestamp": "1769384060690", "event_type": "price_change"}}
{"_local_timestamp": "2026-01-25T23:34:20.929593+00:00", "data": {"market": "0x6e6851f2698629795fa06869d961c986221a80cedcba10fbaf0ed220607cdada", "price_changes": [{"asset_id": "100818499003359884559774352671825765184103958625070066814408985574716007147193", "price": "0.8", "size": "0", "side": "BUY", "hash": "15f7504ed10ca6b117355dabc300904a7db08128", "best_bid": "0.79", "best_ask": "0.83"}, {"asset_id": "36135303630970774358991758965953725374791089628290212294816140371870983436829", "price": "0.2", "size": "0", "side": "SELL", "hash": "3b0375bef219de51ae6c151e2677603b658dee2b", "best_bid": "0.17", "best_ask": "0.21"}], "timestamp": "1769384060857", "event_type": "price_change"}}
{"_local_timestamp": "2026-01-25T23:34:20.984005+00:00", "data": {"market": "0x6e6851f2698629795fa06869d961c986221a80cedcba10fbaf0ed220607cdada", "price_changes": [{"asset_id": "100818499003359884559774352671825765184103958625070066814408985574716007147193", "price": "0.78", "size": "83.7", "side": "BUY", "hash": "b7213ca61f106262cddb72acf8e4c06704fab478", "best_bid": "0.79", "best_ask": "0.83"}, {"asset_id": "36135303630970774358991758965953725374791089628290212294816140371870983436829", "price": "0.22", "size": "83.7", "side": "SELL", "hash": "7703e77d08a71ae1c8b98044a0cc51d8315d1b96", "best_bid": "0.17", "best_ask": "0.21"}], "timestamp": "1769384060920", "event_type": "price_change"}}
{"_local_timestamp": "2026-01-25T23:34:22.517463+00:00", "data": {"market": "0x6e6851f2698629795fa06869d961c986221a80cedcba10fbaf0ed220607cdada", "price_changes": [{"asset_id": "100818499003359884559774352671825765184103958625070066814408985574716007147193", "price": "0.78", "size": "53.7", "side": "BUY", "hash": "462b568d9f7cc498fed3a81dfa4399c5e6f174d4", "best_bid": "0.79", "best_ask": "0.83"}, {"asset_id": "36135303630970774358991758965953725374791089628290212294816140371870983436829", "price": "0.22", "size": "53.7", "side": "SELL", "hash": "69e1caf90e002ca395e54d6d21fe82931ef6e3a1", "best_bid": "0.17", "best_ask": "0.21"}], "timestamp": "1769384062449", "event_type": "price_change"}}
{"_local_timestamp": "2026-01-25T23:34:22.577024+00:00", "data": {"market": "0x6e6851f2698629795fa06869d961c986221a80cedcba10fbaf0ed220607cdada", "price_changes": [{"asset_id": "100818499003359884559774352671825765184103958625070066814408985574716007147193", "price": "0.79", "size": "160", "side": "BUY", "hash": "42036e0b02607c8fb14ad080f3535939f65fe908", "best_bid": "0.79", "best_ask": "0.83"}, {"asset_id": "36135303630970774358991758965953725374791089628290212294816140371870983436829", "price": "0.21", "size": "160", "side": "SELL", "hash": "5e6afc468ed8391d26123daa0074be37dba4f300", "best_bid": "0.17", "best_ask": "0.21"}], "timestamp": "1769384062504", "event_type": "price_change"}}
{"_local_timestamp": "2026-01-25T23:34:24.552548+00:00", "data": {"market": "0x6e6851f2698629795fa06869d961c986221a80cedcba10fbaf0ed220607cdada", "price_changes": [{"asset_id": "100818499003359884559774352671825765184103958625070066814408985574716007147193", "price": "0.79", "size": "60", "side": "BUY", "hash": "6906cfd0cb36e2b7af36616d0d67b7fa9742c969", "best_bid": "0.79", "best_ask": "0.83"}, {"asset_id": "36135303630970774358991758965953725374791089628290212294816140371870983436829", "price": "0.21", "size": "60", "side": "SELL", "hash": "19afdf1ee1808cbef99e244d4cff8189ec296fe4", "best_bid": "0.17", "best_ask": "0.21"}], "timestamp": "1769384064478", "event_type": "price_change"}}
{"_local_timestamp": "2026-01-25T23:34:25.258316+00:00", "data": {"market": "0x6e6851f2698629795fa06869d961c986221a80cedcba10fbaf0ed220607cdada", "price_changes": [{"asset_id": "100818499003359884559774352671825765184103958625070066814408985574716007147193", "price": "0.8", "size": "100", "side": "BUY", "hash": "89eb05e7dd6a9cc2b8e3a0a342a356df08ec9094", "best_bid": "0.8", "best_ask": "0.83"}, {"asset_id": "36135303630970774358991758965953725374791089628290212294816140371870983436829", "price": "0.2", "size": "100", "side": "SELL", "hash": "56648a14decc560be3d86ceb74f5058df9e681e0", "best_bid": "0.17", "best_ask": "0.2"}], "timestamp": "1769384065170", "event_type": "price_change"}}
{"_local_timestamp": "2026-01-25T23:34:25.769031+00:00", "data": {"market": "0x6e6851f2698629795fa06869d961c986221a80cedcba10fbaf0ed220607cdada", "price_changes": [{"asset_id": "100818499003359884559774352671825765184103958625070066814408985574716007147193", "price": "0.79", "size": "30", "side": "BUY", "hash": "b2386d1b5fdaf1a200c5d12b4b7c2052cac833e8", "best_bid": "0.8", "best_ask": "0.83"}, {"asset_id": "36135303630970774358991758965953725374791089628290212294816140371870983436829", "price": "0.21", "size": "30", "side": "SELL", "hash": "84038379ae6a257922b720ca8615628aeeb6e8b5", "best_bid": "0.17", "best_ask": "0.2"}], "timestamp": "1769384065693", "event_type": "price_change"}}
{"_local_timestamp": "2026-01-25T23:34:25.885465+00:00", "data": {"market": "0x6e6851f2698629795fa06869d961c986221a80cedcba10fbaf0ed220607cdada", "price_changes": [{"asset_id": "100818499003359884559774352671825765184103958625070066814408985574716007147193", "price": "0.8", "size": "130", "side": "BUY", "hash": "1ddca522573378e838f53addbed5a86b7bcb33da", "best_bid": "0.8", "best_ask": "0.83"}, {"asset_id": "36135303630970774358991758965953725374791089628290212294816140371870983436829", "price": "0.2", "size": "130", "side": "SELL", "hash": "13c4130db603bcba0c3ac6669ac1778da72377f2", "best_bid": "0.17", "best_ask": "0.2"}], "timestamp": "1769384065791", "event_type": "price_change"}}
{"_local_timestamp": "2026-01-25T23:34:28.074544+00:00", "data": {"market": "0x6e6851f2698629795fa06869d961c986221a80cedcba10fbaf0ed220607cdada", "price_changes": [{"asset_id": "100818499003359884559774352671825765184103958625070066814408985574716007147193", "price": "0.79", "size": "0", "side": "BUY", "hash": "88bd9b9fb3e81d46735995e1c7ca51e20d16d543", "best_bid": "0.8", "best_ask": "0.83"}, {"asset_id": "36135303630970774358991758965953725374791089628290212294816140371870983436829", "price": "0.21", "size": "0", "side": "SELL", "hash": "56a7b0677fdf98f18fa36492e4f5ad17a33d5f77", "best_bid": "0.17", "best_ask": "0.2"}], "timestamp": "1769384067996", "event_type": "price_change"}}
{"_local_timestamp": "2026-01-25T23:34:29.140005+00:00", "data": {"market": "0x6e6851f2698629795fa06869d961c986221a80cedcba10fbaf0ed220607cdada", "price_changes": [{"asset_id": "100818499003359884559774352671825765184103958625070066814408985574716007147193", "price": "0.8", "size": "30", "side": "BUY", "hash": "abf2ba192f3ad4336fa6e27f638178ab214810c6", "best_bid": "0.8", "best_ask": "0.83"}, {"asset_id": "36135303630970774358991758965953725374791089628290212294816140371870983436829", "price": "0.2", "size": "30", "side": "SELL", "hash": "da827b1f7dac5bc25215d1d4f455d3bf8805b4ba", "best_bid": "0.17", "best_ask": "0.2"}], "timestamp": "1769384068948", "event_type": "price_change"}}
{"_local_timestamp": "2026-01-25T23:34:29.734304+00:00", "data": {"market": "0x6e6851f2698629795fa06869d961c986221a80cedcba10fbaf0ed220607cdada", "price_changes": [{"asset_id": "100818499003359884559774352671825765184103958625070066814408985574716007147193", "price": "0.79", "size": "100", "side": "BUY", "hash": "ba53d58fd5574522f92e691beacfd54a2ae2a65f", "best_bid": "0.8", "best_ask": "0.83"}, {"asset_id": "36135303630970774358991758965953725374791089628290212294816140371870983436829", "price": "0.21", "size": "100", "side": "SELL", "hash": "673c17e57ccba68b5c2d550428ea6e1665c7201c", "best_bid": "0.17", "best_ask": "0.2"}], "timestamp": "1769384069626", "event_type": "price_change"}}
{"_local_timestamp": "2026-01-25T23:34:29.944766+00:00", "data": {"market": "0x6e6851f2698629795fa06869d961c986221a80cedcba10fbaf0ed220607cdada", "price_changes": [{"asset_id": "100818499003359884559774352671825765184103958625070066814408985574716007147193", "price": "0.8", "size": "0", "side": "BUY", "hash": "846119b2e5450c8f766ada8694ffa88472fda34f", "best_bid": "0.79", "best_ask": "0.83"}, {"asset_id": "36135303630970774358991758965953725374791089628290212294816140371870983436829", "price": "0.2", "size": "0", "side": "SELL", "hash": "6c2268cd7afdf4106990e78fd6350be829da8de6", "best_bid": "0.17", "best_ask": "0.21"}], "timestamp": "1769384069759", "event_type": "price_change"}}
{"_local_timestamp": "2026-01-25T23:34:30.221605+00:00", "data": {"market": "0x6e6851f2698629795fa06869d961c986221a80cedcba10fbaf0ed220607cdada", "price_changes": [{"asset_id": "100818499003359884559774352671825765184103958625070066814408985574716007147193", "price": "0.78", "size": "83.7", "side": "BUY", "hash": "8abc862472ebf8ad0838343ebb8a205dd607275e", "best_bid": "0.79", "best_ask": "0.83"}, {"asset_id": "36135303630970774358991758965953725374791089628290212294816140371870983436829", "price": "0.22", "size": "83.7", "side": "SELL", "hash": "f2180c341581d725eb7af06700a4586d04d3e062", "best_bid": "0.17", "best_ask": "0.21"}], "timestamp": "1769384070068", "event_type": "price_change"}}
{"_local_timestamp": "2026-01-25T23:34:31.044683+00:00", "data": {"market": "0x6e6851f2698629795fa06869d961c986221a80cedcba10fbaf0ed220607cdada", "price_changes": [{"asset_id": "100818499003359884559774352671825765184103958625070066814408985574716007147193", "price": "0.78", "size": "53.7", "side": "BUY", "hash": "34eb6766035d338695393d2ce0c125a7ac7f421e", "best_bid": "0.79", "best_ask": "0.83"}, {"asset_id": "36135303630970774358991758965953725374791089628290212294816140371870983436829", "price": "0.22", "size": "53.7", "side": "SELL", "hash": "27dbf58fe637d7410d0baf8e09263bb88e7f4784", "best_bid": "0.17", "best_ask": "0.21"}], "timestamp": "1769384070928", "event_type": "price_change"}}
{"_local_timestamp": "2026-01-25T23:34:31.070568+00:00", "data": {"market": "0x6e6851f2698629795fa06869d961c986221a80cedcba10fbaf0ed220607cdada", "price_changes": [{"asset_id": "100818499003359884559774352671825765184103958625070066814408985574716007147193", "price": "0.79", "size": "130", "side": "BUY", "hash": "5a324ddfe1227f10fce45cd8c6523ca5efd04c78", "best_bid": "0.79", "best_ask": "0.83"}, {"asset_id": "36135303630970774358991758965953725374791089628290212294816140371870983436829", "price": "0.21", "size": "130", "side": "SELL", "hash": "3418aceb30cab778a9f6f0fdf6dad8ca7cd9169d", "best_bid": "0.17", "best_ask": "0.21"}], "timestamp": "1769384070989", "event_type": "price_change"}}
{"_local_timestamp": "2026-01-25T23:34:33.755792+00:00", "data": {"market": "0x6e6851f2698629795fa06869d961c986221a80cedcba10fbaf0ed220607cdada", "price_changes": [{"asset_id": "100818499003359884559774352671825765184103958625070066814408985574716007147193", "price": "0.8", "size": "30", "side": "BUY", "hash": "b77145758253fbf95193ed53d37cd6db4a9283e4", "best_bid": "0.8", "best_ask": "0.83"}, {"asset_id": "36135303630970774358991758965953725374791089628290212294816140371870983436829", "price": "0.2", "size": "30", "side": "SELL", "hash": "14f1967c958d03ea03825d3cf057dc984c3ff494", "best_bid": "0.17", "best_ask": "0.2"}], "timestamp": "1769384073686", "event_type": "price_change"}}
{"_local_timestamp": "2026-01-25T23:35:02.435342+00:00", "data": {"market": "0x6e6851f2698629795fa06869d961c986221a80cedcba10fbaf0ed220607cdada", "price_changes": [{"asset_id": "36135303630970774358991758965953725374791089628290212294816140371870983436829", "price": "0.03", "size": "13.67", "side": "BUY", "hash": "f4f56cbe27a7fc29307949069986bf1c206fa2f9", "best_bid": "0.17", "best_ask": "0.2"}, {"asset_id": "100818499003359884559774352671825765184103958625070066814408985574716007147193", "price": "0.97", "size": "13.67", "side": "SELL", "hash": "05b285a69b9cf07a506d6fda31c867444985dc90", "best_bid": "0.8", "best_ask": "0.83"}], "timestamp": "1769384102366", "event_type": "price_change"}}
{"_local_timestamp": "2026-01-25T23:35:03.565774+00:00", "data": {"market": "0x6e6851f2698629795fa06869d961c986221a80cedcba10fbaf0ed220607cdada", "price_changes": [{"asset_id": "36135303630970774358991758965953725374791089628290212294816140371870983436829", "price": "0.03", "size": "31.5", "side": "BUY", "hash": "973806211dec0c07c9ac46db10b576f40f2456fa", "best_bid": "0.17", "best_ask": "0.2"}, {"asset_id": "100818499003359884559774352671825765184103958625070066814408985574716007147193", "price": "0.97", "size": "31.5", "side": "SELL", "hash": "d6eb6c8fb5f846963966c2a4af54eeb35925686c", "best_bid": "0.8", "best_ask": "0.83"}], "timestamp": "1769384103498", "event_type": "price_change"}}
{"_local_timestamp": "2026-01-25T23:36:45.761701+00:00", "data": {"market": "0x6e6851f2698629795fa06869d961c986221a80cedcba10fbaf0ed220607cdada", "price_changes": [{"asset_id": "100818499003359884559774352671825765184103958625070066814408985574716007147193", "price": "0.75", "size": "0", "side": "BUY", "hash": "21ca2b05051f7cb8aef969357a7cc12c684bd620", "best_bid": "0.8", "best_ask": "0.83"}, {"asset_id": "36135303630970774358991758965953725374791089628290212294816140371870983436829", "price": "0.25", "size": "0", "side": "SELL", "hash": "7aef6673c8bafa5ad5454c3ea5263f11872949d6", "best_bid": "0.17", "best_ask": "0.2"}], "timestamp": "1769384205604", "event_type": "price_change"}}
{"_local_timestamp": "2026-01-25T23:36:45.762755+00:00", "data": {"market": "0x6e6851f2698629795fa06869d961c986221a80cedcba10fbaf0ed220607cdada", "price_changes": [{"asset_id": "100818499003359884559774352671825765184103958625070066814408985574716007147193", "price": "0.78", "size": "0", "side": "BUY", "hash": "21ca2b05051f7cb8aef969357a7cc12c684bd620", "best_bid": "0.8", "best_ask": "0.83"}, {"asset_id": "36135303630970774358991758965953725374791089628290212294816140371870983436829", "price": "0.22", "size": "0", "side": "SELL", "hash": "7aef6673c8bafa5ad5454c3ea5263f11872949d6", "best_bid": "0.17", "best_ask": "0.2"}], "timestamp": "1769384205604", "event_type": "price_change"}}
{"_local_timestamp": "2026-01-25T23:36:45.763004+00:00", "data": {"market": "0x6e6851f2698629795fa06869d961c986221a80cedcba10fbaf0ed220607cdada", "price_changes": [{"asset_id": "100818499003359884559774352671825765184103958625070066814408985574716007147193", "price": "0.72", "size": "316.53", "side": "BUY", "hash": "21ca2b05051f7cb8aef969357a7cc12c684bd620", "best_bid": "0.8", "best_ask": "0.83"}, {"asset_id": "36135303630970774358991758965953725374791089628290212294816140371870983436829", "price": "0.28", "size": "316.53", "side": "SELL", "hash": "7aef6673c8bafa5ad5454c3ea5263f11872949d6", "best_bid": "0.17", "best_ask": "0.2"}], "timestamp": "1769384205604", "event_type": "price_change"}}
{"_local_timestamp": "2026-01-25T23:36:45.763241+00:00", "data": {"market": "0x6e6851f2698629795fa06869d961c986221a80cedcba10fbaf0ed220607cdada", "price_changes": [{"asset_id": "36135303630970774358991758965953725374791089628290212294816140371870983436829", "price": "0.16", "size": "0", "side": "BUY", "hash": "1327beba275c98df4414963305e483a64f9ac740", "best_bid": "0.17", "best_ask": "0.2"}, {"asset_id": "100818499003359884559774352671825765184103958625070066814408985574716007147193", "price": "0.84", "size": "0", "side": "SELL", "hash": "419fcaad44bf0fe62dde00ed73b2492c863084f2", "best_bid": "0.8", "best_ask": "0.83"}], "timestamp": "1769384205605", "event_type": "price_change"}}
{"_local_timestamp": "2026-01-25T23:36:45.763477+00:00", "data": {"market": "0x6e6851f2698629795fa06869d961c986221a80cedcba10fbaf0ed220607cdada", "price_changes": [{"asset_id": "36135303630970774358991758965953725374791089628290212294816140371870983436829", "price": "0.13", "size": "0", "side": "BUY", "hash": "1327beba275c98df4414963305e483a64f9ac740", "best_bid": "0.17", "best_ask": "0.2"}, {"asset_id": "100818499003359884559774352671825765184103958625070066814408985574716007147193", "price": "0.87", "size": "0", "side": "SELL", "hash": "419fcaad44bf0fe62dde00ed73b2492c863084f2", "best_bid": "0.8", "best_ask": "0.83"}], "timestamp": "1769384205605", "event_type": "price_change"}}
{"_local_timestamp": "2026-01-25T23:36:45.997454+00:00", "data": {"market": "0x6e6851f2698629795fa06869d961c986221a80cedcba10fbaf0ed220607cdada", "price_changes": [{"asset_id": "100818499003359884559774352671825765184103958625070066814408985574716007147193", "price": "0.83", "size": "130", "side": "SELL", "hash": "a334422d93af7e0a29d24051886979a71af9a577", "best_bid": "0.8", "best_ask": "0.83"}, {"asset_id": "36135303630970774358991758965953725374791089628290212294816140371870983436829", "price": "0.17", "size": "130", "side": "BUY", "hash": "e4775db0987fcc2a4c3910397c72cd96a1ce91f5", "best_bid": "0.17", "best_ask": "0.2"}], "timestamp": "1769384205843", "event_type": "price_change"}}
{"_local_timestamp": "2026-01-25T23:36:46.450824+00:00", "data": {"market": "0x6e6851f2698629795fa06869d961c986221a80cedcba10fbaf0ed220607cdada", "price_changes": [{"asset_id": "100818499003359884559774352671825765184103958625070066814408985574716007147193", "price": "0.79", "size": "30", "side": "BUY", "hash": "0e3717e39193af15925221bc60e0a6815c05c240", "best_bid": "0.8", "best_ask": "0.83"}, {"asset_id": "36135303630970774358991758965953725374791089628290212294816140371870983436829", "price": "0.21", "size": "30", "side": "SELL", "hash": "87b22b726f9b7a9f6ca24a38cbcab5ef9f118bcd", "best_bid": "0.17", "best_ask": "0.2"}], "timestamp": "1769384206220", "event_type": "price_change"}}
{"_local_timestamp": "2026-01-25T23:36:46.451258+00:00", "data": {"market": "0x6e6851f2698629795fa06869d961c986221a80cedcba10fbaf0ed220607cdada", "price_changes": [{"asset_id": "36135303630970774358991758965953725374791089628290212294816140371870983436829", "price": "0.17", "size": "30", "side": "BUY", "hash": "15f68215bcb47251a50aa5f28d59cc50c636e56a", "best_bid": "0.17", "best_ask": "0.2"}, {"asset_id": "100818499003359884559774352671825765184103958625070066814408985574716007147193", "price": "0.83", "size": "30", "side": "SELL", "hash": "e7ffe3a7bac779cb207d2ceeb26b5e258b4c2960", "best_bid": "0.8", "best_ask": "0.83"}], "timestamp": "1769384206221", "event_type": "price_change"}}
{"_local_timestamp": "2026-01-25T23:36:46.490704+00:00", "data": {"market": "0x6e6851f2698629795fa06869d961c986221a80cedcba10fbaf0ed220607cdada", "price_changes": [{"asset_id": "100818499003359884559774352671825765184103958625070066814408985574716007147193", "price": "0.84", "size": "9.96", "side": "SELL", "hash": "25549177c727b2acff8bb3fc457adb609d2e84d6", "best_bid": "0.8", "best_ask": "0.83"}, {"asset_id": "36135303630970774358991758965953725374791089628290212294816140371870983436829", "price": "0.16", "size": "9.96", "side": "BUY", "hash": "7a5dae94f45a61e51e47d7870e7c073b64560029", "best_bid": "0.17", "best_ask": "0.2"}], "timestamp": "1769384206267", "event_type": "price_change"}}
{"_local_timestamp": "2026-01-25T23:36:46.664808+00:00", "data": {"market": "0x6e6851f2698629795fa06869d961c986221a80cedcba10fbaf0ed220607cdada", "price_changes": [{"asset_id": "100818499003359884559774352671825765184103958625070066814408985574716007147193", "price": "0.77", "size": "103.45", "side": "BUY", "hash": "4f3f927eab3e9ecc734c2af18ff0c596829ea9f5", "best_bid": "0.8", "best_ask": "0.83"}, {"asset_id": "36135303630970774358991758965953725374791089628290212294816140371870983436829", "price": "0.23", "size": "103.45", "side": "SELL", "hash": "06e096fc86298e800ac3e250290d173a5a3225a5", "best_bid": "0.17", "best_ask": "0.2"}], "timestamp": "1769384206495", "event_type": "price_change"}}
{"_local_timestamp": "2026-01-25T23:36:46.679444+00:00", "data": {"market": "0x6e6851f2698629795fa06869d961c986221a80cedcba10fbaf0ed220607cdada", "price_changes": [{"asset_id": "36135303630970774358991758965953725374791089628290212294816140371870983436829", "price": "0.18", "size": "66.66", "side": "BUY", "hash": "a1d7261e2cc93be1908203ce44a20290b253938b", "best_bid": "0.18", "best_ask": "0.2"}, {"asset_id": "100818499003359884559774352671825765184103958625070066814408985574716007147193", "price": "0.82", "size": "66.66", "side": "SELL", "hash": "07112568b46902f7aed316cc07d8611e34932267", "best_bid": "0.8", "best_ask": "0.82"}], "timestamp": "1769384206506", "event_type": "price_change"}}
{"_local_timestamp": "2026-01-25T23:36:46.690818+00:00", "data": {"market": "0x6e6851f2698629795fa06869d961c986221a80cedcba10fbaf0ed220607cdada", "price_changes": [{"asset_id": "36135303630970774358991758965953725374791089628290212294816140371870983436829", "price": "0.15", "size": "260.12", "side": "BUY", "hash": "a46a17e7093b179128bdb83651950f1c2b654813", "best_bid": "0.18", "best_ask": "0.2"}, {"asset_id": "100818499003359884559774352671825765184103958625070066814408985574716007147193", "price": "0.85", "size": "260.12", "side": "SELL", "hash": "6d2bb573c4e4c518d83c9d14468616f15849f37a", "best_bid": "0.8", "best_ask": "0.82"}], "timestamp": "1769384206526", "event_type": "price_change"}}
{"_local_timestamp": "2026-01-25T23:36:46.752893+00:00", "data": {"market": "0x6e6851f2698629795fa06869d961c986221a80cedcba10fbaf0ed220607cdada", "price_changes": [{"asset_id": "100818499003359884559774352671825765184103958625070066814408985574716007147193", "price": "0.73", "size": "80.55", "side": "BUY", "hash": "989b29dee59115b52026ea9bd9b047413969d74c", "best_bid": "0.8", "best_ask": "0.82"}, {"asset_id": "36135303630970774358991758965953725374791089628290212294816140371870983436829", "price": "0.27", "size": "80.55", "side": "SELL", "hash": "4847daab4040f70ffbe3987923fdb85c1911d6ae", "best_bid": "0.18", "best_ask": "0.2"}], "timestamp": "1769384206590", "event_type": "price_change"}}
{"_local_timestamp": "2026-01-25T23:36:46.764806+00:00", "data": {"market": "0x6e6851f2698629795fa06869d961c986221a80cedcba10fbaf0ed220607cdada", "price_changes": [{"asset_id": "36135303630970774358991758965953725374791089628290212294816140371870983436829", "price": "0.13", "size": "66.66", "side": "BUY", "hash": "7c1322ebd4821364eb8e83da0e2eb727dded6840", "best_bid": "0.18", "best_ask": "0.2"}, {"asset_id": "100818499003359884559774352671825765184103958625070066814408985574716007147193", "price": "0.87", "size": "66.66", "side": "SELL", "hash": "8871b5871bbdeee43bb391bd6373b8545d759f03", "best_bid": "0.8", "best_ask": "0.82"}], "timestamp": "1769384206599", "event_type": "price_change"}}
{"_local_timestamp": "2026-01-25T23:36:46.963432+00:00", "data": {"market": "0x6e6851f2698629795fa06869d961c986221a80cedcba10fbaf0ed220607cdada", "price_changes": [{"asset_id": "36135303630970774358991758965953725374791089628290212294816140371870983436829", "price": "0.16", "size": "109.96", "side": "BUY", "hash": "bf507b5664d807249be289c221ade6a98bf64385", "best_bid": "0.18", "best_ask": "0.2"}, {"asset_id": "100818499003359884559774352671825765184103958625070066814408985574716007147193", "price": "0.84", "size": "109.96", "side": "SELL", "hash": "ae49878ac431ce161f6a631aacec62f445900a55", "best_bid": "0.8", "best_ask": "0.82"}], "timestamp": "1769384206798", "event_type": "price_change"}}
{"_local_timestamp": "2026-01-25T23:36:46.963835+00:00", "data": {"market": "0x6e6851f2698629795fa06869d961c986221a80cedcba10fbaf0ed220607cdada", "price_changes": [{"asset_id": "100818499003359884559774352671825765184103958625070066814408985574716007147193", "price": "0.73", "size": "180.55", "side": "BUY", "hash": "c4a05edb1cb351c7240441a242cd08ce2f7eeb73", "best_bid": "0.8", "best_ask": "0.82"}, {"asset_id": "36135303630970774358991758965953725374791089628290212294816140371870983436829", "price": "0.27", "size": "180.55", "side": "SELL", "hash": "c188d211942e1ee70c313f3e0affed62e35c110a", "best_bid": "0.18", "best_ask": "0.2"}], "timestamp": "1769384206799", "event_type": "price_change"}}
{"_local_timestamp": "2026-01-25T23:36:46.997212+00:00", "data": {"market": "0x6e6851f2698629795fa06869d961c986221a80cedcba10fbaf0ed220607cdada", "price_changes": [{"asset_id": "36135303630970774358991758965953725374791089628290212294816140371870983436829", "price": "0.17", "size": "0", "side": "BUY", "hash": "b156b76e86c3df624f702652c2c788e796c40421", "best_bid": "0.18", "best_ask": "0.2"}, {"asset_id": "100818499003359884559774352671825765184103958625070066814408985574716007147193", "price": "0.83", "size": "0", "side": "SELL", "hash": "b755bbb0bbd3abf5153b8306fe87dc798df6de51", "best_bid": "0.8", "best_ask": "0.82"}], "timestamp": "1769384206829", "event_type": "price_change"}}
{"_local_timestamp": "2026-01-25T23:36:47.560752+00:00", "data": {"market": "0x6e6851f2698629795fa06869d961c986221a80cedcba10fbaf0ed220607cdada", "price_changes": [{"asset_id": "100818499003359884559774352671825765184103958625070066814408985574716007147193", "price": "0.79", "size": "0", "side": "BUY", "hash": "6fba815bac719da77a75eeb317202e8a988ea9b6", "best_bid": "0.8", "best_ask": "0.82"}, {"asset_id": "36135303630970774358991758965953725374791089628290212294816140371870983436829", "price": "0.21", "size": "0", "side": "SELL", "hash": "ad78148321404eb8a51811a606b0bdf707fa5696", "best_bid": "0.18", "best_ask": "0.2"}], "timestamp": "1769384207405", "event_type": "price_change"}}
{"_local_timestamp": "2026-01-25T23:36:50.545321+00:00", "data": {"market": "0x6e6851f2698629795fa06869d961c986221a80cedcba10fbaf0ed220607cdada", "price_changes": [{"asset_id": "100818499003359884559774352671825765184103958625070066814408985574716007147193", "price": "0.84", "size": "100", "side": "SELL", "hash": "1a1c3f8b2dc50589d3a1902e9064ac775dcf686e", "best_bid": "0.8", "best_ask": "0.82"}, {"asset_id": "36135303630970774358991758965953725374791089628290212294816140371870983436829", "price": "0.16", "size": "100", "side": "BUY", "hash": "6df5f7d29a0b7fb452fffc97305d418c2f7f0175", "best_bid": "0.18", "best_ask": "0.2"}], "timestamp": "1769384210388", "event_type": "price_change"}}
{"_local_timestamp": "2026-01-25T23:36:51.018083+00:00", "data": {"market": "0x6e6851f2698629795fa06869d961c986221a80cedcba10fbaf0ed220607cdada", "price_changes": [{"asset_id": "36135303630970774358991758965953725374791089628290212294816140371870983436829", "price": "0.16", "size": "0", "side": "BUY", "hash": "72829b85cb4ca1be551abf95ea86b863861c3a6c", "best_bid": "0.18", "best_ask": "0.2"}, {"asset_id": "100818499003359884559774352671825765184103958625070066814408985574716007147193", "price": "0.84", "size": "0", "side": "SELL", "hash": "14b649787cd108d3c3c6bd82fc4167f95442a210", "best_bid": "0.8", "best_ask": "0.82"}], "timestamp": "1769384210870", "event_type": "price_change"}}
{"_local_timestamp": "2026-01-25T23:36:51.032254+00:00", "data": {"market": "0x6e6851f2698629795fa06869d961c986221a80cedcba10fbaf0ed220607cdada", "price_changes": [{"asset_id": "100818499003359884559774352671825765184103958625070066814408985574716007147193", "price": "0.81", "size": "9.96", "side": "SELL", "hash": "ee773ff82fe887c4b784c47295194f449b8aee14", "best_bid": "0.8", "best_ask": "0.81"}, {"asset_id": "36135303630970774358991758965953725374791089628290212294816140371870983436829", "price": "0.19", "size": "9.96", "side": "BUY", "hash": "81f81f2efca20379acd7403d048010ee83df069b", "best_bid": "0.19", "best_ask": "0.2"}], "timestamp": "1769384210878", "event_type": "price_change"}}
{"_local_timestamp": "2026-01-25T23:36:51.032747+00:00", "data": {"market": "0x6e6851f2698629795fa06869d961c986221a80cedcba10fbaf0ed220607cdada", "price_changes": [{"asset_id": "100818499003359884559774352671825765184103958625070066814408985574716007147193", "price": "0.73", "size": "80.55", "side": "BUY", "hash": "f1f74476ae0ced52c8a74b3b5a41aacaaef30b3d", "best_bid": "0.8", "best_ask": "0.81"}, {"asset_id": "36135303630970774358991758965953725374791089628290212294816140371870983436829", "price": "0.27", "size": "80.55", "side": "SELL", "hash": "d005fa905e920ebd6b98ab524bbbc55d8a80bc33", "best_bid": "0.19", "best_ask": "0.2"}], "timestamp": "1769384210882", "event_type": "price_change"}}
{"_local_timestamp": "2026-01-25T23:36:51.750356+00:00", "data": {"market": "0x6e6851f2698629795fa06869d961c986221a80cedcba10fbaf0ed220607cdada", "price_changes": [{"asset_id": "100818499003359884559774352671825765184103958625070066814408985574716007147193", "price": "0.74", "size": "100", "side": "BUY", "hash": "738fcfe77b8fcec58e9c861fa9490bf0d60cb2b8", "best_bid": "0.8", "best_ask": "0.81"}, {"asset_id": "36135303630970774358991758965953725374791089628290212294816140371870983436829", "price": "0.26", "size": "100", "side": "SELL", "hash": "94d7dfe3d8dafd27e3e973026f687a348225c21c", "best_bid": "0.19", "best_ask": "0.2"}], "timestamp": "1769384211569", "event_type": "price_change"}}
{"_local_timestamp": "2026-01-25T23:36:52.196843+00:00", "data": {"market": "0x6e6851f2698629795fa06869d961c986221a80cedcba10fbaf0ed220607cdada", "price_changes": [{"asset_id": "100818499003359884559774352671825765184103958625070066814408985574716007147193", "price": "0.78", "size": "30", "side": "BUY", "hash": "1ebfb26bde309146a3be2fb54b7624d61a44c97d", "best_bid": "0.8", "best_ask": "0.81"}, {"asset_id": "36135303630970774358991758965953725374791089628290212294816140371870983436829", "price": "0.22", "size": "30", "side": "SELL", "hash": "b8740b2aeed6eb9a940d1fe99adfd4ab2c52aef4", "best_bid": "0.19", "best_ask": "0.2"}], "timestamp": "1769384211997", "event_type": "price_change"}}
{"_local_timestamp": "2026-01-25T23:36:52.482738+00:00", "data": {"market": "0x6e6851f2698629795fa06869d961c986221a80cedcba10fbaf0ed220607cdada", "price_changes": [{"asset_id": "100818499003359884559774352671825765184103958625070066814408985574716007147193", "price": "0.8", "size": "0", "side": "BUY", "hash": "11ff1d0b5b75f2f5669eb539d05ca9dbe410e7a1", "best_bid": "0.78", "best_ask": "0.81"}, {"asset_id": "36135303630970774358991758965953725374791089628290212294816140371870983436829", "price": "0.2", "size": "0", "side": "SELL", "hash": "be523f20e1fe623f9f8d2b6540a9605377937c0c", "best_bid": "0.19", "best_ask": "0.22"}], "timestamp": "1769384212291", "event_type": "price_change"}}
{"_local_timestamp": "2026-01-25T23:36:56.456567+00:00", "data": {"market": "0x6e6851f2698629795fa06869d961c986221a80cedcba10fbaf0ed220607cdada", "price_changes": [{"asset_id": "36135303630970774358991758965953725374791089628290212294816140371870983436829", "price": "0.19", "size": "109.96", "side": "BUY", "hash": "9fd42d7154cef3c9f8c78015e2204a6e7c6168da", "best_bid": "0.19", "best_ask": "0.22"}, {"asset_id": "100818499003359884559774352671825765184103958625070066814408985574716007147193", "price": "0.81", "size": "109.96", "side": "SELL", "hash": "d4e7f008413e0df05a56c4399e2a7215c3a41641", "best_bid": "0.78", "best_ask": "0.81"}], "timestamp": "1769384215892", "event_type": "price_change"}}
