{"_local_timestamp": "2026-01-25T23:33:24.918712+00:00", "data": [{"market": "0x7e045734da5d2a0743da450cc5cff8e2c1e1298a9731f7fbadd7c13823c5c79c", "asset_id": "44447031562738174918016769793991804433486269578769473189935766976836636647978", "timestamp": "1769384004264", "hash": "ae228c7104d9d78836363c89874babbb412e959e", "bids": [{"price": "0.01", "size": "516017.68"}, {"price": "0.02", "size": "27350"}, {"price": "0.03", "size": "30.77"}, {"price": "0.07", "size": "5"}, {"price": "0.09", "size": "101"}, {"price": "0.12", "size": "100"}, {"price": "0.14", "size": "504"}, {"price": "0.15", "size": "1774"}, {"price": "0.16", "size": "81.25"}, {"price": "0.17", "size": "492.72"}, {"price": "0.18", "size": "846.78"}, {"price": "0.19", "size": "7.79"}, {"price": "0.21", "size": "25320"}, {"price": "0.22", "size": "25755"}, {"price": "0.23", "size": "25495.92"}, {"price": "0.24", "size": "10118.13"}], "asks": [{"price": "0.99", "size": "7509.77"}, {"price": "0.98", "size": "6300"}, {"price": "0.97", "size": "8.03"}, {"price": "0.96", "size": "1250"}, {"price": "0.92", "size": "1400"}, {"price": "0.91", "size": "7.34"}, {"price": "0.89", "size": "309.09"}, {"price": "0.86", "size": "550"}, {"price": "0.85", "size": "213.33"}, {"price": "0.84", "size": "1000"}, {"price": "0.81", "size": "147.36"}, {"price": "0.8", "size": "1000"}, {"price": "0.77", "size": "263.04"}, {"price": "0.75", "size": "600"}, {"price": "0.74", "size": "300"}, {"price": "0.73", "size": "138.88"}, {"price": "0.7", "size": "66.66"}, {"price": "0.66", "size": "20"}, {"price": "0.65", "size": "3373"}, {"price": "0.64", "size": "15"}, {"price": "0.34", "size": "19.69"}, {"price": "0.33", "size": "16.41"}, {"price": "0.31", "size": "220"}, {"price": "0.3", "size": "111.75"}, {"price": "0.28", "size": "1120"}, {"price": "0.26", "size": "100"}, {"price": "0.25", "size": "477.3"}], "event_type": "book", "last_trade_price": "0.240"}, {"market": "0x7e045734da5d2a0743da450cc5cff8e2c1e1298a9731f7fbadd7c13823c5c79c", "asset_id": "45858479053746616749156519360893482359161569156141079722407137651102212018480", "timestamp": "1769384004264", "hash": "1a1535089d2d00b20c8a2a54990b88c340b04822", "bids": [{"price": "0.01", "size": "7509.77"}, {"price": "0.02", "size": "6300"}, {"price": "0.03", "size": "8.03"}, {"price": "0.04", "size": "1250"}, {"price": "0.08", "size": "1400"}, {"price": "0.09", "size": "7.34"}, {"price": "0.11", "size": "309.09"}, {"price": "0.14", "size": "550"}, {"price": "0.15", "size": "213.33"}, {"price": "0.16", "size": "1000"}, {"price": "0.19", "size": "147.36"}, {"price": "0.2", "size": "1000"}, {"price": "0.23", "size": "263.04"}, {"price": "0.25", "size": "600"}, {"price": "0.26", "size": "300"}, {"price": "0.27", "size": "138.88"}, {"price": "0.3", "size": "66.66"}, {"price": "0.34", "size": "20"}, {"price": "0.35", "size": "3373"}, {"price": "0.36", "size": "15"}, {"price": "0.66", "size": "19.69"}, {"price": "0.67", "size": "16.41"}, {"price": "0.69", "size": "220"}, {"price": "0.7", "size": "111.75"}, {"price": "0.72", "size": "1120"}, {"price": "0.74", "size": "100"}, {"price": "0.75", "size": "477.3"}], "asks": [{"price": "0.99", "size": "516017.68"}, {"price": "0.98", "size": "27350"}, {"price": "0.97", "size": "30.77"}, {"price": "0.93", "size": "5"}, {"price": "0.91", "size": "101"}, {"price": "0.88", "size": "100"}, {"price": "0.86", "size": "504"}, {"price": "0.85", "size": "1774"}, {"price": "0.84", "size": "81.25"}, {"price": "0.83", "size": "492.72"}, {"price": "0.82", "size": "846.78"}, {"price": "0.81", "size": "7.79"}, {"price": "0.79", "size": "25320"}, {"price": "0.78", "size": "25755"}, {"price": "0.77", "size": "25495.92"}, {"price": "0.76", "size": "10118.13"}], "event_type": "book", "last_trade_price": "0.240"}]}
{"_local_timestamp": "2026-01-25T23:33:33.360544+00:00", "data": {"market": "0x7e045734da5d2a0743da450cc5cff8e2c1e1298a9731f7fbadd7c13823c5c79c", "price_changes": [{"asset_id": "45858479053746616749156519360893482359161569156141079722407137651102212018480", "price": "0.23", "size": "213.04", "side": "BUY", "hash": "1e0adb5365aa25d0c59e7ecb073cacbef3e8051e", "best_bid": "0.75", "best_ask": "0.76"}, {"asset_id": "44447031562738174918016769793991804433486269578769473189935766976836636647978", "price": "0.77", "size": "213.04", "side": "SELL", "hash": "745256d52c4fb95db91754092327289c2e911746", "best_bid": "0.24", "best_ask": "0.25"}], "timestamp": "1769384013154", "event_type": "price_change"}}
{"_local_timestamp": "2026-01-25T23:33:33.704686+00:00", "data": {"market": "0x7e045734da5d2a0743da450cc5cff8e2c1e1298a9731f7fbadd7c13823c5c79c", "price_changes": [{"asset_id": "45858479053746616749156519360893482359161569156141079722407137651102212018480", "price": "0.2", "size": "1050", "side": "BUY", "hash": "30efcf65ac77d0f44c0e3fc587b523a55fdc0ab5", "best_bid": "0.75", "best_ask": "0.76"}, {"asset_id": "44447031562738174918016769793991804433486269578769473189935766976836636647978", "price": "0.8", "size": "1050", "side": "SELL", "hash": "7b80c4b06ddf4902cee466ba89efb81222d5c7c8", "best_bid": "0.24", "best_ask": "0.25"}], "timestamp": "1769384013553", "event_type": "price_change"}}
{"_local_timestamp": "2026-01-25T23:33:36.511285+00:00", "data": {"market": "0x7e045734da5d2a0743da450cc5cff8e2c1e1298a9731f7fbadd7c13823c5c79c", "price_changes": [{"asset_id": "45858479053746616749156519360893482359161569156141079722407137651102212018480", "price": "0.24", "size": "1748", "side": "BUY", "hash": "eee26dc10d52a104c5a91bfb85f11078e029a6a2", "best_bid": "0.75", "best_ask": "0.76"}, {"asset_id": "44447031562738174918016769793991804433486269578769473189935766976836636647978", "price": "0.76", "size": "1748", "side": "SELL", "hash": "e40c626d9ad45a9ceb6e17f8266d80936a1b002f", "best_bid": "0.24", "best_ask": "0.25"}], "timestamp": "1769384016437", "event_type": "price_change"}}
{"_local_timestamp": "2026-01-25T23:34:27.854570+00:00", "data": {"market": "0x7e045734da5d2a0743da450cc5cff8e2c1e1298a9731f7fbadd7c13823c5c79c", "price_changes": [{"asset_id": "45858479053746616749156519360893482359161569156141079722407137651102212018480", "price": "0.23", "size": "113.04", "side": "BUY", "hash": "586baaa806f9979779cb6c1f52a58ef9c0037352", "best_bid": "0.75", "best_ask": "0.76"}, {"asset_id": "44447031562738174918016769793991804433486269578769473189935766976836636647978", "price": "0.77", "size": "113.04", "side": "SELL", "hash": "9c5deb11f0beeea67abd8b56ff785aebb5b26ea7", "best_bid": "0.24", "best_ask": "0.25"}], "timestamp": "1769384067610", "event_type": "price_change"}}
{"_local_timestamp": "2026-01-25T23:34:28.442828+00:00", "data": {"market": "0x7e045734da5d2a0743da450cc5cff8e2c1e1298a9731f7fbadd7c13823c5c79c", "price_changes": [{"asset_id": "45858479053746616749156519360893482359161569156141079722407137651102212018480", "price": "0.21", "size": "100", "side": "BUY", "hash": "3fbce5b95796e13a38114e9766b5ee2f0dbee7f1", "best_bid": "0.75", "best_ask": "0.76"}, {"asset_id": "44447031562738174918016769793991804433486269578769473189935766976836636647978", "price": "0.79", "size": "100", "side": "SELL", "hash": "8bc5515157ad561f59807c6ca4c48c245194f225", "best_bid": "0.24", "best_ask": "0.25"}], "timestamp": "1769384068123", "event_type": "price_change"}}
