{"_local_timestamp": "2026-01-25T23:40:36.436826+00:00", "data": [{"market": "0x7e045734da5d2a0743da450cc5cff8e2c1e1298a9731f7fbadd7c13823c5c79c", "asset_id": "45858479053746616749156519360893482359161569156141079722407137651102212018480", "timestamp": "1769384426836", "hash": "10f04dd45ad2c35c4fba69097cbf7c0efd68ba2a", "bids": [{"price": "0.01", "size": "7509.77"}, {"price": "0.02", "size": "6300"}, {"price": "0.03", "size": "8.03"}, {"price": "0.04", "size": "1250"}, {"price": "0.08", "size": "1400"}, {"price": "0.09", "size": "7.34"}, {"price": "0.11", "size": "309.09"}, {"price": "0.14", "size": "550"}, {"price": "0.15", "size": "213.33"}, {"price": "0.16", "size": "1000"}, {"price": "0.19", "size": "147.36"}, {"price": "0.2", "size": "1000"}, {"price": "0.21", "size": "100"}, {"price": "0.22", "size": "2058"}, {"price": "0.23", "size": "113.04"}, {"price": "0.25", "size": "500"}, {"price": "0.26", "size": "300"}, {"price": "0.27", "size": "138.88"}, {"price": "0.3", "size": "66.66"}, {"price": "0.34", "size": "20"}, {"price": "0.35", "size": "3373"}, {"price": "0.36", "size": "15"}, {"price": "0.66", "size": "19.69"}, {"price": "0.67", "size": "16.41"}, {"price": "0.69", "size": "220"}, {"price": "0.7", "size": "111.75"}, {"price": "0.72", "size": "1120"}, {"price": "0.74", "size": "100"}, {"price": "0.75", "size": "477.3"}], "asks": [{"price": "0.99", "size": "516017.68"}, {"price": "0.98", "size": "27350"}, {"price": "0.97", "size": "30.77"}, {"price": "0.93", "size": "5"}, {"price": "0.91", "size": "101"}, {"price": "0.88", "size": "100"}, {"price": "0.86", "size": "504"}, {"price": "0.85", "size": "1760"}, {"price": "0.84", "size": "81.25"}, {"price": "0.83", "size": "492.72"}, {"price": "0.82", "size": "841.78"}, {"price": "0.81", "size": "7.79"}, {"price": "0.79", "size": "25315"}, {"price": "0.78", "size": "25755"}, {"price": "0.77", "size": "25495.92"}, {"price": "0.76", "size": "10118.13"}], "event_type": "book", "last_trade_price": "0.240"}, {"market": "0x7e045734da5d2a0743da450cc5cff8e2c1e1298a9731f7fbadd7c13823c5c79c", "asset_id": "44447031562738174918016769793991804433486269578769473189935766976836636647978", "timestamp": "1769384426836", "hash": "d5fadb9cd4b47e68b0b819ea52c096491b76dce1", "bids": [{"price": "0.01", "size": "516017.68"}, {"price": "0.02", "size": "27350"}, {"price": "0.03", "size": "30.77"}, {"price": "0.07", "size": "5"}, {"price": "0.09", "size": "101"}, {"price": "0.12", "size": "100"}, {"price": "0.14", "size": "504"}, {"price": "0.15", "size": "1760"}, {"price": "0.16", "size": "81.25"}, {"price": "0.17", "size": "492.72"}, {"price": "0.18", "size": "841.78"}, {"price": "0.19", "size": "7.79"}, {"price": "0.21", "size": "25315"}, {"price": "0.22", "size": "25755"}, {"price": "0.23", "size": "25495.92"}, {"price": "0.24", "size": "10118.13"}], "asks": [{"price": "0.99", "size": "7509.77"}, {"price": "0.98", "size": "6300"}, {"price": "0.97", "size": "8.03"}, {"price": "0.96", "size": "1250"}, {"price": "0.92", "size": "1400"}, {"price": "0.91", "size": "7.34"}, {"price": "0.89", "size": "309.09"}, {"price": "0.86", "size": "550"}, {"price": "0.85", "size": "213.33"}, {"price": "0.84", "size": "1000"}, {"price": "0.81", "size": "147.36"}, {"price": "0.8", "size": "1000"}, {"price": "0.79", "size": "100"}, {"price": "0.78", "size": "2058"}, {"price": "0.77", "size": "113.04"}, {"price": "0.75", "size": "500"}, {"price": "0.74", "size": "300"}, {"price": "0.73", "size": "138.88"}, {"price": "0.7", "size": "66.66"}, {"price": "0.66", "size": "20"}, {"price": "0.65", "size": "3373"}, {"price": "0.64", "size": "15"}, {"price": "0.34", "size": "19.69"}, {"price": "0.33", "size": "16.41"}, {"price": "0.31", "size": "220"}, {"price": "0.3", "size": "111.75"}, {"price": "0.28", "size": "1120"}, {"price": "0.26", "size": "100"}, {"price": "0.25", "size": "477.3"}], "event_type": "book", "last_trade_price": "0.240"}]}
{"_local_timestamp": "2026-01-25T23:41:14.614055+00:00", "data": {"market": "0x7e045734da5d2a0743da450cc5cff8e2c1e1298a9731f7fbadd7c13823c5c79c", "price_changes": [{"asset_id": "45858479053746616749156519360893482359161569156141079722407137651102212018480", "price": "0.22", "size": "150", "side": "BUY", "hash": "d395c2626c62669f5217f3eb7a7c714b50d46394", "best_bid": "0.75", "best_ask": "0.76"}, {"asset_id": "44447031562738174918016769793991804433486269578769473189935766976836636647978", "price": "0.78", "size": "150", "side": "SELL", "hash": "3b6e31199d319b1c00acc878383a7d43fd3998b4", "best_bid": "0.24", "best_ask": "0.25"}], "timestamp": "1769384474530", "event_type": "price_change"}}
{"_local_timestamp": "2026-01-25T23:41:49.488136+00:00", "data": {"market": "0x7e045734da5d2a0743da450cc5cff8e2c1e1298a9731f7fbadd7c13823c5c79c", "price_changes": [{"asset_id": "45858479053746616749156519360893482359161569156141079722407137651102212018480", "price": "0.22", "size": "50", "side": "BUY", "hash": "244aa81f6651745f652b60a16c8e892ec33d785a", "best_bid": "0.75", "best_ask": "0.76"}, {"asset_id": "44447031562738174918016769793991804433486269578769473189935766976836636647978", "price": "0.78", "size": "50", "side": "SELL", "hash": "89395fcf3aa13cf604914160fa1d0af33a91f377", "best_bid": "0.24", "best_ask": "0.25"}], "timestamp": "1769384509403", "event_type": "price_change"}}
{"_local_timestamp": "2026-01-25T23:41:49.766802+00:00", "data": {"market": "0x7e045734da5d2a0743da450cc5cff8e2c1e1298a9731f7fbadd7c13823c5c79c", "price_changes": [{"asset_id": "45858479053746616749156519360893482359161569156141079722407137651102212018480", "price": "0.25", "size": "600", "side": "BUY", "hash": "43bf30bbd6cf153d9ee51d5f68115c0499606925", "best_bid": "0.75", "best_ask": "0.76"}, {"asset_id": "44447031562738174918016769793991804433486269578769473189935766976836636647978", "price": "0.75", "size": "600", "side": "SELL", "hash": "a1231fa11128eba9972028e3010c80088e595942", "best_bid": "0.24", "best_ask": "0.25"}], "timestamp": "1769384509664", "event_type": "price_change"}}
{"_local_timestamp": "2026-01-25T23:41:50.967504+00:00", "data": {"market": "0x7e045734da5d2a0743da450cc5cff8e2c1e1298a9731f7fbadd7c13823c5c79c", "price_changes": [{"asset_id": "45858479053746616749156519360893482359161569156141079722407137651102212018480", "price": "0.21", "size": "0", "side": "BUY", "hash": "c5681854760e5b153e38422713f83e34b8233cc4", "best_bid": "0.75", "best_ask": "0.76"}, {"asset_id": "44447031562738174918016769793991804433486269578769473189935766976836636647978", "price": "0.79", "size": "0", "side": "SELL", "hash": "c205385933fa21878c08261bc98c24ef77c480c6", "best_bid": "0.24", "best_ask": "0.25"}], "timestamp": "1769384510772", "event_type": "price_change"}}
{"_local_timestamp": "2026-01-25T23:41:52.934744+00:00", "data": {"market": "0x7e045734da5d2a0743da450cc5cff8e2c1e1298a9731f7fbadd7c13823c5c79c", "price_changes": [{"asset_id": "45858479053746616749156519360893482359161569156141079722407137651102212018480", "price": "0.22", "size": "150", "side": "BUY", "hash": "6304c7f90f13c9a9c8e395424ac0b7bc1c8d3804", "best_bid": "0.75", "best_ask": "0.76"}, {"asset_id": "44447031562738174918016769793991804433486269578769473189935766976836636647978", "price": "0.78", "size": "150", "side": "SELL", "hash": "8f71970538215bdab5554b3a49cd7ee5eade178a", "best_bid": "0.24", "best_ask": "0.25"}], "timestamp": "1769384511853", "event_type": "price_change"}}
{"_local_timestamp": "2026-01-25T23:41:58.404795+00:00", "data": {"market": "0x7e045734da5d2a0743da450cc5cff8e2c1e1298a9731f7fbadd7c13823c5c79c", "price_changes": [{"asset_id": "45858479053746616749156519360893482359161569156141079722407137651102212018480", "price": "0.21", "size": "1998", "side": "BUY", "hash": "e736ae6a3ec50dd5506043cec8bcbe944be9881d", "best_bid": "0.75", "best_ask": "0.76"}, {"asset_id": "44447031562738174918016769793991804433486269578769473189935766976836636647978", "price": "0.79", "size": "1998", "side": "SELL", "hash": "bc824a14e2813fd496a5ca7c25dd9d378ccb386d", "best_bid": "0.24", "best_ask": "0.25"}], "timestamp": "1769384518335", "event_type": "price_change"}}
{"_local_timestamp": "2026-01-25T23:42:03.130590+00:00", "data": {"market": "0x7e045734da5d2a0743da450cc5cff8e2c1e1298a9731f7fbadd7c13823c5c79c", "price_changes": [{"asset_id": "44447031562738174918016769793991804433486269578769473189935766976836636647978", "price": "0.15", "size": "1774", "side": "BUY", "hash": "6c0996e78c71e5a1b12f2f5e716251ffa5e7eb90", "best_bid": "0.24", "best_ask": "0.25"}, {"asset_id": "45858479053746616749156519360893482359161569156141079722407137651102212018480", "price": "0.85", "size": "1774", "side": "SELL", "hash": "5323e0a5c5f3706f84c8fc66d79f6fc8323e506c", "best_bid": "0.75", "best_ask": "0.76"}], "timestamp": "1769384523057", "event_type": "price_change"}}
{"_local_timestamp": "2026-01-25T23:42:03.131064+00:00", "data": {"market": "0x7e045734da5d2a0743da450cc5cff8e2c1e1298a9731f7fbadd7c13823c5c79c", "price_changes": [{"asset_id": "44447031562738174918016769793991804433486269578769473189935766976836636647978", "price": "0.21", "size": "25320", "side": "BUY", "hash": "f08a1b0a5bb264d4ec421efb1bda4fe2f333c008", "best_bid": "0.24", "best_ask": "0.25"}, {"asset_id": "45858479053746616749156519360893482359161569156141079722407137651102212018480", "price": "0.79", "size": "25320", "side": "SELL", "hash": "d7210b62981b7f7efeb0b8102617af494e1b0878", "best_bid": "0.75", "best_ask": "0.76"}], "timestamp": "1769384523058", "event_type": "price_change"}}
{"_local_timestamp": "2026-01-25T23:42:03.131486+00:00", "data": {"market": "0x7e045734da5d2a0743da450cc5cff8e2c1e1298a9731f7fbadd7c13823c5c79c", "price_changes": [{"asset_id": "44447031562738174918016769793991804433486269578769473189935766976836636647978", "price": "0.18", "size": "846.78", "side": "BUY", "hash": "50a84e60b7a6b0220348b737ac0ad744d0784db9", "best_bid": "0.24", "best_ask": "0.25"}, {"asset_id": "45858479053746616749156519360893482359161569156141079722407137651102212018480", "price": "0.82", "size": "846.78", "side": "SELL", "hash": "83ed0637a683fe1f051987aa73778340c009eb28", "best_bid": "0.75", "best_ask": "0.76"}], "timestamp": "1769384523058", "event_type": "price_change"}}
{"_local_timestamp": "2026-01-25T23:42:47.140524+00:00", "data": {"market": "0x7e045734da5d2a0743da450cc5cff8e2c1e1298a9731f7fbadd7c13823c5c79c", "price_changes": [{"asset_id": "45858479053746616749156519360893482359161569156141079722407137651102212018480", "price": "0.21", "size": "0", "side": "BUY", "hash": "eb59c64f21e9e086494ba4797ee16e4c888788d4", "best_bid": "0.75", "best_ask": "0.76"}, {"asset_id": "44447031562738174918016769793991804433486269578769473189935766976836636647978", "price": "0.79", "size": "0", "side": "SELL", "hash": "b9f6e5cee8dac454afdb93432752ab05fc444087", "best_bid": "0.24", "best_ask": "0.25"}], "timestamp": "1769384566992", "event_type": "price_change"}}
{"_local_timestamp": "2026-01-25T23:42:58.851053+00:00", "data": {"market": "0x7e045734da5d2a0743da450cc5cff8e2c1e1298a9731f7fbadd7c13823c5c79c", "price_changes": [{"asset_id": "45858479053746616749156519360893482359161569156141079722407137651102212018480", "price": "0.25", "size": "500", "side": "BUY", "hash": "14f61d660312c04cedfe658dbe580b79aaf20af1", "best_bid": "0.75", "best_ask": "0.76"}, {"asset_id": "44447031562738174918016769793991804433486269578769473189935766976836636647978", "price": "0.75", "size": "500", "side": "SELL", "hash": "deb3fb844bacbb3059ef5a687847d7ece5787761", "best_bid": "0.24", "best_ask": "0.25"}], "timestamp": "1769384578723", "event_type": "price_change"}}
{"_local_timestamp": "2026-01-25T23:42:59.111706+00:00", "data": {"market": "0x7e045734da5d2a0743da450cc5cff8e2c1e1298a9731f7fbadd7c13823c5c79c", "price_changes": [{"asset_id": "45858479053746616749156519360893482359161569156141079722407137651102212018480", "price": "0.21", "size": "100", "side": "BUY", "hash": "4d89b11d83ba309602c37a653d52066b764fd30f", "best_bid": "0.75", "best_ask": "0.76"}, {"asset_id": "44447031562738174918016769793991804433486269578769473189935766976836636647978", "price": "0.79", "size": "100", "side": "SELL", "hash": "0227ad6837737931f746d14567d33d6583fe70dc", "best_bid": "0.24", "best_ask": "0.25"}], "timestamp": "1769384578979", "event_type": "price_change"}}
{"_local_timestamp": "2026-01-25T23:43:28.911564+00:00", "data": {"market": "0x7e045734da5d2a0743da450cc5cff8e2c1e1298a9731f7fbadd7c13823c5c79c", "price_changes": [{"asset_id": "45858479053746616749156519360893482359161569156141079722407137651102212018480", "price": "0.23", "size": "1939.04", "side": "BUY", "hash": "247027093146ac2a8272f4b3abfe3dbe58e562c8", "best_bid": "0.75", "best_ask": "0.76"}, {"asset_id": "44447031562738174918016769793991804433486269578769473189935766976836636647978", "price": "0.77", "size": "1939.04", "side": "SELL", "hash": "d7090eb6087939914233759afc55d6b337243a7b", "best_bid": "0.24", "best_ask": "0.25"}], "timestamp": "1769384608746", "event_type": "price_change"}}
{"_local_timestamp": "2026-01-25T23:43:38.601529+00:00", "data": {"market": "0x7e045734da5d2a0743da450cc5cff8e2c1e1298a9731f7fbadd7c13823c5c79c", "price_changes": [{"asset_id": "45858479053746616749156519360893482359161569156141079722407137651102212018480", "price": "0.21", "size": "0", "side": "BUY", "hash": "2a2af62aa46517c42d4c9e315594d937c66b9faf", "best_bid": "0.75", "best_ask": "0.76"}, {"asset_id": "44447031562738174918016769793991804433486269578769473189935766976836636647978", "price": "0.79", "size": "0", "side": "SELL", "hash": "5df0e5e02f7bca7aa9ce5b737e2ee4a1356133e5", "best_bid": "0.24", "best_ask": "0.25"}], "timestamp": "1769384618465", "event_type": "price_change"}}
{"_local_timestamp": "2026-01-25T23:43:38.876918+00:00", "data": {"market": "0x7e045734da5d2a0743da450cc5cff8e2c1e1298a9731f7fbadd7c13823c5c79c", "price_changes": [{"asset_id": "45858479053746616749156519360893482359161569156141079722407137651102212018480", "price": "0.25", "size": "600", "side": "BUY", "hash": "91997bf07a3abef5f9bf3ff1567872ca795f0867", "best_bid": "0.75", "best_ask": "0.76"}, {"asset_id": "44447031562738174918016769793991804433486269578769473189935766976836636647978", "price": "0.75", "size": "600", "side": "SELL", "hash": "3275eb024803f834ae53c3dbd39f5aa427bca843", "best_bid": "0.24", "best_ask": "0.25"}], "timestamp": "1769384618719", "event_type": "price_change"}}
{"_local_timestamp": "2026-01-25T23:44:18.010290+00:00", "data": {"market": "0x7e045734da5d2a0743da450cc5cff8e2c1e1298a9731f7fbadd7c13823c5c79c", "price_changes": [{"asset_id": "45858479053746616749156519360893482359161569156141079722407137651102212018480", "price": "0.25", "size": "500", "side": "BUY", "hash": "169f82ce798afca1aa2d7d1ddfa58d499d5240ac", "best_bid": "0.75", "best_ask": "0.76"}, {"asset_id": "44447031562738174918016769793991804433486269578769473189935766976836636647978", "price": "0.75", "size": "500", "side": "SELL", "hash": "f4dd165a4904542ee04d13cfad9de901abe6eb5b", "best_bid": "0.24", "best_ask": "0.25"}], "timestamp": "1769384657925", "event_type": "price_change"}}
{"_local_timestamp": "2026-01-25T23:44:18.278341+00:00", "data": {"market": "0x7e045734da5d2a0743da450cc5cff8e2c1e1298a9731f7fbadd7c13823c5c79c", "price_changes": [{"asset_id": "45858479053746616749156519360893482359161569156141079722407137651102212018480", "price": "0.23", "size": "2039.04", "side": "BUY", "hash": "f01c8a763d3f7e7b265a3b8de99e544087efbd73", "best_bid": "0.75", "best_ask": "0.76"}, {"asset_id": "44447031562738174918016769793991804433486269578769473189935766976836636647978", "price": "0.77", "size": "2039.04", "side": "SELL", "hash": "5b89ef8acac92a2f673dd33983ac79246a6642a6", "best_bid": "0.24", "best_ask": "0.25"}], "timestamp": "1769384658186", "event_type": "price_change"}}
{"_local_timestamp": "2026-01-25T23:44:20.756123+00:00", "data": {"market": "0x7e045734da5d2a0743da450cc5cff8e2c1e1298a9731f7fbadd7c13823c5c79c", "price_changes": [{"asset_id": "45858479053746616749156519360893482359161569156141079722407137651102212018480", "price": "0.22", "size": "50", "side": "BUY", "hash": "ef4f0715712daae906f6ac70ec42a39a9ec94520", "best_bid": "0.75", "best_ask": "0.76"}, {"asset_id": "44447031562738174918016769793991804433486269578769473189935766976836636647978", "price": "0.78", "size": "50", "side": "SELL", "hash": "f8d43f14bd5ff67e05ed457e95f25c96849c3a3a", "best_bid": "0.24", "best_ask": "0.25"}], "timestamp": "1769384660492", "event_type": "price_change"}}
{"_local_timestamp": "2026-01-25T23:44:21.463735+00:00", "data": {"market": "0x7e045734da5d2a0743da450cc5cff8e2c1e1298a9731f7fbadd7c13823c5c79c", "price_changes": [{"asset_id": "45858479053746616749156519360893482359161569156141079722407137651102212018480", "price": "0.21", "size": "100", "side": "BUY", "hash": "b62c73c6e5c9f6bc73a05aeab0b3762ebab4f047", "best_bid": "0.75", "best_ask": "0.76"}, {"asset_id": "44447031562738174918016769793991804433486269578769473189935766976836636647978", "price": "0.79", "size": "100", "side": "SELL", "hash": "fc03e0118a6017b571f4b7f442886a98414ca5b4", "best_bid": "0.24", "best_ask": "0.25"}], "timestamp": "1769384660913", "event_type": "price_change"}}
{"_local_timestamp": "2026-01-25T23:44:57.830038+00:00", "data": {"market": "0x7e045734da5d2a0743da450cc5cff8e2c1e1298a9731f7fbadd7c13823c5c79c", "price_changes": [{"asset_id": "45858479053746616749156519360893482359161569156141079722407137651102212018480", "price": "0.22", "size": "0", "side": "BUY", "hash": "8a7231f9b8b20fc4da706969c66558eda20a41d5", "best_bid": "0.75", "best_ask": "0.76"}, {"asset_id": "44447031562738174918016769793991804433486269578769473189935766976836636647978", "price": "0.78", "size": "0", "side": "SELL", "hash": "0b484e00e8ea0ae89ef433f54decd05f6613a3cd", "best_bid": "0.24", "best_ask": "0.25"}], "timestamp": "1769384697734", "event_type": "price_change"}}
{"_local_timestamp": "2026-01-25T23:44:58.388108+00:00", "data": {"market": "0x7e045734da5d2a0743da450cc5cff8e2c1e1298a9731f7fbadd7c13823c5c79c", "price_changes": [{"asset_id": "45858479053746616749156519360893482359161569156141079722407137651102212018480", "price": "0.2", "size": "1050", "side": "BUY", "hash": "98febc640303875115640b3d7768121b69f921bd", "best_bid": "0.75", "best_ask": "0.76"}, {"asset_id": "44447031562738174918016769793991804433486269578769473189935766976836636647978", "price": "0.8", "size": "1050", "side": "SELL", "hash": "dbe12d8cae94916ec8c57223b21a0c3d4066ce18", "best_bid": "0.24", "best_ask": "0.25"}], "timestamp": "1769384698225", "event_type": "price_change"}}
{"_local_timestamp": "2026-01-25T23:45:20.073372+00:00", "data": {"market": "0x7e045734da5d2a0743da450cc5cff8e2c1e1298a9731f7fbadd7c13823c5c79c", "price_changes": [{"asset_id": "44447031562738174918016769793991804433486269578769473189935766976836636647978", "price": "0.18", "size": "118.78", "side": "BUY", "hash": "6fc15ff8452629f046cb12ad3292ad973f679593", "best_bid": "0.24", "best_ask": "0.25"}, {"asset_id": "45858479053746616749156519360893482359161569156141079722407137651102212018480", "price": "0.82", "size": "118.78", "side": "SELL", "hash": "913e76eb9a343389901fbf0fc5dbe448aa77db04", "best_bid": "0.75", "best_ask": "0.76"}], "timestamp": "1769384720000", "event_type": "price_change"}}
