{"_local_timestamp": "2026-01-25T23:33:24.918712+00:00", "data": [{"market": "0x7e045734da5d2a0743da450cc5cff8e2c1e1298a9731f7fbadd7c13823c5c79c", "asset_id": "44447031562738174918016769793991804433486269578769473189935766976836636647978", "timestamp": "1769384004264", "hash": "ae228c7104d9d78836363c89874babbb412e959e", "bids": [{"price": "0.01", "size": "516017.68"}, {"price": "0.02", "size": "27350"}, {"price": "0.03", "size": "30.77"}, {"price": "0.07", "size": "5"}, {"price": "0.09", "size": "101"}, {"price": "0.12", "size": "100"}, {"price": "0.14", "size": "504"}, {"price": "0.15", "size": "1774"}, {"price": "0.16", "size": "81.25"}, {"price": "0.17", "size": "492.72"}, {"price": "0.18", "size": "846.78"}, {"price": "0.19", "size": "7.79"}, {"price": "0.21", "size": "25320"}, {"price": "0.22", "size": "25755"}, {"price": "0.23", "size": "25495.92"}, {"price": "0.24", "size": "10118.13"}], "asks": [{"price": "0.99", "size": "7509.77"}, {"price": "0.98", "size": "6300"}, {"price": "0.97", "size": "8.03"}, {"price": "0.96", "size": "1250"}, {"price": "0.92", "size": "1400"}, {"price": "0.91", "size": "7.34"}, {"price": "0.89", "size": "309.09"}, {"price": "0.86", "size": "550"}, {"price": "0.85", "size": "213.33"}, {"price": "0.84", "size": "1000"}, {"price": "0.81", "size": "147.36"}, {"price": "0.8", "size": "1000"}, {"price": "0.77", "size": "263.04"}, {"price": "0.75", "size": "600"}, {"price": "0.74", "size": "300"}, {"price": "0.73", "size": "138.88"}, {"price": "0.7", "size": "66.66"}, {"price": "0.66", "size": "20"}, {"price": "0.65", "size": "3373"}, {"price": "0.64", "size": "15"}, {"price": "0.34", "size": "19.69"}, {"price": "0.33", "size": "16.41"}, {"price": "0.31", "size": "220"}, {"price": "0.3", "size": "111.75"}, {"price": "0.28", "size": "1120"}, {"price": "0.26", "size": "100"}, {"price": "0.25", "size": "477.3"}], "event_type": "book", "last_trade_price": "0.240"}, {"market": "0x7e045734da5d2a0743da450cc5cff8e2c1e1298a9731f7fbadd7c13823c5c79c", "asset_id": "45858479053746616749156519360893482359161569156141079722407137651102212018480", "timestamp": "1769384004264", "hash": "1a1535089d2d00b20c8a2a54990b88c340b04822", "bids": [{"price": "0.01", "size": "7509.77"}, {"price": "0.02", "size": "6300"}, {"price": "0.03", "size": "8.03"}, {"price": "0.04", "size": "1250"}, {"price": "0.08", "size": "1400"}, {"price": "0.09", "size": "7.34"}, {"price": "0.11", "size": "309.09"}, {"price": "0.14", "size": "550"}, {"price": "0.15", "size": "213.33"}, {"price": "0.16", "size": "1000"}, {"price": "0.19", "size": "147.36"}, {"price": "0.2", "size": "1000"}, {"price": "0.23", "size": "263.04"}, {"price": "0.25", "size": "600"}, {"price": "0.26", "size": "300"}, {"price": "0.27", "size": "138.88"}, {"price": "0.3", "size": "66.66"}, {"price": "0.34", "size": "20"}, {"price": "0.35", "size": "3373"}, {"price": "0.36", "size": "15"}, {"price": "0.66", "size": "19.69"}, {"price": "0.67", "size": "16.41"}, {"price": "0.69", "size": "220"}, {"price": "0.7", "size": "111.75"}, {"price": "0.72", "size": "1120"}, {"price": "0.74", "size": "100"}, {"price": "0.75", "size": "477.3"}], "asks": [{"price": "0.99", "size": "516017.68"}, {"price": "0.98", "size": "27350"}, {"price": "0.97", "size": "30.77"}, {"price": "0.93", "size": "5"}, {"price": "0.91", "size": "101"}, {"price": "0.88", "size": "100"}, {"price": "0.86", "size": "504"}, {"price": "0.85", "size": "1774"}, {"price": "0.84", "size": "81.25"}, {"price": "0.83", "size": "492.72"}, {"price": "0.82", "size": "846.78"}, {"price": "0.81", "size": "7.79"}, {"price": "0.79", "size": "25320"}, {"price": "0.78", "size": "25755"}, {"price": "0.77", "size": "25495.92"}, {"price": "0.76", "size": "10118.13"}], "event_type": "book", "last_trade_price": "0.240"}]}
{"_local_timestamp": "2026-01-25T23:33:33.360544+00:00", "data": {"market": "0x7e045734da5d2a0743da450cc5cff8e2c1e1298a9731f7fbadd7c13823c5c79c", "price_changes": [{"asset_id": "45858479053746616749156519360893482359161569156141079722407137651102212018480", "price": "0.23", "size": "213.04", "side": "BUY", "hash": "1e0adb5365aa25d0c59e7ecb073cacbef3e8051e", "best_bid": "0.75", "best_ask": "0.76"}, {"asset_id": "44447031562738174918016769793991804433486269578769473189935766976836636647978", "price": "0.77", "size": "213.04", "side": "SELL", "hash": "745256d52c4fb95db91754092327289c2e911746", "best_bid": "0.24", "best_ask": "0.25"}], "timestamp": "1769384013154", "event_type": "price_change"}}
{"_local_timestamp": "2026-01-25T23:33:33.704686+00:00", "data": {"market": "0x7e045734da5d2a0743da450cc5cff8e2c1e1298a9731f7fbadd7c13823c5c79c", "price_changes": [{"asset_id": "45858479053746616749156519360893482359161569156141079722407137651102212018480", "price": "0.2", "size": "1050", "side": "BUY", "hash": "30efcf65ac77d0f44c0e3fc587b523a55fdc0ab5", "best_bid": "0.75", "best_ask": "0.76"}, {"asset_id": "44447031562738174918016769793991804433486269578769473189935766976836636647978", "price": "0.8", "size": "1050", "side": "SELL", "hash": "7b80c4b06ddf4902cee466ba89efb81222d5c7c8", "best_bid": "0.24", "best_ask": "0.25"}], "timestamp": "1769384013553", "event_type": "price_change"}}
{"_local_timestamp": "2026-01-25T23:33:36.511285+00:00", "data": {"market": "0x7e045734da5d2a0743da450cc5cff8e2c1e1298a9731f7fbadd7c13823c5c79c", "price_changes": [{"asset_id": "45858479053746616749156519360893482359161569156141079722407137651102212018480", "price": "0.24", "size": "1748", "side": "BUY", "hash": "eee26dc10d52a104c5a91bfb85f11078e029a6a2", "best_bid": "0.75", "best_ask": "0.76"}, {"asset_id": "44447031562738174918016769793991804433486269578769473189935766976836636647978", "price": "0.76", "size": "1748", "side": "SELL", "hash": "e40c626d9ad45a9ceb6e17f8266d80936a1b002f", "best_bid": "0.24", "best_ask": "0.25"}], "timestamp": "1769384016437", "event_type": "price_change"}}
{"_local_timestamp": "2026-01-25T23:34:27.854570+00:00", "data": {"market": "0x7e045734da5d2a0743da450cc5cff8e2c1e1298a9731f7fbadd7c13823c5c79c", "price_changes": [{"asset_id": "45858479053746616749156519360893482359161569156141079722407137651102212018480", "price": "0.23", "size": "113.04", "side": "BUY", "hash": "586baaa806f9979779cb6c1f52a58ef9c0037352", "best_bid": "0.75", "best_ask": "0.76"}, {"asset_id": "44447031562738174918016769793991804433486269578769473189935766976836636647978", "price": "0.77", "size": "113.04", "side": "SELL", "hash": "9c5deb11f0beeea67abd8b56ff785aebb5b26ea7", "best_bid": "0.24", "best_ask": "0.25"}], "timestamp": "1769384067610", "event_type": "price_change"}}
{"_local_timestamp": "2026-01-25T23:34:28.442828+00:00", "data": {"market": "0x7e045734da5d2a0743da450cc5cff8e2c1e1298a9731f7fbadd7c13823c5c79c", "price_changes": [{"asset_id": "45858479053746616749156519360893482359161569156141079722407137651102212018480", "price": "0.21", "size": "100", "side": "BUY", "hash": "3fbce5b95796e13a38114e9766b5ee2f0dbee7f1", "best_bid": "0.75", "best_ask": "0.76"}, {"asset_id": "44447031562738174918016769793991804433486269578769473189935766976836636647978", "price": "0.79", "size": "100", "side": "SELL", "hash": "8bc5515157ad561f59807c6ca4c48c245194f225", "best_bid": "0.24", "best_ask": "0.25"}], "timestamp": "1769384068123", "event_type": "price_change"}}
{"_local_timestamp": "2026-01-25T23:34:43.641148+00:00", "data": {"market": "0x7e045734da5d2a0743da450cc5cff8e2c1e1298a9731f7fbadd7c13823c5c79c", "price_changes": [{"asset_id": "45858479053746616749156519360893482359161569156141079722407137651102212018480", "price": "0.25", "size": "500", "side": "BUY", "hash": "97241faf512f035ea8f559952eae376973bc24d3", "best_bid": "0.75", "best_ask": "0.76"}, {"asset_id": "44447031562738174918016769793991804433486269578769473189935766976836636647978", "price": "0.75", "size": "500", "side": "SELL", "hash": "d15cbf1e0706479e72c1e7adf328a00917528db8", "best_bid": "0.24", "best_ask": "0.25"}], "timestamp": "1769384083548", "event_type": "price_change"}}
{"_local_timestamp": "2026-01-25T23:34:43.914585+00:00", "data": {"market": "0x7e045734da5d2a0743da450cc5cff8e2c1e1298a9731f7fbadd7c13823c5c79c", "price_changes": [{"asset_id": "45858479053746616749156519360893482359161569156141079722407137651102212018480", "price": "0.24", "size": "1848", "side": "BUY", "hash": "0934db47f4852766bec8e8e8b2d6e7acb47c1fa9", "best_bid": "0.75", "best_ask": "0.76"}, {"asset_id": "44447031562738174918016769793991804433486269578769473189935766976836636647978", "price": "0.76", "size": "1848", "side": "SELL", "hash": "de114f0fcd651e5a2b2a096599a311bf4a3183bb", "best_bid": "0.24", "best_ask": "0.25"}], "timestamp": "1769384083797", "event_type": "price_change"}}
{"_local_timestamp": "2026-01-25T23:35:56.455149+00:00", "data": {"market": "0x7e045734da5d2a0743da450cc5cff8e2c1e1298a9731f7fbadd7c13823c5c79c", "price_changes": [{"asset_id": "45858479053746616749156519360893482359161569156141079722407137651102212018480", "price": "0.2", "size": "1000", "side": "BUY", "hash": "b3a36fdb4f15d61f16e850dc637d0f20a9083de9", "best_bid": "0.75", "best_ask": "0.76"}, {"asset_id": "44447031562738174918016769793991804433486269578769473189935766976836636647978", "price": "0.8", "size": "1000", "side": "SELL", "hash": "cdc0a61473f17ab17793d07a4d9cec7c5c5893b7", "best_bid": "0.24", "best_ask": "0.25"}], "timestamp": "1769384156294", "event_type": "price_change"}}
{"_local_timestamp": "2026-01-25T23:35:56.894075+00:00", "data": {"market": "0x7e045734da5d2a0743da450cc5cff8e2c1e1298a9731f7fbadd7c13823c5c79c", "price_changes": [{"asset_id": "45858479053746616749156519360893482359161569156141079722407137651102212018480", "price": "0.24", "size": "1898", "side": "BUY", "hash": "1dd3e7e2531ad9162abb8c14d50c42b86d939fbd", "best_bid": "0.75", "best_ask": "0.76"}, {"asset_id": "44447031562738174918016769793991804433486269578769473189935766976836636647978", "price": "0.76", "size": "1898", "side": "SELL", "hash": "9c95d51043e19d892f5988bd4a8468c87057c701", "best_bid": "0.24", "best_ask": "0.25"}], "timestamp": "1769384156749", "event_type": "price_change"}}
{"_local_timestamp": "2026-01-25T23:35:58.204528+00:00", "data": {"market": "0x7e045734da5d2a0743da450cc5cff8e2c1e1298a9731f7fbadd7c13823c5c79c", "price_changes": [{"asset_id": "45858479053746616749156519360893482359161569156141079722407137651102212018480", "price": "0.24", "size": "150", "side": "BUY", "hash": "96f1b4a7868f3963443d770da25201b84558d768", "best_bid": "0.75", "best_ask": "0.76"}, {"asset_id": "44447031562738174918016769793991804433486269578769473189935766976836636647978", "price": "0.76", "size": "150", "side": "SELL", "hash": "9916f20b451e067af8b59a50fd2de53e7551bcd3", "best_bid": "0.24", "best_ask": "0.25"}], "timestamp": "1769384158068", "event_type": "price_change"}}
{"_local_timestamp": "2026-01-25T23:36:00.914524+00:00", "data": {"market": "0x7e045734da5d2a0743da450cc5cff8e2c1e1298a9731f7fbadd7c13823c5c79c", "price_changes": [{"asset_id": "45858479053746616749156519360893482359161569156141079722407137651102212018480", "price": "0.21", "size": "2098", "side": "BUY", "hash": "fa0295c332bdb7e9f3779fe6dd70e6a95aa004e7", "best_bid": "0.75", "best_ask": "0.76"}, {"asset_id": "44447031562738174918016769793991804433486269578769473189935766976836636647978", "price": "0.79", "size": "2098", "side": "SELL", "hash": "ebfdca2239473f143775d1488da0ec98a361407e", "best_bid": "0.24", "best_ask": "0.25"}], "timestamp": "1769384160846", "event_type": "price_change"}}
{"_local_timestamp": "2026-01-25T23:36:06.075755+00:00", "data": {"market": "0x7e045734da5d2a0743da450cc5cff8e2c1e1298a9731f7fbadd7c13823c5c79c", "price_changes": [{"asset_id": "44447031562738174918016769793991804433486269578769473189935766976836636647978", "price": "0.18", "size": "118.78", "side": "BUY", "hash": "6571abbdd03c31f9604c22848b3a3b27a0c3227d", "best_bid": "0.24", "best_ask": "0.25"}, {"asset_id": "45858479053746616749156519360893482359161569156141079722407137651102212018480", "price": "0.82", "size": "118.78", "side": "SELL", "hash": "494c9a55c6fcab139a98cd8a552451be4a4b31f1", "best_bid": "0.75", "best_ask": "0.76"}], "timestamp": "1769384166000", "event_type": "price_change"}}
{"_local_timestamp": "2026-01-25T23:36:19.654065+00:00", "data": {"market": "0x7e045734da5d2a0743da450cc5cff8e2c1e1298a9731f7fbadd7c13823c5c79c", "price_changes": [{"asset_id": "44447031562738174918016769793991804433486269578769473189935766976836636647978", "price": "0.18", "size": "846.78", "side": "BUY", "hash": "a809bf0ebbf90f9b28306f41017edf814ef4fb82", "best_bid": "0.24", "best_ask": "0.25"}, {"asset_id": "45858479053746616749156519360893482359161569156141079722407137651102212018480", "price": "0.82", "size": "846.78", "side": "SELL", "hash": "9bc976224f1d09fe2d1a611ede293b1d82e0214a", "best_bid": "0.75", "best_ask": "0.76"}], "timestamp": "1769384179588", "event_type": "price_change"}}
{"_local_timestamp": "2026-01-25T23:36:43.419508+00:00", "data": {"market": "0x7e045734da5d2a0743da450cc5cff8e2c1e1298a9731f7fbadd7c13823c5c79c", "price_changes": [{"asset_id": "45858479053746616749156519360893482359161569156141079722407137651102212018480", "price": "0.24", "size": "50", "side": "BUY", "hash": "4bb72d412778fb03a02b25b60761d821f27a8d59", "best_bid": "0.75", "best_ask": "0.76"}, {"asset_id": "44447031562738174918016769793991804433486269578769473189935766976836636647978", "price": "0.76", "size": "50", "side": "SELL", "hash": "2dbd4c103a30096182ad7fd5db28249eff219467", "best_bid": "0.24", "best_ask": "0.25"}], "timestamp": "1769384203219", "event_type": "price_change"}}
{"_local_timestamp": "2026-01-25T23:36:43.751453+00:00", "data": {"market": "0x7e045734da5d2a0743da450cc5cff8e2c1e1298a9731f7fbadd7c13823c5c79c", "price_changes": [{"asset_id": "45858479053746616749156519360893482359161569156141079722407137651102212018480", "price": "0.21", "size": "2198", "side": "BUY", "hash": "947815f1ce17cecfe498dedf713a407520436c41", "best_bid": "0.75", "best_ask": "0.76"}, {"asset_id": "44447031562738174918016769793991804433486269578769473189935766976836636647978", "price": "0.79", "size": "2198", "side": "SELL", "hash": "fd415726fbd5b928b715da0aec61081a4c53b3d9", "best_bid": "0.24", "best_ask": "0.25"}], "timestamp": "1769384203561", "event_type": "price_change"}}
{"_local_timestamp": "2026-01-25T23:36:55.319685+00:00", "data": {"market": "0x7e045734da5d2a0743da450cc5cff8e2c1e1298a9731f7fbadd7c13823c5c79c", "price_changes": [{"asset_id": "45858479053746616749156519360893482359161569156141079722407137651102212018480", "price": "0.21", "size": "2098", "side": "BUY", "hash": "8e34fb2a77b079daf1ea7f818d60ac7a33894647", "best_bid": "0.75", "best_ask": "0.76"}, {"asset_id": "44447031562738174918016769793991804433486269578769473189935766976836636647978", "price": "0.79", "size": "2098", "side": "SELL", "hash": "0a29990159296cf0b7664b2d3c512d02ca4ccbf0", "best_bid": "0.24", "best_ask": "0.25"}], "timestamp": "1769384215023", "event_type": "price_change"}}
{"_local_timestamp": "2026-01-25T23:36:56.669527+00:00", "data": {"market": "0x7e045734da5d2a0743da450cc5cff8e2c1e1298a9731f7fbadd7c13823c5c79c", "price_changes": [{"asset_id": "45858479053746616749156519360893482359161569156141079722407137651102212018480", "price": "0.24", "size": "150", "side": "BUY", "hash": "1c26d1c63a3d5dc6d89d700f313553bb51d771af", "best_bid": "0.75", "best_ask": "0.76"}, {"asset_id": "44447031562738174918016769793991804433486269578769473189935766976836636647978", "price": "0.76", "size": "150", "side": "SELL", "hash": "bd092fc5509ab4c7e51255fbef22ef82611f931b", "best_bid": "0.24", "best_ask": "0.25"}], "timestamp": "1769384215693", "event_type": "price_change"}}
{"_local_timestamp": "2026-01-25T23:37:35.204207+00:00", "data": {"market": "0x7e045734da5d2a0743da450cc5cff8e2c1e1298a9731f7fbadd7c13823c5c79c", "price_changes": [{"asset_id": "45858479053746616749156519360893482359161569156141079722407137651102212018480", "price": "0.21", "size": "100", "side": "BUY", "hash": "3b64c22c1077968b79d755772fcbf41307762afb", "best_bid": "0.75", "best_ask": "0.76"}, {"asset_id": "44447031562738174918016769793991804433486269578769473189935766976836636647978", "price": "0.79", "size": "100", "side": "SELL", "hash": "8deaa660976afc318901676bccd1bde2b34dc315", "best_bid": "0.24", "best_ask": "0.25"}], "timestamp": "1769384255115", "event_type": "price_change"}}
{"_local_timestamp": "2026-01-25T23:38:21.288055+00:00", "data": {"market": "0x7e045734da5d2a0743da450cc5cff8e2c1e1298a9731f7fbadd7c13823c5c79c", "price_changes": [{"asset_id": "45858479053746616749156519360893482359161569156141079722407137651102212018480", "price": "0.24", "size": "100", "side": "BUY", "hash": "a257d46567f7703ae24248ae0efef62d30f18ab5", "best_bid": "0.75", "best_ask": "0.76"}, {"asset_id": "44447031562738174918016769793991804433486269578769473189935766976836636647978", "price": "0.76", "size": "100", "side": "SELL", "hash": "fcaae17c4c03fdb8a647b38b34af6f9c570c05c5", "best_bid": "0.24", "best_ask": "0.25"}], "timestamp": "1769384301128", "event_type": "price_change"}}
{"_local_timestamp": "2026-01-25T23:38:21.679910+00:00", "data": {"market": "0x7e045734da5d2a0743da450cc5cff8e2c1e1298a9731f7fbadd7c13823c5c79c", "price_changes": [{"asset_id": "45858479053746616749156519360893482359161569156141079722407137651102212018480", "price": "0.21", "size": "150", "side": "BUY", "hash": "6930f2c365ce181a21d4b37728aa4dea2bd8e4e8", "best_bid": "0.75", "best_ask": "0.76"}, {"asset_id": "44447031562738174918016769793991804433486269578769473189935766976836636647978", "price": "0.79", "size": "150", "side": "SELL", "hash": "a098b99921658e72ed4b1f55e50cdbe644576bb9", "best_bid": "0.24", "best_ask": "0.25"}], "timestamp": "1769384301472", "event_type": "price_change"}}
{"_local_timestamp": "2026-01-25T23:38:38.952985+00:00", "data": {"market": "0x7e045734da5d2a0743da450cc5cff8e2c1e1298a9731f7fbadd7c13823c5c79c", "price_changes": [{"asset_id": "45858479053746616749156519360893482359161569156141079722407137651102212018480", "price": "0.22", "size": "1908", "side": "BUY", "hash": "d5e51b27157c68df202bdebf88b6821fa21e9b7d", "best_bid": "0.75", "best_ask": "0.76"}, {"asset_id": "44447031562738174918016769793991804433486269578769473189935766976836636647978", "price": "0.78", "size": "1908", "side": "SELL", "hash": "423526081d724e91b91ebfa896e9edb28837467d", "best_bid": "0.24", "best_ask": "0.25"}], "timestamp": "1769384318885", "event_type": "price_change"}}
{"_local_timestamp": "2026-01-25T23:38:41.480157+00:00", "data": {"market": "0x7e045734da5d2a0743da450cc5cff8e2c1e1298a9731f7fbadd7c13823c5c79c", "price_changes": [{"asset_id": "45858479053746616749156519360893482359161569156141079722407137651102212018480", "price": "0.21", "size": "50", "side": "BUY", "hash": "671a93c8fed0600f6dfb533813b40cd5fbf9d8ca", "best_bid": "0.75", "best_ask": "0.76"}, {"asset_id": "44447031562738174918016769793991804433486269578769473189935766976836636647978", "price": "0.79", "size": "50", "side": "SELL", "hash": "1e8c480cf1c3555ea7104a390252b25598573fcd", "best_bid": "0.24", "best_ask": "0.25"}], "timestamp": "1769384321392", "event_type": "price_change"}}
{"_local_timestamp": "2026-01-25T23:38:41.826292+00:00", "data": {"market": "0x7e045734da5d2a0743da450cc5cff8e2c1e1298a9731f7fbadd7c13823c5c79c", "price_changes": [{"asset_id": "45858479053746616749156519360893482359161569156141079722407137651102212018480", "price": "0.25", "size": "600", "side": "BUY", "hash": "91d13c060c7bdff88cd125437828b6ea231b008d", "best_bid": "0.75", "best_ask": "0.76"}, {"asset_id": "44447031562738174918016769793991804433486269578769473189935766976836636647978", "price": "0.75", "size": "600", "side": "SELL", "hash": "c317e4e0fb96a084c1b1ebdb6d6e28dc28c920d4", "best_bid": "0.24", "best_ask": "0.25"}], "timestamp": "1769384321672", "event_type": "price_change"}}
{"_local_timestamp": "2026-01-25T23:38:56.116717+00:00", "data": {"market": "0x7e045734da5d2a0743da450cc5cff8e2c1e1298a9731f7fbadd7c13823c5c79c", "price_changes": [{"asset_id": "44447031562738174918016769793991804433486269578769473189935766976836636647978", "price": "0.15", "size": "14", "side": "BUY", "hash": "93d99b57faf571c4cf86848dbb565f359af299fb", "best_bid": "0.24", "best_ask": "0.25"}, {"asset_id": "45858479053746616749156519360893482359161569156141079722407137651102212018480", "price": "0.85", "size": "14", "side": "SELL", "hash": "6f06063256eeace4e97264296adbb10819fef906", "best_bid": "0.75", "best_ask": "0.76"}], "timestamp": "1769384336000", "event_type": "price_change"}}
{"_local_timestamp": "2026-01-25T23:38:56.117191+00:00", "data": {"market": "0x7e045734da5d2a0743da450cc5cff8e2c1e1298a9731f7fbadd7c13823c5c79c", "price_changes": [{"asset_id": "44447031562738174918016769793991804433486269578769473189935766976836636647978", "price": "0.18", "size": "840.78", "side": "BUY", "hash": "c42948cb93631393f8861435a618d6b869a958cd", "best_bid": "0.24", "best_ask": "0.25"}, {"asset_id": "45858479053746616749156519360893482359161569156141079722407137651102212018480", "price": "0.82", "size": "840.78", "side": "SELL", "hash": "eee6064867041fcbed1b8d9e13a3d95b8d37854d", "best_bid": "0.75", "best_ask": "0.76"}], "timestamp": "1769384336005", "event_type": "price_change"}}
{"_local_timestamp": "2026-01-25T23:38:56.122854+00:00", "data": {"market": "0x7e045734da5d2a0743da450cc5cff8e2c1e1298a9731f7fbadd7c13823c5c79c", "price_changes": [{"asset_id": "44447031562738174918016769793991804433486269578769473189935766976836636647978", "price": "0.02", "size": "2350", "side": "BUY", "hash": "c63d907275bea49625a737b014d1ee4a2245ec4e", "best_bid": "0.24", "best_ask": "0.25"}, {"asset_id": "45858479053746616749156519360893482359161569156141079722407137651102212018480", "price": "0.98", "size": "2350", "side": "SELL", "hash": "cdeff2dd7649d5d6128a8e79646df9e699f695cc", "best_bid": "0.75", "best_ask": "0.76"}], "timestamp": "1769384336006", "event_type": "price_change"}}
{"_local_timestamp": "2026-01-25T23:38:56.123231+00:00", "data": {"market": "0x7e045734da5d2a0743da450cc5cff8e2c1e1298a9731f7fbadd7c13823c5c79c", "price_changes": [{"asset_id": "44447031562738174918016769793991804433486269578769473189935766976836636647978", "price": "0.21", "size": "25005", "side": "BUY", "hash": "c63d907275bea49625a737b014d1ee4a2245ec4e", "best_bid": "0.24", "best_ask": "0.25"}, {"asset_id": "45858479053746616749156519360893482359161569156141079722407137651102212018480", "price": "0.79", "size": "25005", "side": "SELL", "hash": "cdeff2dd7649d5d6128a8e79646df9e699f695cc", "best_bid": "0.75", "best_ask": "0.76"}], "timestamp": "1769384336006", "event_type": "price_change"}}
{"_local_timestamp": "2026-01-25T23:39:01.137439+00:00", "data": {"market": "0x7e045734da5d2a0743da450cc5cff8e2c1e1298a9731f7fbadd7c13823c5c79c", "price_changes": [{"asset_id": "44447031562738174918016769793991804433486269578769473189935766976836636647978", "price": "0.02", "size": "27350", "side": "BUY", "hash": "f98b6455fa810506673e6c8c306239969de704bc", "best_bid": "0.24", "best_ask": "0.25"}, {"asset_id": "45858479053746616749156519360893482359161569156141079722407137651102212018480", "price": "0.98", "size": "27350", "side": "SELL", "hash": "9fe9827f5a606c9d705f3098e8982bddea7201f2", "best_bid": "0.75", "best_ask": "0.76"}], "timestamp": "1769384341027", "event_type": "price_change"}}
{"_local_timestamp": "2026-01-25T23:39:01.137951+00:00", "data": {"market": "0x7e045734da5d2a0743da450cc5cff8e2c1e1298a9731f7fbadd7c13823c5c79c", "price_changes": [{"asset_id": "44447031562738174918016769793991804433486269578769473189935766976836636647978", "price": "0.21", "size": "25320", "side": "BUY", "hash": "9f23e55cdda2dacf11a3a1c5a0bc014f4b41c821", "best_bid": "0.24", "best_ask": "0.25"}, {"asset_id": "45858479053746616749156519360893482359161569156141079722407137651102212018480", "price": "0.79", "size": "25320", "side": "SELL", "hash": "8779c69909fc25d783b940604993b69341a84662", "best_bid": "0.75", "best_ask": "0.76"}], "timestamp": "1769384341028", "event_type": "price_change"}}
{"_local_timestamp": "2026-01-25T23:39:01.141746+00:00", "data": {"market": "0x7e045734da5d2a0743da450cc5cff8e2c1e1298a9731f7fbadd7c13823c5c79c", "price_changes": [{"asset_id": "44447031562738174918016769793991804433486269578769473189935766976836636647978", "price": "0.18", "size": "846.78", "side": "BUY", "hash": "a8bcd7b380690b8af54bf569a0d28d5d885e7289", "best_bid": "0.24", "best_ask": "0.25"}, {"asset_id": "45858479053746616749156519360893482359161569156141079722407137651102212018480", "price": "0.82", "size": "846.78", "side": "SELL", "hash": "3f9b8f38653aee6ba4f9f8409a768fcf72663533", "best_bid": "0.75", "best_ask": "0.76"}], "timestamp": "1769384341029", "event_type": "price_change"}}
{"_local_timestamp": "2026-01-25T23:39:01.142205+00:00", "data": {"market": "0x7e045734da5d2a0743da450cc5cff8e2c1e1298a9731f7fbadd7c13823c5c79c", "price_changes": [{"asset_id": "44447031562738174918016769793991804433486269578769473189935766976836636647978", "price": "0.15", "size": "1774", "side": "BUY", "hash": "a00f543615ad958d540b75641998c3e847a90d9e", "best_bid": "0.24", "best_ask": "0.25"}, {"asset_id": "45858479053746616749156519360893482359161569156141079722407137651102212018480", "price": "0.85", "size": "1774", "side": "SELL", "hash": "cbd0570890d2fda8a9312faa5e45dcd9aee94020", "best_bid": "0.75", "best_ask": "0.76"}], "timestamp": "1769384341030", "event_type": "price_change"}}
{"_local_timestamp": "2026-01-25T23:39:17.006528+00:00", "data": {"market": "0x7e045734da5d2a0743da450cc5cff8e2c1e1298a9731f7fbadd7c13823c5c79c", "price_changes": [{"asset_id": "45858479053746616749156519360893482359161569156141079722407137651102212018480", "price": "0.25", "size": "500", "side": "BUY", "hash": "57ea52bad0c661c3f796f100cc2ba901cb4a3e75", "best_bid": "0.75", "best_ask": "0.76"}, {"asset_id": "44447031562738174918016769793991804433486269578769473189935766976836636647978", "price": "0.75", "size": "500", "side": "SELL", "hash": "57a4d156b75ffbc221cfa108eabf21934d60a8ae", "best_bid": "0.24", "best_ask": "0.25"}], "timestamp": "1769384356918", "event_type": "price_change"}}
{"_local_timestamp": "2026-01-25T23:39:17.374102+00:00", "data": {"market": "0x7e045734da5d2a0743da450cc5cff8e2c1e1298a9731f7fbadd7c13823c5c79c", "price_changes": [{"asset_id": "45858479053746616749156519360893482359161569156141079722407137651102212018480", "price": "0.22", "size": "2008", "side": "BUY", "hash": "30538ff3defe2501345f70086d4c580ea965ee5c", "best_bid": "0.75", "best_ask": "0.76"}, {"asset_id": "44447031562738174918016769793991804433486269578769473189935766976836636647978", "price": "0.78", "size": "2008", "side": "SELL", "hash": "5f95dfc87b4e63a4f77a98f69bdd6d6d615a814b", "best_bid": "0.24", "best_ask": "0.25"}], "timestamp": "1769384357180", "event_type": "price_change"}}
{"_local_timestamp": "2026-01-25T23:39:22.537891+00:00", "data": {"market": "0x7e045734da5d2a0743da450cc5cff8e2c1e1298a9731f7fbadd7c13823c5c79c", "price_changes": [{"asset_id": "45858479053746616749156519360893482359161569156141079722407137651102212018480", "price": "0.24", "size": "0", "side": "BUY", "hash": "04d9aae3131bd8c1f441c44707d5850d379b4bf7", "best_bid": "0.75", "best_ask": "0.76"}, {"asset_id": "44447031562738174918016769793991804433486269578769473189935766976836636647978", "price": "0.76", "size": "0", "side": "SELL", "hash": "aeea97ddca45c4a0de73ee9ce2d3d9acc6cb96ba", "best_bid": "0.24", "best_ask": "0.25"}], "timestamp": "1769384362223", "event_type": "price_change"}}
{"_local_timestamp": "2026-01-25T23:39:22.898155+00:00", "data": {"market": "0x7e045734da5d2a0743da450cc5cff8e2c1e1298a9731f7fbadd7c13823c5c79c", "price_changes": [{"asset_id": "45858479053746616749156519360893482359161569156141079722407137651102212018480", "price": "0.21", "size": "150", "side": "BUY", "hash": "023aef3fff7591c40ab7e19fb6298db8ba5aab33", "best_bid": "0.75", "best_ask": "0.76"}, {"asset_id": "44447031562738174918016769793991804433486269578769473189935766976836636647978", "price": "0.79", "size": "150", "side": "SELL", "hash": "df530dafcf8b83e570f40145afc20c96755f4efc", "best_bid": "0.24", "best_ask": "0.25"}], "timestamp": "1769384362715", "event_type": "price_change"}}
{"_local_timestamp": "2026-01-25T23:40:05.078005+00:00", "data": {"market": "0x7e045734da5d2a0743da450cc5cff8e2c1e1298a9731f7fbadd7c13823c5c79c", "price_changes": [{"asset_id": "44447031562738174918016769793991804433486269578769473189935766976836636647978", "price": "0.15", "size": "1760", "side": "BUY", "hash": "abc2187a18809930547ed8af171e997aff1fdf99", "best_bid": "0.24", "best_ask": "0.25"}, {"asset_id": "45858479053746616749156519360893482359161569156141079722407137651102212018480", "price": "0.85", "size": "1760", "side": "SELL", "hash": "4a96fb4f72637cb93722ff21d505c643a3c19999", "best_bid": "0.75", "best_ask": "0.76"}], "timestamp": "1769384405000", "event_type": "price_change"}}
{"_local_timestamp": "2026-01-25T23:40:05.082984+00:00", "data": {"market": "0x7e045734da5d2a0743da450cc5cff8e2c1e1298a9731f7fbadd7c13823c5c79c", "price_changes": [{"asset_id": "44447031562738174918016769793991804433486269578769473189935766976836636647978", "price": "0.21", "size": "25315", "side": "BUY", "hash": "31398da49010acfc585b1731274c9c2c303522ec", "best_bid": "0.24", "best_ask": "0.25"}, {"asset_id": "45858479053746616749156519360893482359161569156141079722407137651102212018480", "price": "0.79", "size": "25315", "side": "SELL", "hash": "7883d678b6bf02d7aee11752a113eabc2448ded2", "best_bid": "0.75", "best_ask": "0.76"}], "timestamp": "1769384405002", "event_type": "price_change"}}
{"_local_timestamp": "2026-01-25T23:40:05.092595+00:00", "data": {"market": "0x7e045734da5d2a0743da450cc5cff8e2c1e1298a9731f7fbadd7c13823c5c79c", "price_changes": [{"asset_id": "44447031562738174918016769793991804433486269578769473189935766976836636647978", "price": "0.18", "size": "841.78", "side": "BUY", "hash": "3d0060096339ba6aa8a8dd3296c3ed781d030e41", "best_bid": "0.24", "best_ask": "0.25"}, {"asset_id": "45858479053746616749156519360893482359161569156141079722407137651102212018480", "price": "0.82", "size": "841.78", "side": "SELL", "hash": "73b6ae8c1d0d8a3b33550b7840cb0c6a67ec7030", "best_bid": "0.75", "best_ask": "0.76"}], "timestamp": "1769384405003", "event_type": "price_change"}}
