{"_local_timestamp": "2026-01-25T23:40:30.367521+00:00", "data": [{"market": "0x2821de9fbe90c422cb220dad69fe44dfdea8fdf8fb779e562b44be6db8c1daff", "asset_id": "39890597962674457250845749449459665270751867381015505470046259265145192761452", "timestamp": "1769384421658", "hash": "6312bbea1f94e7f6c00379c50b8ad06ff1d03ad9", "bids": [{"price": "0.01", "size": "9.77"}, {"price": "0.02", "size": "100"}, {"price": "0.03", "size": "2666"}, {"price": "0.04", "size": "7.67"}, {"price": "0.05", "size": "10"}, {"price": "0.07", "size": "36.17"}, {"price": "0.08", "size": "450"}, {"price": "0.1", "size": "7.5"}, {"price": "0.11", "size": "5.41"}, {"price": "0.12", "size": "283.33"}, {"price": "0.16", "size": "207.5"}, {"price": "0.17", "size": "2470"}, {"price": "0.2", "size": "140"}, {"price": "0.21", "size": "3584"}, {"price": "0.24", "size": "108.33"}, {"price": "0.25", "size": "155.11"}, {"price": "0.26", "size": "77.94"}, {"price": "0.28", "size": "85.71"}, {"price": "0.29", "size": "6"}, {"price": "0.32", "size": "62.5"}, {"price": "0.36", "size": "191.26"}, {"price": "0.4", "size": "12.5"}, {"price": "0.44", "size": "50"}, {"price": "0.47", "size": "20"}, {"price": "0.5", "size": "12.2"}, {"price": "0.55", "size": "324.44"}, {"price": "0.6", "size": "207.5"}, {"price": "0.61", "size": "160.04"}, {"price": "0.63", "size": "9.99"}, {"price": "0.66", "size": "19.82"}, {"price": "0.68", "size": "210"}, {"price": "0.69", "size": "26.67"}, {"price": "0.7", "size": "30"}, {"price": "0.72", "size": "19.82"}], "asks": [{"price": "0.99", "size": "200"}, {"price": "0.98", "size": "7.53"}, {"price": "0.97", "size": "112"}, {"price": "0.96", "size": "21.23"}, {"price": "0.9", "size": "150"}, {"price": "0.86", "size": "20"}, {"price": "0.82", "size": "58.77"}, {"price": "0.81", "size": "14.36"}], "event_type": "book", "last_trade_price": "0.810"}, {"market": "0x2821de9fbe90c422cb220dad69fe44dfdea8fdf8fb779e562b44be6db8c1daff", "asset_id": "63907313656443890447578607530571289622813903996374626191028175281541399992719", "timestamp": "1769384421658", "hash": "17bedbfee9f30a9c30d60f7c28d885047a1ceea2", "bids": [{"price": "0.01", "size": "200"}, {"price": "0.02", "size": "7.53"}, {"price": "0.03", "size": "112"}, {"price": "0.04", "size": "21.23"}, {"price": "0.1", "size": "150"}, {"price": "0.14", "size": "20"}, {"price": "0.18", "size": "58.77"}, {"price": "0.19", "size": "14.36"}], "asks": [{"price": "0.99", "size": "9.77"}, {"price": "0.98", "size": "100"}, {"price": "0.97", "size": "2666"}, {"price": "0.96", "size": "7.67"}, {"price": "0.95", "size": "10"}, {"price": "0.93", "size": "36.17"}, {"price": "0.92", "size": "450"}, {"price": "0.9", "size": "7.5"}, {"price": "0.89", "size": "5.41"}, {"price": "0.88", "size": "283.33"}, {"price": "0.84", "size": "207.5"}, {"price": "0.83", "size": "2470"}, {"price": "0.8", "size": "140"}, {"price": "0.79", "size": "3584"}, {"price": "0.76", "size": "108.33"}, {"price": "0.75", "size": "155.11"}, {"price": "0.74", "size": "77.94"}, {"price": "0.72", "size": "85.71"}, {"price": "0.71", "size": "6"}, {"price": "0.68", "size": "62.5"}, {"price": "0.64", "size": "191.26"}, {"price": "0.6", "size": "12.5"}, {"price": "0.56", "size": "50"}, {"price": "0.53", "size": "20"}, {"price": "0.5", "size": "12.2"}, {"price": "0.45", "size": "324.44"}, {"price": "0.4", "size": "207.5"}, {"price": "0.39", "size": "160.04"}, {"price": "0.37", "size": "9.99"}, {"price": "0.34", "size": "19.82"}, {"price": "0.32", "size": "210"}, {"price": "0.31", "size": "26.67"}, {"price": "0.3", "size": "30"}, {"price": "0.28", "size": "19.82"}], "event_type": "book", "last_trade_price": "0.810"}]}
{"_local_timestamp": "2026-01-25T23:41:14.690643+00:00", "data": {"market": "0x2821de9fbe90c422cb220dad69fe44dfdea8fdf8fb779e562b44be6db8c1daff", "price_changes": [{"asset_id": "39890597962674457250845749449459665270751867381015505470046259265145192761452", "price": "0.17", "size": "0", "side": "BUY", "hash": "63af79a2cb4437db6d1cf2ebe6099842329319ae", "best_bid": "0.72", "best_ask": "0.81"}, {"asset_id": "63907313656443890447578607530571289622813903996374626191028175281541399992719", "price": "0.83", "size": "0", "side": "SELL", "hash": "9bd941f66b3b8ceb1fe4939230d71587c1992235", "best_bid": "0.19", "best_ask": "0.28"}], "timestamp": "1769384474536", "event_type": "price_change"}}
{"_local_timestamp": "2026-01-25T23:41:48.809825+00:00", "data": {"market": "0x2821de9fbe90c422cb220dad69fe44dfdea8fdf8fb779e562b44be6db8c1daff", "price_changes": [{"asset_id": "39890597962674457250845749449459665270751867381015505470046259265145192761452", "price": "0.71", "size": "53.52", "side": "BUY", "hash": "228420bdac1a5db98fba63f012bb989b6a88cf94", "best_bid": "0.72", "best_ask": "0.81"}, {"asset_id": "63907313656443890447578607530571289622813903996374626191028175281541399992719", "price": "0.29", "size": "53.52", "side": "SELL", "hash": "cf59d9b10a33792cc4b9325e80951d4f142110d7", "best_bid": "0.19", "best_ask": "0.28"}], "timestamp": "1769384508739", "event_type": "price_change"}}
{"_local_timestamp": "2026-01-25T23:41:49.199945+00:00", "data": {"market": "0x2821de9fbe90c422cb220dad69fe44dfdea8fdf8fb779e562b44be6db8c1daff", "price_changes": [{"asset_id": "63907313656443890447578607530571289622813903996374626191028175281541399992719", "price": "0.31", "size": "0", "side": "SELL", "hash": "35b0a9f038d2353796c8544406ece98ce4e395f0", "best_bid": "0.19", "best_ask": "0.28"}, {"asset_id": "39890597962674457250845749449459665270751867381015505470046259265145192761452", "price": "0.69", "size": "0", "side": "BUY", "hash": "50660996f0ffad80f26e849ea6d7cc8fd26dfa1d", "best_bid": "0.72", "best_ask": "0.81"}], "timestamp": "1769384509128", "event_type": "price_change"}}
{"_local_timestamp": "2026-01-25T23:41:49.255751+00:00", "data": {"market": "0x2821de9fbe90c422cb220dad69fe44dfdea8fdf8fb779e562b44be6db8c1daff", "price_changes": [{"asset_id": "63907313656443890447578607530571289622813903996374626191028175281541399992719", "price": "0.28", "size": "46.49", "side": "SELL", "hash": "44dc9fd7c8e3441b71f170cd61babe8c7cdc0768", "best_bid": "0.19", "best_ask": "0.28"}, {"asset_id": "39890597962674457250845749449459665270751867381015505470046259265145192761452", "price": "0.72", "size": "46.49", "side": "BUY", "hash": "ffe8d9ec61b1fe82f4c6948355bbcfe87ef67e55", "best_bid": "0.72", "best_ask": "0.81"}], "timestamp": "1769384509188", "event_type": "price_change"}}
{"_local_timestamp": "2026-01-25T23:41:51.037110+00:00", "data": {"market": "0x2821de9fbe90c422cb220dad69fe44dfdea8fdf8fb779e562b44be6db8c1daff", "price_changes": [{"asset_id": "39890597962674457250845749449459665270751867381015505470046259265145192761452", "price": "0.7", "size": "0", "side": "BUY", "hash": "aed5abd92ef7db8e6a9b4f7cff3adc88c6b386d5", "best_bid": "0.72", "best_ask": "0.81"}, {"asset_id": "63907313656443890447578607530571289622813903996374626191028175281541399992719", "price": "0.3", "size": "0", "side": "SELL", "hash": "5782e8b50d00f0697bd5fa048fc0f638c6b35675", "best_bid": "0.19", "best_ask": "0.28"}], "timestamp": "1769384510971", "event_type": "price_change"}}
{"_local_timestamp": "2026-01-25T23:41:51.167437+00:00", "data": {"market": "0x2821de9fbe90c422cb220dad69fe44dfdea8fdf8fb779e562b44be6db8c1daff", "price_changes": [{"asset_id": "39890597962674457250845749449459665270751867381015505470046259265145192761452", "price": "0.71", "size": "83.52", "side": "BUY", "hash": "e3022893ce915850d3a07b2e10c33e5720ce9f06", "best_bid": "0.72", "best_ask": "0.81"}, {"asset_id": "63907313656443890447578607530571289622813903996374626191028175281541399992719", "price": "0.29", "size": "83.52", "side": "SELL", "hash": "40451ba334d570d38dc81f7c7941adcbe2183a62", "best_bid": "0.19", "best_ask": "0.28"}], "timestamp": "1769384511078", "event_type": "price_change"}}
{"_local_timestamp": "2026-01-25T23:41:53.150461+00:00", "data": {"market": "0x2821de9fbe90c422cb220dad69fe44dfdea8fdf8fb779e562b44be6db8c1daff", "price_changes": [{"asset_id": "39890597962674457250845749449459665270751867381015505470046259265145192761452", "price": "0.71", "size": "53.52", "side": "BUY", "hash": "242abb4be322492ad4ec4b7cc68b9eaeb01c4001", "best_bid": "0.72", "best_ask": "0.81"}, {"asset_id": "63907313656443890447578607530571289622813903996374626191028175281541399992719", "price": "0.29", "size": "53.52", "side": "SELL", "hash": "7137e599c916cf8e89e0a3af967d57d09d2f87c6", "best_bid": "0.19", "best_ask": "0.28"}], "timestamp": "1769384512881", "event_type": "price_change"}}
{"_local_timestamp": "2026-01-25T23:43:43.342453+00:00", "data": {"market": "0x2821de9fbe90c422cb220dad69fe44dfdea8fdf8fb779e562b44be6db8c1daff", "price_changes": [{"asset_id": "39890597962674457250845749449459665270751867381015505470046259265145192761452", "price": "0.71", "size": "0", "side": "BUY", "hash": "917f264ba2fc2952f6355e969026f7211089c87b", "best_bid": "0.72", "best_ask": "0.81"}, {"asset_id": "63907313656443890447578607530571289622813903996374626191028175281541399992719", "price": "0.29", "size": "0", "side": "SELL", "hash": "e8a502fb76b2e1e61c83354d105e3f10829e94e7", "best_bid": "0.19", "best_ask": "0.28"}], "timestamp": "1769384623237", "event_type": "price_change"}}
{"_local_timestamp": "2026-01-25T23:43:43.599637+00:00", "data": {"market": "0x2821de9fbe90c422cb220dad69fe44dfdea8fdf8fb779e562b44be6db8c1daff", "price_changes": [{"asset_id": "39890597962674457250845749449459665270751867381015505470046259265145192761452", "price": "0.22", "size": "1908", "side": "BUY", "hash": "241e26c3dd835a5d3e77cd6c0a894419410ff331", "best_bid": "0.72", "best_ask": "0.81"}, {"asset_id": "63907313656443890447578607530571289622813903996374626191028175281541399992719", "price": "0.78", "size": "1908", "side": "SELL", "hash": "dfba2d66ff47a009b1a92631dbac670cb0d7fd9a", "best_bid": "0.19", "best_ask": "0.28"}], "timestamp": "1769384623496", "event_type": "price_change"}}
{"_local_timestamp": "2026-01-25T23:43:44.023956+00:00", "data": {"market": "0x2821de9fbe90c422cb220dad69fe44dfdea8fdf8fb779e562b44be6db8c1daff", "price_changes": [{"asset_id": "63907313656443890447578607530571289622813903996374626191028175281541399992719", "price": "0.28", "size": "19.82", "side": "SELL", "hash": "493fcceeb03c0f327c6299631a0886cb92144dd6", "best_bid": "0.19", "best_ask": "0.28"}, {"asset_id": "39890597962674457250845749449459665270751867381015505470046259265145192761452", "price": "0.72", "size": "19.82", "side": "BUY", "hash": "492db136fed72a03d95dd8b11b266b2d9852ed8b", "best_bid": "0.72", "best_ask": "0.81"}], "timestamp": "1769384623896", "event_type": "price_change"}}
{"_local_timestamp": "2026-01-25T23:43:44.066043+00:00", "data": {"market": "0x2821de9fbe90c422cb220dad69fe44dfdea8fdf8fb779e562b44be6db8c1daff", "price_changes": [{"asset_id": "63907313656443890447578607530571289622813903996374626191028175281541399992719", "price": "0.31", "size": "26.67", "side": "SELL", "hash": "33af8eefe3d8539d687396f0816422c71d072f5e", "best_bid": "0.19", "best_ask": "0.28"}, {"asset_id": "39890597962674457250845749449459665270751867381015505470046259265145192761452", "price": "0.69", "size": "26.67", "side": "BUY", "hash": "25be603aff6d7058ce9686550447c036ce129349", "best_bid": "0.72", "best_ask": "0.81"}], "timestamp": "1769384623946", "event_type": "price_change"}}
