{"_local_timestamp": "2026-01-25T23:40:41.600466+00:00", "data": [{"market": "0x76151c30f23ef5ee963e2f73fa49d5433b4db34839c39383bee4989cb270b639", "asset_id": "92714767158282519723247724560387828941593726179269759014514785099742463503662", "timestamp": "1769384369115", "hash": "948f5a3c820f7a13ab3ca0424e50a3f509467aea", "bids": [{"price": "0.01", "size": "17.16"}, {"price": "0.02", "size": "6.84"}, {"price": "0.04", "size": "99"}, {"price": "0.05", "size": "14.97"}, {"price": "0.12", "size": "100"}, {"price": "0.14", "size": "100"}, {"price": "0.15", "size": "105.56"}, {"price": "0.17", "size": "5.56"}], "asks": [{"price": "0.99", "size": "20.16"}, {"price": "0.98", "size": "1000"}, {"price": "0.97", "size": "5.79"}, {"price": "0.95", "size": "10"}, {"price": "0.94", "size": "700"}, {"price": "0.93", "size": "10.35"}, {"price": "0.92", "size": "5"}, {"price": "0.85", "size": "1366"}, {"price": "0.84", "size": "2624"}, {"price": "0.71", "size": "10.48"}, {"price": "0.7", "size": "3726"}, {"price": "0.69", "size": "300"}, {"price": "0.68", "size": "6"}, {"price": "0.53", "size": "50"}, {"price": "0.36", "size": "1308.55"}, {"price": "0.33", "size": "265"}, {"price": "0.22", "size": "1225"}, {"price": "0.21", "size": "227.49"}, {"price": "0.2", "size": "291"}], "event_type": "book", "last_trade_price": "0.200"}, {"market": "0x76151c30f23ef5ee963e2f73fa49d5433b4db34839c39383bee4989cb270b639", "asset_id": "23504259219851075832272877441883189669703359970946991544021206156288112345254", "timestamp": "1769384369115", "hash": "ee63d03efc1e768134ea6b2703e884fc9180d755", "bids": [{"price": "0.01", "size": "20.16"}, {"price": "0.02", "size": "1000"}, {"price": "0.03", "size": "5.79"}, {"price": "0.05", "size": "10"}, {"price": "0.06", "size": "700"}, {"price": "0.07", "size": "10.35"}, {"price": "0.08", "size": "5"}, {"price": "0.15", "size": "1366"}, {"price": "0.16", "size": "2624"}, {"price": "0.29", "size": "10.48"}, {"price": "0.3", "size": "3726"}, {"price": "0.31", "size": "300"}, {"price": "0.32", "size": "6"}, {"price": "0.47", "size": "50"}, {"price": "0.64", "size": "1308.55"}, {"price": "0.67", "size": "265"}, {"price": "0.78", "size": "1225"}, {"price": "0.79", "size": "227.49"}, {"price": "0.8", "size": "291"}], "asks": [{"price": "0.99", "size": "17.16"}, {"price": "0.98", "size": "6.84"}, {"price": "0.96", "size": "99"}, {"price": "0.95", "size": "14.97"}, {"price": "0.88", "size": "100"}, {"price": "0.86", "size": "100"}, {"price": "0.85", "size": "105.56"}, {"price": "0.83", "size": "5.56"}], "event_type": "book", "last_trade_price": "0.200"}]}
{"_local_timestamp": "2026-01-25T23:41:06.305374+00:00", "data": {"market": "0x76151c30f23ef5ee963e2f73fa49d5433b4db34839c39383bee4989cb270b639", "price_changes": [{"asset_id": "23504259219851075832272877441883189669703359970946991544021206156288112345254", "price": "0.78", "size": "1125", "side": "BUY", "hash": "60183fb293a4b8d8eef006ba348ccc950534c731", "best_bid": "0.8", "best_ask": "0.83"}, {"asset_id": "92714767158282519723247724560387828941593726179269759014514785099742463503662", "price": "0.22", "size": "1125", "side": "SELL", "hash": "4b08df7f48f84670d80b73ad28d46380523727f6", "best_bid": "0.17", "best_ask": "0.2"}], "timestamp": "1769384466196", "event_type": "price_change"}}
{"_local_timestamp": "2026-01-25T23:41:06.410599+00:00", "data": {"market": "0x76151c30f23ef5ee963e2f73fa49d5433b4db34839c39383bee4989cb270b639", "price_changes": [{"asset_id": "92714767158282519723247724560387828941593726179269759014514785099742463503662", "price": "0.14", "size": "0", "side": "BUY", "hash": "dd504ec919037cb03d29d636a36f8c325774ae97", "best_bid": "0.17", "best_ask": "0.2"}, {"asset_id": "23504259219851075832272877441883189669703359970946991544021206156288112345254", "price": "0.86", "size": "0", "side": "SELL", "hash": "deba3391f6b9aa3ab003de3bd81edec02a7d01e1", "best_bid": "0.8", "best_ask": "0.83"}], "timestamp": "1769384466199", "event_type": "price_change"}}
{"_local_timestamp": "2026-01-25T23:41:06.411174+00:00", "data": {"market": "0x76151c30f23ef5ee963e2f73fa49d5433b4db34839c39383bee4989cb270b639", "price_changes": [{"asset_id": "23504259219851075832272877441883189669703359970946991544021206156288112345254", "price": "0.95", "size": "248.97", "side": "SELL", "hash": "99d5f6f06ba952c12430dd4bc2bf4baa5a6d367b", "best_bid": "0.8", "best_ask": "0.83"}, {"asset_id": "92714767158282519723247724560387828941593726179269759014514785099742463503662", "price": "0.05", "size": "248.97", "side": "BUY", "hash": "c6327630509cbe522cf1ccadb461b57ba92a5fd7", "best_bid": "0.17", "best_ask": "0.2"}], "timestamp": "1769384466247", "event_type": "price_change"}}
{"_local_timestamp": "2026-01-25T23:41:08.285126+00:00", "data": {"market": "0x76151c30f23ef5ee963e2f73fa49d5433b4db34839c39383bee4989cb270b639", "price_changes": [{"asset_id": "92714767158282519723247724560387828941593726179269759014514785099742463503662", "price": "0.15", "size": "5.56", "side": "BUY", "hash": "5312213c0eec6c0f6703c949afba1c4ee95c8446", "best_bid": "0.17", "best_ask": "0.2"}, {"asset_id": "23504259219851075832272877441883189669703359970946991544021206156288112345254", "price": "0.85", "size": "5.56", "side": "SELL", "hash": "3ca2300e132818161cd9b36721e31e0454303761", "best_bid": "0.8", "best_ask": "0.83"}], "timestamp": "1769384468217", "event_type": "price_change"}}
{"_local_timestamp": "2026-01-25T23:41:08.913236+00:00", "data": {"market": "0x76151c30f23ef5ee963e2f73fa49d5433b4db34839c39383bee4989cb270b639", "price_changes": [{"asset_id": "92714767158282519723247724560387828941593726179269759014514785099742463503662", "price": "0.06", "size": "100", "side": "BUY", "hash": "10938363390309a32955d871111a603bd736a1f4", "best_bid": "0.17", "best_ask": "0.2"}, {"asset_id": "23504259219851075832272877441883189669703359970946991544021206156288112345254", "price": "0.94", "size": "100", "side": "SELL", "hash": "de4f6ccd77160cd4492f5e263b8611f9e800fa05", "best_bid": "0.8", "best_ask": "0.83"}], "timestamp": "1769384468838", "event_type": "price_change"}}
{"_local_timestamp": "2026-01-25T23:41:08.944604+00:00", "data": {"market": "0x76151c30f23ef5ee963e2f73fa49d5433b4db34839c39383bee4989cb270b639", "price_changes": [{"asset_id": "23504259219851075832272877441883189669703359970946991544021206156288112345254", "price": "0.95", "size": "14.97", "side": "SELL", "hash": "f840af8fc82e94b63c1d20b94b2e4feb37b0f150", "best_bid": "0.8", "best_ask": "0.83"}, {"asset_id": "92714767158282519723247724560387828941593726179269759014514785099742463503662", "price": "0.05", "size": "14.97", "side": "BUY", "hash": "d9cda62d8466490873c92a1c682fa87200ef18db", "best_bid": "0.17", "best_ask": "0.2"}], "timestamp": "1769384468863", "event_type": "price_change"}}
{"_local_timestamp": "2026-01-25T23:41:08.967994+00:00", "data": {"market": "0x76151c30f23ef5ee963e2f73fa49d5433b4db34839c39383bee4989cb270b639", "price_changes": [{"asset_id": "23504259219851075832272877441883189669703359970946991544021206156288112345254", "price": "0.93", "size": "223", "side": "SELL", "hash": "1f6097a756bcdbb76b722b51cfd189d1fda00dc6", "best_bid": "0.8", "best_ask": "0.83"}, {"asset_id": "92714767158282519723247724560387828941593726179269759014514785099742463503662", "price": "0.07", "size": "223", "side": "BUY", "hash": "925b28e618605d9f8805bd6fbed55f271df8e6d0", "best_bid": "0.17", "best_ask": "0.2"}], "timestamp": "1769384468896", "event_type": "price_change"}}
{"_local_timestamp": "2026-01-25T23:41:12.629466+00:00", "data": {"market": "0x76151c30f23ef5ee963e2f73fa49d5433b4db34839c39383bee4989cb270b639", "price_changes": [{"asset_id": "92714767158282519723247724560387828941593726179269759014514785099742463503662", "price": "0.06", "size": "0", "side": "BUY", "hash": "f33c7a6e22cc8fa2a1d660fc3f997882cfe9809f", "best_bid": "0.17", "best_ask": "0.2"}, {"asset_id": "23504259219851075832272877441883189669703359970946991544021206156288112345254", "price": "0.94", "size": "0", "side": "SELL", "hash": "1d3219af4511192e14e6b935f9e5f649cb154759", "best_bid": "0.8", "best_ask": "0.83"}], "timestamp": "1769384472559", "event_type": "price_change"}}
{"_local_timestamp": "2026-01-25T23:41:13.297023+00:00", "data": {"market": "0x76151c30f23ef5ee963e2f73fa49d5433b4db34839c39383bee4989cb270b639", "price_changes": [{"asset_id": "92714767158282519723247724560387828941593726179269759014514785099742463503662", "price": "0.08", "size": "100", "side": "BUY", "hash": "fa0ecf3513f5a310d19a88f568d363dd9cc81633", "best_bid": "0.17", "best_ask": "0.2"}, {"asset_id": "23504259219851075832272877441883189669703359970946991544021206156288112345254", "price": "0.92", "size": "100", "side": "SELL", "hash": "f704e4506de31b75de090c7cc608da8eb2c9dc24", "best_bid": "0.8", "best_ask": "0.83"}], "timestamp": "1769384473225", "event_type": "price_change"}}
{"_local_timestamp": "2026-01-25T23:41:13.316126+00:00", "data": {"market": "0x76151c30f23ef5ee963e2f73fa49d5433b4db34839c39383bee4989cb270b639", "price_changes": [{"asset_id": "23504259219851075832272877441883189669703359970946991544021206156288112345254", "price": "0.93", "size": "0", "side": "SELL", "hash": "77a99ab8ca0a3e86c86e09fafa37cd4b3500bacc", "best_bid": "0.8", "best_ask": "0.83"}, {"asset_id": "92714767158282519723247724560387828941593726179269759014514785099742463503662", "price": "0.07", "size": "0", "side": "BUY", "hash": "a9f5428872d1c85d59c35bfc76cd59a130024c32", "best_bid": "0.17", "best_ask": "0.2"}], "timestamp": "1769384473250", "event_type": "price_change"}}
{"_local_timestamp": "2026-01-25T23:41:13.350152+00:00", "data": {"market": "0x76151c30f23ef5ee963e2f73fa49d5433b4db34839c39383bee4989cb270b639", "price_changes": [{"asset_id": "23504259219851075832272877441883189669703359970946991544021206156288112345254", "price": "0.91", "size": "223", "side": "SELL", "hash": "a6d34ca1b1924077888ba424db59e44b09997485", "best_bid": "0.8", "best_ask": "0.83"}, {"asset_id": "92714767158282519723247724560387828941593726179269759014514785099742463503662", "price": "0.09", "size": "223", "side": "BUY", "hash": "1f0a04644df93052f775ee6275ee671eccdcfefe", "best_bid": "0.17", "best_ask": "0.2"}], "timestamp": "1769384473278", "event_type": "price_change"}}
{"_local_timestamp": "2026-01-25T23:41:17.153898+00:00", "data": {"market": "0x76151c30f23ef5ee963e2f73fa49d5433b4db34839c39383bee4989cb270b639", "price_changes": [{"asset_id": "92714767158282519723247724560387828941593726179269759014514785099742463503662", "price": "0.08", "size": "0", "side": "BUY", "hash": "d8716a88c271af04ae1e3e39a598553b9fcd62b5", "best_bid": "0.17", "best_ask": "0.2"}, {"asset_id": "23504259219851075832272877441883189669703359970946991544021206156288112345254", "price": "0.92", "size": "0", "side": "SELL", "hash": "6835b77e0be01511258b388fe7b2915cc5482884", "best_bid": "0.8", "best_ask": "0.83"}], "timestamp": "1769384476987", "event_type": "price_change"}}
{"_local_timestamp": "2026-01-25T23:41:17.165549+00:00", "data": {"market": "0x76151c30f23ef5ee963e2f73fa49d5433b4db34839c39383bee4989cb270b639", "price_changes": [{"asset_id": "23504259219851075832272877441883189669703359970946991544021206156288112345254", "price": "0.91", "size": "0", "side": "SELL", "hash": "d42b7bb6ebe7eeb09b41e4e27442b88edf00924a", "best_bid": "0.8", "best_ask": "0.83"}, {"asset_id": "92714767158282519723247724560387828941593726179269759014514785099742463503662", "price": "0.09", "size": "0", "side": "BUY", "hash": "964511663d81cdcabdc7bf6d60103833cf0ec877", "best_bid": "0.17", "best_ask": "0.2"}], "timestamp": "1769384477014", "event_type": "price_change"}}
{"_local_timestamp": "2026-01-25T23:41:17.179602+00:00", "data": {"market": "0x76151c30f23ef5ee963e2f73fa49d5433b4db34839c39383bee4989cb270b639", "price_changes": [{"asset_id": "23504259219851075832272877441883189669703359970946991544021206156288112345254", "price": "0.95", "size": "245.97", "side": "SELL", "hash": "8c41c56f138705188da8f57ff1b49ed14a1d64bf", "best_bid": "0.8", "best_ask": "0.83"}, {"asset_id": "92714767158282519723247724560387828941593726179269759014514785099742463503662", "price": "0.05", "size": "245.97", "side": "BUY", "hash": "c0fbd9ce6720719173f68fd9af6fbd80e7fade35", "best_bid": "0.17", "best_ask": "0.2"}], "timestamp": "1769384477049", "event_type": "price_change"}}
{"_local_timestamp": "2026-01-25T23:41:17.788329+00:00", "data": {"market": "0x76151c30f23ef5ee963e2f73fa49d5433b4db34839c39383bee4989cb270b639", "price_changes": [{"asset_id": "92714767158282519723247724560387828941593726179269759014514785099742463503662", "price": "0.13", "size": "100", "side": "BUY", "hash": "64af54e3d5b3ceebf0a63fdeb3d2d6779693b771", "best_bid": "0.17", "best_ask": "0.2"}, {"asset_id": "23504259219851075832272877441883189669703359970946991544021206156288112345254", "price": "0.87", "size": "100", "side": "SELL", "hash": "865ff3b25c86f49ce642e7e8219c5544df35d08c", "best_bid": "0.8", "best_ask": "0.83"}], "timestamp": "1769384477653", "event_type": "price_change"}}
{"_local_timestamp": "2026-01-25T23:41:18.587935+00:00", "data": {"market": "0x76151c30f23ef5ee963e2f73fa49d5433b4db34839c39383bee4989cb270b639", "price_changes": [{"asset_id": "23504259219851075832272877441883189669703359970946991544021206156288112345254", "price": "0.95", "size": "14.97", "side": "SELL", "hash": "ff00ff97036d67e22826d95a0ba49a70bbfaa580", "best_bid": "0.8", "best_ask": "0.83"}, {"asset_id": "92714767158282519723247724560387828941593726179269759014514785099742463503662", "price": "0.05", "size": "14.97", "side": "BUY", "hash": "fe8f894b29492d29ce6b95535436234fde2afc28", "best_bid": "0.17", "best_ask": "0.2"}], "timestamp": "1769384478448", "event_type": "price_change"}}
{"_local_timestamp": "2026-01-25T23:41:20.813889+00:00", "data": {"market": "0x76151c30f23ef5ee963e2f73fa49d5433b4db34839c39383bee4989cb270b639", "price_changes": [{"asset_id": "23504259219851075832272877441883189669703359970946991544021206156288112345254", "price": "0.78", "size": "1225", "side": "BUY", "hash": "7f4bef221e5de7ada2563a9e8cf875527ed0a558", "best_bid": "0.8", "best_ask": "0.83"}, {"asset_id": "92714767158282519723247724560387828941593726179269759014514785099742463503662", "price": "0.22", "size": "1225", "side": "SELL", "hash": "fa4dcc5e8d382a4d12c813229b8f2404cc1f0c26", "best_bid": "0.17", "best_ask": "0.2"}], "timestamp": "1769384480681", "event_type": "price_change"}}
{"_local_timestamp": "2026-01-25T23:41:21.576626+00:00", "data": {"market": "0x76151c30f23ef5ee963e2f73fa49d5433b4db34839c39383bee4989cb270b639", "price_changes": [{"asset_id": "92714767158282519723247724560387828941593726179269759014514785099742463503662", "price": "0.13", "size": "0", "side": "BUY", "hash": "db0ff2a6f90b5417472d7f9c00e67016f06d2fa6", "best_bid": "0.17", "best_ask": "0.2"}, {"asset_id": "23504259219851075832272877441883189669703359970946991544021206156288112345254", "price": "0.87", "size": "0", "side": "SELL", "hash": "0b1e5b81a611c8667b811d7479067b46b41fa19e", "best_bid": "0.8", "best_ask": "0.83"}], "timestamp": "1769384481478", "event_type": "price_change"}}
{"_local_timestamp": "2026-01-25T23:41:21.605818+00:00", "data": {"market": "0x76151c30f23ef5ee963e2f73fa49d5433b4db34839c39383bee4989cb270b639", "price_changes": [{"asset_id": "23504259219851075832272877441883189669703359970946991544021206156288112345254", "price": "0.95", "size": "248.97", "side": "SELL", "hash": "bef016de39c4239b8667c5e27aa5276ee17dfaf8", "best_bid": "0.8", "best_ask": "0.83"}, {"asset_id": "92714767158282519723247724560387828941593726179269759014514785099742463503662", "price": "0.05", "size": "248.97", "side": "BUY", "hash": "ad126d419c184e918bcf70470dacb61de615bb22", "best_bid": "0.17", "best_ask": "0.2"}], "timestamp": "1769384481507", "event_type": "price_change"}}
{"_local_timestamp": "2026-01-25T23:41:22.223894+00:00", "data": {"market": "0x76151c30f23ef5ee963e2f73fa49d5433b4db34839c39383bee4989cb270b639", "price_changes": [{"asset_id": "92714767158282519723247724560387828941593726179269759014514785099742463503662", "price": "0.05", "size": "348.97", "side": "BUY", "hash": "227f2d62a015120ff2cc16ef3c414a674dd0f41f", "best_bid": "0.17", "best_ask": "0.2"}, {"asset_id": "23504259219851075832272877441883189669703359970946991544021206156288112345254", "price": "0.95", "size": "348.97", "side": "SELL", "hash": "ff13446791c15bf614b1479bb66aaa838f920ea0", "best_bid": "0.8", "best_ask": "0.83"}], "timestamp": "1769384482119", "event_type": "price_change"}}
{"_local_timestamp": "2026-01-25T23:41:25.772735+00:00", "data": {"market": "0x76151c30f23ef5ee963e2f73fa49d5433b4db34839c39383bee4989cb270b639", "price_changes": [{"asset_id": "92714767158282519723247724560387828941593726179269759014514785099742463503662", "price": "0.05", "size": "248.97", "side": "BUY", "hash": "baafbc1303f6e48b84d55db1fd36865149aef4ed", "best_bid": "0.17", "best_ask": "0.2"}, {"asset_id": "23504259219851075832272877441883189669703359970946991544021206156288112345254", "price": "0.95", "size": "248.97", "side": "SELL", "hash": "bc5db6afeec964a620655d2eaf2abf36f193bc88", "best_bid": "0.8", "best_ask": "0.83"}], "timestamp": "1769384485652", "event_type": "price_change"}}
{"_local_timestamp": "2026-01-25T23:41:26.469774+00:00", "data": {"market": "0x76151c30f23ef5ee963e2f73fa49d5433b4db34839c39383bee4989cb270b639", "price_changes": [{"asset_id": "92714767158282519723247724560387828941593726179269759014514785099742463503662", "price": "0.06", "size": "100", "side": "BUY", "hash": "0988b274b7d25cc2e48003ef17cdd744aeb4010b", "best_bid": "0.17", "best_ask": "0.2"}, {"asset_id": "23504259219851075832272877441883189669703359970946991544021206156288112345254", "price": "0.94", "size": "100", "side": "SELL", "hash": "6d3c1b02b81747dfc4f718aae559292145011faa", "best_bid": "0.8", "best_ask": "0.83"}], "timestamp": "1769384486358", "event_type": "price_change"}}
{"_local_timestamp": "2026-01-25T23:41:26.514893+00:00", "data": {"market": "0x76151c30f23ef5ee963e2f73fa49d5433b4db34839c39383bee4989cb270b639", "price_changes": [{"asset_id": "23504259219851075832272877441883189669703359970946991544021206156288112345254", "price": "0.95", "size": "14.97", "side": "SELL", "hash": "67688a7feae788856bf225dbbace151f93770edc", "best_bid": "0.8", "best_ask": "0.83"}, {"asset_id": "92714767158282519723247724560387828941593726179269759014514785099742463503662", "price": "0.05", "size": "14.97", "side": "BUY", "hash": "ae9ac7d40a8e00627e895ff73e2288f26940ba2e", "best_bid": "0.17", "best_ask": "0.2"}], "timestamp": "1769384486391", "event_type": "price_change"}}
{"_local_timestamp": "2026-01-25T23:41:26.539031+00:00", "data": {"market": "0x76151c30f23ef5ee963e2f73fa49d5433b4db34839c39383bee4989cb270b639", "price_changes": [{"asset_id": "23504259219851075832272877441883189669703359970946991544021206156288112345254", "price": "0.93", "size": "225", "side": "SELL", "hash": "26a7b429f688a6df69ebe35aa2d16f26ee5ee7ff", "best_bid": "0.8", "best_ask": "0.83"}, {"asset_id": "92714767158282519723247724560387828941593726179269759014514785099742463503662", "price": "0.07", "size": "225", "side": "BUY", "hash": "a31a35d6ce44c085a4e08342142db9bb85ab1f4d", "best_bid": "0.17", "best_ask": "0.2"}], "timestamp": "1769384486418", "event_type": "price_change"}}
{"_local_timestamp": "2026-01-25T23:41:30.244408+00:00", "data": {"market": "0x76151c30f23ef5ee963e2f73fa49d5433b4db34839c39383bee4989cb270b639", "price_changes": [{"asset_id": "92714767158282519723247724560387828941593726179269759014514785099742463503662", "price": "0.06", "size": "0", "side": "BUY", "hash": "f254e48cccd8b7ea9245b33d2ef096849419afda", "best_bid": "0.17", "best_ask": "0.2"}, {"asset_id": "23504259219851075832272877441883189669703359970946991544021206156288112345254", "price": "0.94", "size": "0", "side": "SELL", "hash": "02f47a0f02bf5b8dd612401a945c54d36b4c6304", "best_bid": "0.8", "best_ask": "0.83"}], "timestamp": "1769384490112", "event_type": "price_change"}}
{"_local_timestamp": "2026-01-25T23:41:30.838413+00:00", "data": {"market": "0x76151c30f23ef5ee963e2f73fa49d5433b4db34839c39383bee4989cb270b639", "price_changes": [{"asset_id": "92714767158282519723247724560387828941593726179269759014514785099742463503662", "price": "0.08", "size": "100", "side": "BUY", "hash": "d9831308e4d110fe3427e90718bbed1351af0f49", "best_bid": "0.17", "best_ask": "0.2"}, {"asset_id": "23504259219851075832272877441883189669703359970946991544021206156288112345254", "price": "0.92", "size": "100", "side": "SELL", "hash": "283a08cb30d86ef63f01058e6d838555e0a2d2b4", "best_bid": "0.8", "best_ask": "0.83"}], "timestamp": "1769384490700", "event_type": "price_change"}}
{"_local_timestamp": "2026-01-25T23:41:30.875697+00:00", "data": {"market": "0x76151c30f23ef5ee963e2f73fa49d5433b4db34839c39383bee4989cb270b639", "price_changes": [{"asset_id": "23504259219851075832272877441883189669703359970946991544021206156288112345254", "price": "0.93", "size": "0", "side": "SELL", "hash": "2b3dda7a31d8e714b7591dc6203cd0dd12fce9d7", "best_bid": "0.8", "best_ask": "0.83"}, {"asset_id": "92714767158282519723247724560387828941593726179269759014514785099742463503662", "price": "0.07", "size": "0", "side": "BUY", "hash": "17b9f2b25003355ac2e57da1fb5272b692352df7", "best_bid": "0.17", "best_ask": "0.2"}], "timestamp": "1769384490725", "event_type": "price_change"}}
{"_local_timestamp": "2026-01-25T23:41:34.617900+00:00", "data": {"market": "0x76151c30f23ef5ee963e2f73fa49d5433b4db34839c39383bee4989cb270b639", "price_changes": [{"asset_id": "92714767158282519723247724560387828941593726179269759014514785099742463503662", "price": "0.08", "size": "0", "side": "BUY", "hash": "050a58fd183b36e451d69cf25e78e54b63872aed", "best_bid": "0.17", "best_ask": "0.2"}, {"asset_id": "23504259219851075832272877441883189669703359970946991544021206156288112345254", "price": "0.92", "size": "0", "side": "SELL", "hash": "01fadc02937c82f9a3ded7731a726d9d10fd573e", "best_bid": "0.8", "best_ask": "0.83"}], "timestamp": "1769384494441", "event_type": "price_change"}}
{"_local_timestamp": "2026-01-25T23:41:34.644195+00:00", "data": {"market": "0x76151c30f23ef5ee963e2f73fa49d5433b4db34839c39383bee4989cb270b639", "price_changes": [{"asset_id": "23504259219851075832272877441883189669703359970946991544021206156288112345254", "price": "0.95", "size": "248.97", "side": "SELL", "hash": "b93fab9b768a0718948f37fd3173d15289451b34", "best_bid": "0.8", "best_ask": "0.83"}, {"asset_id": "92714767158282519723247724560387828941593726179269759014514785099742463503662", "price": "0.05", "size": "248.97", "side": "BUY", "hash": "e7bfce2a51500f770c977aaa753451a688a2d7fe", "best_bid": "0.17", "best_ask": "0.2"}], "timestamp": "1769384494476", "event_type": "price_change"}}
{"_local_timestamp": "2026-01-25T23:41:35.147978+00:00", "data": {"market": "0x76151c30f23ef5ee963e2f73fa49d5433b4db34839c39383bee4989cb270b639", "price_changes": [{"asset_id": "92714767158282519723247724560387828941593726179269759014514785099742463503662", "price": "0.05", "size": "348.97", "side": "BUY", "hash": "e5595c436f68dc621db960a96cc91558a577a354", "best_bid": "0.17", "best_ask": "0.2"}, {"asset_id": "23504259219851075832272877441883189669703359970946991544021206156288112345254", "price": "0.95", "size": "348.97", "side": "SELL", "hash": "2e496f2ddd24da848cbc2e9bdb15f0da8cd0d5cc", "best_bid": "0.8", "best_ask": "0.83"}], "timestamp": "1769384494997", "event_type": "price_change"}}
{"_local_timestamp": "2026-01-25T23:41:35.789794+00:00", "data": {"market": "0x76151c30f23ef5ee963e2f73fa49d5433b4db34839c39383bee4989cb270b639", "price_changes": [{"asset_id": "23504259219851075832272877441883189669703359970946991544021206156288112345254", "price": "0.08", "size": "0", "side": "BUY", "hash": "7e89a10a02eee6cc202015d42eb5f609e2f15340", "best_bid": "0.8", "best_ask": "0.83"}, {"asset_id": "92714767158282519723247724560387828941593726179269759014514785099742463503662", "price": "0.92", "size": "0", "side": "SELL", "hash": "397ba3f5ea15cd4bb8ddfd6a743230b1540d6258", "best_bid": "0.17", "best_ask": "0.2"}], "timestamp": "1769384495658", "event_type": "price_change"}}
{"_local_timestamp": "2026-01-25T23:41:36.052726+00:00", "data": {"market": "0x76151c30f23ef5ee963e2f73fa49d5433b4db34839c39383bee4989cb270b639", "price_changes": [{"asset_id": "23504259219851075832272877441883189669703359970946991544021206156288112345254", "price": "0.08", "size": "5", "side": "BUY", "hash": "1bcf6124e66986de798044b1b7b9fa2d7f3d069b", "best_bid": "0.8", "best_ask": "0.83"}, {"asset_id": "92714767158282519723247724560387828941593726179269759014514785099742463503662", "price": "0.92", "size": "5", "side": "SELL", "hash": "2336ef97ebfbf537f137df0c5e2fe058c5833bb3", "best_bid": "0.17", "best_ask": "0.2"}], "timestamp": "1769384495916", "event_type": "price_change"}}
{"_local_timestamp": "2026-01-25T23:41:36.446687+00:00", "data": {"market": "0x76151c30f23ef5ee963e2f73fa49d5433b4db34839c39383bee4989cb270b639", "price_changes": [{"asset_id": "92714767158282519723247724560387828941593726179269759014514785099742463503662", "price": "0.05", "size": "334", "side": "BUY", "hash": "d2ee0c912b564a8530e7e585b4d1f6c9910c599c", "best_bid": "0.17", "best_ask": "0.2"}, {"asset_id": "23504259219851075832272877441883189669703359970946991544021206156288112345254", "price": "0.95", "size": "334", "side": "SELL", "hash": "e12f299fa839cd518c6358eaadc6c882d07e9782", "best_bid": "0.8", "best_ask": "0.83"}], "timestamp": "1769384496301", "event_type": "price_change"}}
{"_local_timestamp": "2026-01-25T23:41:36.701104+00:00", "data": {"market": "0x76151c30f23ef5ee963e2f73fa49d5433b4db34839c39383bee4989cb270b639", "price_changes": [{"asset_id": "92714767158282519723247724560387828941593726179269759014514785099742463503662", "price": "0.06", "size": "12.47", "side": "BUY", "hash": "c527dc14c3c8fa2d20cb4bb2e8574e07db278b79", "best_bid": "0.17", "best_ask": "0.2"}, {"asset_id": "23504259219851075832272877441883189669703359970946991544021206156288112345254", "price": "0.94", "size": "12.47", "side": "SELL", "hash": "fdc47c6f0f195ac3da0d92c974fd840beddf99d5", "best_bid": "0.8", "best_ask": "0.83"}], "timestamp": "1769384496559", "event_type": "price_change"}}
{"_local_timestamp": "2026-01-25T23:41:36.721288+00:00", "data": {"market": "0x76151c30f23ef5ee963e2f73fa49d5433b4db34839c39383bee4989cb270b639", "price_changes": [{"asset_id": "23504259219851075832272877441883189669703359970946991544021206156288112345254", "price": "0.95", "size": "100", "side": "SELL", "hash": "c0cea0f4a439fb6df8d11b9e228ba7e8e7cdf969", "best_bid": "0.8", "best_ask": "0.83"}, {"asset_id": "92714767158282519723247724560387828941593726179269759014514785099742463503662", "price": "0.05", "size": "100", "side": "BUY", "hash": "e697e31e8a918327e23fdf036bb41025aa34bdb6", "best_bid": "0.17", "best_ask": "0.2"}], "timestamp": "1769384496588", "event_type": "price_change"}}
{"_local_timestamp": "2026-01-25T23:41:36.745652+00:00", "data": {"market": "0x76151c30f23ef5ee963e2f73fa49d5433b4db34839c39383bee4989cb270b639", "price_changes": [{"asset_id": "23504259219851075832272877441883189669703359970946991544021206156288112345254", "price": "0.94", "size": "237.47", "side": "SELL", "hash": "96bc11ab2fc3d3dbd18deaa002476a368a5f26a6", "best_bid": "0.8", "best_ask": "0.83"}, {"asset_id": "92714767158282519723247724560387828941593726179269759014514785099742463503662", "price": "0.06", "size": "237.47", "side": "BUY", "hash": "9c8e80d0896a9e99ed362a50d4f21211463bb8ad", "best_bid": "0.17", "best_ask": "0.2"}], "timestamp": "1769384496616", "event_type": "price_change"}}
{"_local_timestamp": "2026-01-25T23:41:38.956039+00:00", "data": {"market": "0x76151c30f23ef5ee963e2f73fa49d5433b4db34839c39383bee4989cb270b639", "price_changes": [{"asset_id": "92714767158282519723247724560387828941593726179269759014514785099742463503662", "price": "0.05", "size": "0", "side": "BUY", "hash": "c76f832e593b5d1b0900d48fa3b1661fb1037e4d", "best_bid": "0.17", "best_ask": "0.2"}, {"asset_id": "23504259219851075832272877441883189669703359970946991544021206156288112345254", "price": "0.95", "size": "0", "side": "SELL", "hash": "b38558e39ee00a993a4b8f7b0439b9b3f670d452", "best_bid": "0.8", "best_ask": "0.83"}], "timestamp": "1769384498791", "event_type": "price_change"}}
{"_local_timestamp": "2026-01-25T23:41:39.660933+00:00", "data": {"market": "0x76151c30f23ef5ee963e2f73fa49d5433b4db34839c39383bee4989cb270b639", "price_changes": [{"asset_id": "92714767158282519723247724560387828941593726179269759014514785099742463503662", "price": "0.07", "size": "100", "side": "BUY", "hash": "2503e2158acaa74514b78654a7df74bd148a663d", "best_bid": "0.17", "best_ask": "0.2"}, {"asset_id": "23504259219851075832272877441883189669703359970946991544021206156288112345254", "price": "0.93", "size": "100", "side": "SELL", "hash": "bcb5d4ee63b0666a634d46c45d54421aabe3222d", "best_bid": "0.8", "best_ask": "0.83"}], "timestamp": "1769384499505", "event_type": "price_change"}}
{"_local_timestamp": "2026-01-25T23:41:39.700355+00:00", "data": {"market": "0x76151c30f23ef5ee963e2f73fa49d5433b4db34839c39383bee4989cb270b639", "price_changes": [{"asset_id": "23504259219851075832272877441883189669703359970946991544021206156288112345254", "price": "0.94", "size": "12.47", "side": "SELL", "hash": "3f0630ed94d7ac48cb87244a46b6e087241b6ff4", "best_bid": "0.8", "best_ask": "0.83"}, {"asset_id": "92714767158282519723247724560387828941593726179269759014514785099742463503662", "price": "0.06", "size": "12.47", "side": "BUY", "hash": "ff4f4f6d1dd8a48307dcdf92a7a3ae3f7ff53fa3", "best_bid": "0.17", "best_ask": "0.2"}], "timestamp": "1769384499551", "event_type": "price_change"}}
{"_local_timestamp": "2026-01-25T23:41:39.720751+00:00", "data": {"market": "0x76151c30f23ef5ee963e2f73fa49d5433b4db34839c39383bee4989cb270b639", "price_changes": [{"asset_id": "23504259219851075832272877441883189669703359970946991544021206156288112345254", "price": "0.92", "size": "225", "side": "SELL", "hash": "c128a6a861b406660aa58b51ea99525d4e880d8a", "best_bid": "0.8", "best_ask": "0.83"}, {"asset_id": "92714767158282519723247724560387828941593726179269759014514785099742463503662", "price": "0.08", "size": "225", "side": "BUY", "hash": "362e45562a78f7f35d172c8d720f20dd18cc0e84", "best_bid": "0.17", "best_ask": "0.2"}], "timestamp": "1769384499578", "event_type": "price_change"}}
{"_local_timestamp": "2026-01-25T23:41:43.319366+00:00", "data": {"market": "0x76151c30f23ef5ee963e2f73fa49d5433b4db34839c39383bee4989cb270b639", "price_changes": [{"asset_id": "92714767158282519723247724560387828941593726179269759014514785099742463503662", "price": "0.07", "size": "0", "side": "BUY", "hash": "fff5f5df1bb7df0101498aeb77799621b2450a5f", "best_bid": "0.17", "best_ask": "0.2"}, {"asset_id": "23504259219851075832272877441883189669703359970946991544021206156288112345254", "price": "0.93", "size": "0", "side": "SELL", "hash": "525f25b700a242676841b036c7425de6bf73d687", "best_bid": "0.8", "best_ask": "0.83"}], "timestamp": "1769384503245", "event_type": "price_change"}}
{"_local_timestamp": "2026-01-25T23:41:44.038341+00:00", "data": {"market": "0x76151c30f23ef5ee963e2f73fa49d5433b4db34839c39383bee4989cb270b639", "price_changes": [{"asset_id": "92714767158282519723247724560387828941593726179269759014514785099742463503662", "price": "0.05", "size": "100", "side": "BUY", "hash": "89deff563645927be0886bbf3d3266e3a833286a", "best_bid": "0.17", "best_ask": "0.2"}, {"asset_id": "23504259219851075832272877441883189669703359970946991544021206156288112345254", "price": "0.95", "size": "100", "side": "SELL", "hash": "3af3c72e045ba20bf500d0525a36a5f09d0ae29f", "best_bid": "0.8", "best_ask": "0.83"}], "timestamp": "1769384503973", "event_type": "price_change"}}
{"_local_timestamp": "2026-01-25T23:42:32.267117+00:00", "data": {"market": "0x76151c30f23ef5ee963e2f73fa49d5433b4db34839c39383bee4989cb270b639", "price_changes": [{"asset_id": "23504259219851075832272877441883189669703359970946991544021206156288112345254", "price": "0.08", "size": "0", "side": "BUY", "hash": "cdf487afb7a02b80a00be3dd6352cc59d194e70f", "best_bid": "0.8", "best_ask": "0.83"}, {"asset_id": "92714767158282519723247724560387828941593726179269759014514785099742463503662", "price": "0.92", "size": "0", "side": "SELL", "hash": "f2a75e9599ada0a61e3f4a3faf09aa99eb3e11a8", "best_bid": "0.17", "best_ask": "0.2"}], "timestamp": "1769384552198", "event_type": "price_change"}}
{"_local_timestamp": "2026-01-25T23:42:32.298666+00:00", "data": {"market": "0x76151c30f23ef5ee963e2f73fa49d5433b4db34839c39383bee4989cb270b639", "price_changes": [{"asset_id": "23504259219851075832272877441883189669703359970946991544021206156288112345254", "price": "0.92", "size": "0", "side": "SELL", "hash": "9ae1d4393106ca2103590892ea52e522dc388ef2", "best_bid": "0.8", "best_ask": "0.83"}, {"asset_id": "92714767158282519723247724560387828941593726179269759014514785099742463503662", "price": "0.08", "size": "0", "side": "BUY", "hash": "1c2ebed4bd60c51c83db0bbbb1775df4b18eec4d", "best_bid": "0.17", "best_ask": "0.2"}], "timestamp": "1769384552225", "event_type": "price_change"}}
{"_local_timestamp": "2026-01-25T23:42:32.321954+00:00", "data": {"market": "0x76151c30f23ef5ee963e2f73fa49d5433b4db34839c39383bee4989cb270b639", "price_changes": [{"asset_id": "23504259219851075832272877441883189669703359970946991544021206156288112345254", "price": "0.94", "size": "248.47", "side": "SELL", "hash": "6ec6248b8c0e9d3254084fb42f3cc33a861cc01a", "best_bid": "0.8", "best_ask": "0.83"}, {"asset_id": "92714767158282519723247724560387828941593726179269759014514785099742463503662", "price": "0.06", "size": "248.47", "side": "BUY", "hash": "39c202b71cae5d333e9f5d302ff8e757e6649368", "best_bid": "0.17", "best_ask": "0.2"}], "timestamp": "1769384552252", "event_type": "price_change"}}
{"_local_timestamp": "2026-01-25T23:42:32.615977+00:00", "data": {"market": "0x76151c30f23ef5ee963e2f73fa49d5433b4db34839c39383bee4989cb270b639", "price_changes": [{"asset_id": "23504259219851075832272877441883189669703359970946991544021206156288112345254", "price": "0.08", "size": "5", "side": "BUY", "hash": "25a319a71a01601bf2e018d15e7a5482dc55a0aa", "best_bid": "0.8", "best_ask": "0.83"}, {"asset_id": "92714767158282519723247724560387828941593726179269759014514785099742463503662", "price": "0.92", "size": "5", "side": "SELL", "hash": "378e4148ff3fb7548177bbb3dd524a207c0fe9b2", "best_bid": "0.17", "best_ask": "0.2"}], "timestamp": "1769384552549", "event_type": "price_change"}}
{"_local_timestamp": "2026-01-25T23:42:36.146934+00:00", "data": {"market": "0x76151c30f23ef5ee963e2f73fa49d5433b4db34839c39383bee4989cb270b639", "price_changes": [{"asset_id": "92714767158282519723247724560387828941593726179269759014514785099742463503662", "price": "0.05", "size": "0", "side": "BUY", "hash": "af1c473fc36dc7ceb56f4073b3e1f41654dbad19", "best_bid": "0.17", "best_ask": "0.2"}, {"asset_id": "23504259219851075832272877441883189669703359970946991544021206156288112345254", "price": "0.95", "size": "0", "side": "SELL", "hash": "eeabb1b78078df96324af8a4a6cfccc3e4645fc5", "best_bid": "0.8", "best_ask": "0.83"}], "timestamp": "1769384556043", "event_type": "price_change"}}
{"_local_timestamp": "2026-01-25T23:42:36.649095+00:00", "data": {"market": "0x76151c30f23ef5ee963e2f73fa49d5433b4db34839c39383bee4989cb270b639", "price_changes": [{"asset_id": "92714767158282519723247724560387828941593726179269759014514785099742463503662", "price": "0.07", "size": "100", "side": "BUY", "hash": "01b1f605e68403036de4528fc9bc62c01580862d", "best_bid": "0.17", "best_ask": "0.2"}, {"asset_id": "23504259219851075832272877441883189669703359970946991544021206156288112345254", "price": "0.93", "size": "100", "side": "SELL", "hash": "e87ef602a9218066a511cfa666f4d503d5424bbd", "best_bid": "0.8", "best_ask": "0.83"}], "timestamp": "1769384556585", "event_type": "price_change"}}
{"_local_timestamp": "2026-01-25T23:42:36.683206+00:00", "data": {"market": "0x76151c30f23ef5ee963e2f73fa49d5433b4db34839c39383bee4989cb270b639", "price_changes": [{"asset_id": "23504259219851075832272877441883189669703359970946991544021206156288112345254", "price": "0.94", "size": "12.47", "side": "SELL", "hash": "b622f00db125d6dec5a20f789456713aab2c8af1", "best_bid": "0.8", "best_ask": "0.83"}, {"asset_id": "92714767158282519723247724560387828941593726179269759014514785099742463503662", "price": "0.06", "size": "12.47", "side": "BUY", "hash": "625d05aa679b616ee4ae5caf483ce13e25234629", "best_bid": "0.17", "best_ask": "0.2"}], "timestamp": "1769384556613", "event_type": "price_change"}}
{"_local_timestamp": "2026-01-25T23:42:36.707956+00:00", "data": {"market": "0x76151c30f23ef5ee963e2f73fa49d5433b4db34839c39383bee4989cb270b639", "price_changes": [{"asset_id": "23504259219851075832272877441883189669703359970946991544021206156288112345254", "price": "0.92", "size": "225", "side": "SELL", "hash": "30acb14a42d668d7f459f900b668c97fd97a23b6", "best_bid": "0.8", "best_ask": "0.83"}, {"asset_id": "92714767158282519723247724560387828941593726179269759014514785099742463503662", "price": "0.08", "size": "225", "side": "BUY", "hash": "68032a06776bf2e1aa9fcb3b8c2756545118dc53", "best_bid": "0.17", "best_ask": "0.2"}], "timestamp": "1769384556639", "event_type": "price_change"}}
{"_local_timestamp": "2026-01-25T23:42:40.230751+00:00", "data": {"market": "0x76151c30f23ef5ee963e2f73fa49d5433b4db34839c39383bee4989cb270b639", "price_changes": [{"asset_id": "92714767158282519723247724560387828941593726179269759014514785099742463503662", "price": "0.07", "size": "0", "side": "BUY", "hash": "8c7699a24137d6a9ce6fbefde9c2b26cea78bf0d", "best_bid": "0.17", "best_ask": "0.2"}, {"asset_id": "23504259219851075832272877441883189669703359970946991544021206156288112345254", "price": "0.93", "size": "0", "side": "SELL", "hash": "c4ffdad161fc74351ac1b97d9a4fe6e967c22e21", "best_bid": "0.8", "best_ask": "0.83"}], "timestamp": "1769384560103", "event_type": "price_change"}}
{"_local_timestamp": "2026-01-25T23:42:40.855138+00:00", "data": {"market": "0x76151c30f23ef5ee963e2f73fa49d5433b4db34839c39383bee4989cb270b639", "price_changes": [{"asset_id": "92714767158282519723247724560387828941593726179269759014514785099742463503662", "price": "0.05", "size": "100", "side": "BUY", "hash": "69b047bee3eafcd98e68f4fb607a7bd0fbc8d93b", "best_bid": "0.17", "best_ask": "0.2"}, {"asset_id": "23504259219851075832272877441883189669703359970946991544021206156288112345254", "price": "0.95", "size": "100", "side": "SELL", "hash": "7aa6e9cbb7411606b1e6ec8a35537f3f050b4715", "best_bid": "0.8", "best_ask": "0.83"}], "timestamp": "1769384560787", "event_type": "price_change"}}
{"_local_timestamp": "2026-01-25T23:43:01.251451+00:00", "data": {"market": "0x76151c30f23ef5ee963e2f73fa49d5433b4db34839c39383bee4989cb270b639", "price_changes": [{"asset_id": "92714767158282519723247724560387828941593726179269759014514785099742463503662", "price": "0.12", "size": "0", "side": "BUY", "hash": "07d7613b770723e0b2f72d8ab29938fcd35a9e1c", "best_bid": "0.17", "best_ask": "0.2"}, {"asset_id": "23504259219851075832272877441883189669703359970946991544021206156288112345254", "price": "0.88", "size": "0", "side": "SELL", "hash": "43e372ca4542a9dfd5ba4d79c7ca57e88a05e69d", "best_bid": "0.8", "best_ask": "0.83"}], "timestamp": "1769384581006", "event_type": "price_change"}}
{"_local_timestamp": "2026-01-25T23:43:01.306501+00:00", "data": {"market": "0x76151c30f23ef5ee963e2f73fa49d5433b4db34839c39383bee4989cb270b639", "price_changes": [{"asset_id": "23504259219851075832272877441883189669703359970946991544021206156288112345254", "price": "0.92", "size": "0", "side": "SELL", "hash": "3639b45269e7fd2bf945ec103e73c36d563888e4", "best_bid": "0.8", "best_ask": "0.83"}, {"asset_id": "92714767158282519723247724560387828941593726179269759014514785099742463503662", "price": "0.08", "size": "0", "side": "BUY", "hash": "2e05dd1ed9cfe36fe30a6726b6e48f4c71bd5fcc", "best_bid": "0.17", "best_ask": "0.2"}], "timestamp": "1769384581069", "event_type": "price_change"}}
{"_local_timestamp": "2026-01-25T23:43:01.312581+00:00", "data": {"market": "0x76151c30f23ef5ee963e2f73fa49d5433b4db34839c39383bee4989cb270b639", "price_changes": [{"asset_id": "23504259219851075832272877441883189669703359970946991544021206156288112345254", "price": "0.94", "size": "246.47", "side": "SELL", "hash": "d42ff49c86eff203ae4de1e5e89857cfc1767b97", "best_bid": "0.8", "best_ask": "0.83"}, {"asset_id": "92714767158282519723247724560387828941593726179269759014514785099742463503662", "price": "0.06", "size": "246.47", "side": "BUY", "hash": "83092bf4ff1090f1326cbe5833a78e10ce7b325f", "best_bid": "0.17", "best_ask": "0.2"}], "timestamp": "1769384581096", "event_type": "price_change"}}
{"_local_timestamp": "2026-01-25T23:43:05.812907+00:00", "data": {"market": "0x76151c30f23ef5ee963e2f73fa49d5433b4db34839c39383bee4989cb270b639", "price_changes": [{"asset_id": "92714767158282519723247724560387828941593726179269759014514785099742463503662", "price": "0.05", "size": "0", "side": "BUY", "hash": "335a00d39b9c162865d5c14ab5d6e545542aaad6", "best_bid": "0.17", "best_ask": "0.2"}, {"asset_id": "23504259219851075832272877441883189669703359970946991544021206156288112345254", "price": "0.95", "size": "0", "side": "SELL", "hash": "088bca4dfdc75dead9521eb907f0fd82206c6269", "best_bid": "0.8", "best_ask": "0.83"}], "timestamp": "1769384585606", "event_type": "price_change"}}
{"_local_timestamp": "2026-01-25T23:43:05.841331+00:00", "data": {"market": "0x76151c30f23ef5ee963e2f73fa49d5433b4db34839c39383bee4989cb270b639", "price_changes": [{"asset_id": "23504259219851075832272877441883189669703359970946991544021206156288112345254", "price": "0.94", "size": "12.47", "side": "SELL", "hash": "13750a1e181f0e139346adcad218fa4de657a994", "best_bid": "0.8", "best_ask": "0.83"}, {"asset_id": "92714767158282519723247724560387828941593726179269759014514785099742463503662", "price": "0.06", "size": "12.47", "side": "BUY", "hash": "cd1dbff333d12ccd9de98e721089a5a7de5954ee", "best_bid": "0.17", "best_ask": "0.2"}], "timestamp": "1769384585636", "event_type": "price_change"}}
{"_local_timestamp": "2026-01-25T23:43:05.842030+00:00", "data": {"market": "0x76151c30f23ef5ee963e2f73fa49d5433b4db34839c39383bee4989cb270b639", "price_changes": [{"asset_id": "23504259219851075832272877441883189669703359970946991544021206156288112345254", "price": "0.67", "size": "200", "side": "BUY", "hash": "13750a1e181f0e139346adcad218fa4de657a994", "best_bid": "0.8", "best_ask": "0.83"}, {"asset_id": "92714767158282519723247724560387828941593726179269759014514785099742463503662", "price": "0.33", "size": "200", "side": "SELL", "hash": "cd1dbff333d12ccd9de98e721089a5a7de5954ee", "best_bid": "0.17", "best_ask": "0.2"}], "timestamp": "1769384585636", "event_type": "price_change"}}
{"_local_timestamp": "2026-01-25T23:43:06.398898+00:00", "data": {"market": "0x76151c30f23ef5ee963e2f73fa49d5433b4db34839c39383bee4989cb270b639", "price_changes": [{"asset_id": "92714767158282519723247724560387828941593726179269759014514785099742463503662", "price": "0.07", "size": "100", "side": "BUY", "hash": "dbf3eb63cd04b7f9c07356ba0298e55604e4696c", "best_bid": "0.17", "best_ask": "0.2"}, {"asset_id": "23504259219851075832272877441883189669703359970946991544021206156288112345254", "price": "0.93", "size": "100", "side": "SELL", "hash": "264c48779f41e626bf39d566af653cea5e770179", "best_bid": "0.8", "best_ask": "0.83"}], "timestamp": "1769384586197", "event_type": "price_change"}}
{"_local_timestamp": "2026-01-25T23:43:06.424702+00:00", "data": {"market": "0x76151c30f23ef5ee963e2f73fa49d5433b4db34839c39383bee4989cb270b639", "price_changes": [{"asset_id": "23504259219851075832272877441883189669703359970946991544021206156288112345254", "price": "0.67", "size": "265", "side": "BUY", "hash": "f936e861b0fa2be105bbea2f086dc3c75b04e943", "best_bid": "0.8", "best_ask": "0.83"}, {"asset_id": "92714767158282519723247724560387828941593726179269759014514785099742463503662", "price": "0.33", "size": "265", "side": "SELL", "hash": "70c4cd00b97c59ba7447598b029cdea3c83f9ef0", "best_bid": "0.17", "best_ask": "0.2"}], "timestamp": "1769384586226", "event_type": "price_change"}}
{"_local_timestamp": "2026-01-25T23:43:06.428612+00:00", "data": {"market": "0x76151c30f23ef5ee963e2f73fa49d5433b4db34839c39383bee4989cb270b639", "price_changes": [{"asset_id": "23504259219851075832272877441883189669703359970946991544021206156288112345254", "price": "0.92", "size": "234", "side": "SELL", "hash": "996c69c5c444b390ac61cc6813aac18c6cca4071", "best_bid": "0.8", "best_ask": "0.83"}, {"asset_id": "92714767158282519723247724560387828941593726179269759014514785099742463503662", "price": "0.08", "size": "234", "side": "BUY", "hash": "0f45600eb4e7c0a6189b86a1b6977a0b1131e4a7", "best_bid": "0.17", "best_ask": "0.2"}], "timestamp": "1769384586228", "event_type": "price_change"}}
{"_local_timestamp": "2026-01-25T23:43:10.128976+00:00", "data": {"market": "0x76151c30f23ef5ee963e2f73fa49d5433b4db34839c39383bee4989cb270b639", "price_changes": [{"asset_id": "92714767158282519723247724560387828941593726179269759014514785099742463503662", "price": "0.07", "size": "0", "side": "BUY", "hash": "6aecf7d99e4e7a97e23bdbe0e1d5c748a963ef91", "best_bid": "0.17", "best_ask": "0.2"}, {"asset_id": "23504259219851075832272877441883189669703359970946991544021206156288112345254", "price": "0.93", "size": "0", "side": "SELL", "hash": "7a20f0e7db5fdf432d43406277c1a44c962f0242", "best_bid": "0.8", "best_ask": "0.83"}], "timestamp": "1769384589956", "event_type": "price_change"}}
{"_local_timestamp": "2026-01-25T23:43:10.144496+00:00", "data": {"market": "0x76151c30f23ef5ee963e2f73fa49d5433b4db34839c39383bee4989cb270b639", "price_changes": [{"asset_id": "23504259219851075832272877441883189669703359970946991544021206156288112345254", "price": "0.92", "size": "0", "side": "SELL", "hash": "f3a8e340f6f0fb69b9a3df3df0f86b4b440942e2", "best_bid": "0.8", "best_ask": "0.83"}, {"asset_id": "92714767158282519723247724560387828941593726179269759014514785099742463503662", "price": "0.08", "size": "0", "side": "BUY", "hash": "1b4189d8a244e655fdcf3b88a484cdf6df312a79", "best_bid": "0.17", "best_ask": "0.2"}], "timestamp": "1769384589982", "event_type": "price_change"}}
{"_local_timestamp": "2026-01-25T23:43:10.145119+00:00", "data": {"market": "0x76151c30f23ef5ee963e2f73fa49d5433b4db34839c39383bee4989cb270b639", "price_changes": [{"asset_id": "23504259219851075832272877441883189669703359970946991544021206156288112345254", "price": "0.67", "size": "200", "side": "BUY", "hash": "f3a8e340f6f0fb69b9a3df3df0f86b4b440942e2", "best_bid": "0.8", "best_ask": "0.83"}, {"asset_id": "92714767158282519723247724560387828941593726179269759014514785099742463503662", "price": "0.33", "size": "200", "side": "SELL", "hash": "1b4189d8a244e655fdcf3b88a484cdf6df312a79", "best_bid": "0.17", "best_ask": "0.2"}], "timestamp": "1769384589982", "event_type": "price_change"}}
{"_local_timestamp": "2026-01-25T23:43:10.716828+00:00", "data": {"market": "0x76151c30f23ef5ee963e2f73fa49d5433b4db34839c39383bee4989cb270b639", "price_changes": [{"asset_id": "92714767158282519723247724560387828941593726179269759014514785099742463503662", "price": "0.05", "size": "100", "side": "BUY", "hash": "cd6fea1ce5c89d727d0f91b1ff16869b6979992b", "best_bid": "0.17", "best_ask": "0.2"}, {"asset_id": "23504259219851075832272877441883189669703359970946991544021206156288112345254", "price": "0.95", "size": "100", "side": "SELL", "hash": "86a304a0bd327d6a5b22946d6d869419d517e7e2", "best_bid": "0.8", "best_ask": "0.83"}], "timestamp": "1769384590634", "event_type": "price_change"}}
{"_local_timestamp": "2026-01-25T23:43:10.730775+00:00", "data": {"market": "0x76151c30f23ef5ee963e2f73fa49d5433b4db34839c39383bee4989cb270b639", "price_changes": [{"asset_id": "23504259219851075832272877441883189669703359970946991544021206156288112345254", "price": "0.67", "size": "265", "side": "BUY", "hash": "a1ea50a180c2604df3b5bc30b3227620c184e8b4", "best_bid": "0.8", "best_ask": "0.83"}, {"asset_id": "92714767158282519723247724560387828941593726179269759014514785099742463503662", "price": "0.33", "size": "265", "side": "SELL", "hash": "61544e7bd73d9dbea26b6514995e9e2de11242f8", "best_bid": "0.17", "best_ask": "0.2"}], "timestamp": "1769384590661", "event_type": "price_change"}}
{"_local_timestamp": "2026-01-25T23:43:10.731521+00:00", "data": {"market": "0x76151c30f23ef5ee963e2f73fa49d5433b4db34839c39383bee4989cb270b639", "price_changes": [{"asset_id": "23504259219851075832272877441883189669703359970946991544021206156288112345254", "price": "0.94", "size": "246.47", "side": "SELL", "hash": "9155c7d96bbbf514103388a3bc683a9ca4d18451", "best_bid": "0.8", "best_ask": "0.83"}, {"asset_id": "92714767158282519723247724560387828941593726179269759014514785099742463503662", "price": "0.06", "size": "246.47", "side": "BUY", "hash": "ae8f74f71af78cd0ba1942cd4018c3516a37969d", "best_bid": "0.17", "best_ask": "0.2"}], "timestamp": "1769384590667", "event_type": "price_change"}}
{"_local_timestamp": "2026-01-25T23:43:10.889750+00:00", "data": {"market": "0x76151c30f23ef5ee963e2f73fa49d5433b4db34839c39383bee4989cb270b639", "price_changes": [{"asset_id": "92714767158282519723247724560387828941593726179269759014514785099742463503662", "price": "0.12", "size": "100", "side": "BUY", "hash": "22d9b096866639088c3a6c8384639e7c423165b6", "best_bid": "0.17", "best_ask": "0.2"}, {"asset_id": "23504259219851075832272877441883189669703359970946991544021206156288112345254", "price": "0.88", "size": "100", "side": "SELL", "hash": "e0a3d3fa4771f273fb18287eda170f5667910ea8", "best_bid": "0.8", "best_ask": "0.83"}], "timestamp": "1769384590825", "event_type": "price_change"}}
{"_local_timestamp": "2026-01-25T23:43:14.325385+00:00", "data": {"market": "0x76151c30f23ef5ee963e2f73fa49d5433b4db34839c39383bee4989cb270b639", "price_changes": [{"asset_id": "92714767158282519723247724560387828941593726179269759014514785099742463503662", "price": "0.05", "size": "0", "side": "BUY", "hash": "e220fd7d7854b0901c559047e04706c5d3b782c3", "best_bid": "0.17", "best_ask": "0.2"}, {"asset_id": "23504259219851075832272877441883189669703359970946991544021206156288112345254", "price": "0.95", "size": "0", "side": "SELL", "hash": "7eaaddd058afe93d6d0f43bb1594d719f1d0dadc", "best_bid": "0.8", "best_ask": "0.83"}], "timestamp": "1769384594244", "event_type": "price_change"}}
{"_local_timestamp": "2026-01-25T23:43:14.975247+00:00", "data": {"market": "0x76151c30f23ef5ee963e2f73fa49d5433b4db34839c39383bee4989cb270b639", "price_changes": [{"asset_id": "92714767158282519723247724560387828941593726179269759014514785099742463503662", "price": "0.07", "size": "100", "side": "BUY", "hash": "973e51b17ec0e4575b0cd97620bfd70a09c75ab2", "best_bid": "0.17", "best_ask": "0.2"}, {"asset_id": "23504259219851075832272877441883189669703359970946991544021206156288112345254", "price": "0.93", "size": "100", "side": "SELL", "hash": "2d42665c1764ef44e43bc4d5382db4cf4889aa2d", "best_bid": "0.8", "best_ask": "0.83"}], "timestamp": "1769384594908", "event_type": "price_change"}}
{"_local_timestamp": "2026-01-25T23:43:15.001013+00:00", "data": {"market": "0x76151c30f23ef5ee963e2f73fa49d5433b4db34839c39383bee4989cb270b639", "price_changes": [{"asset_id": "23504259219851075832272877441883189669703359970946991544021206156288112345254", "price": "0.94", "size": "12.47", "side": "SELL", "hash": "d1d4ce4a9f7db92bc03be5fa051d4c0c7f41a995", "best_bid": "0.8", "best_ask": "0.83"}, {"asset_id": "92714767158282519723247724560387828941593726179269759014514785099742463503662", "price": "0.06", "size": "12.47", "side": "BUY", "hash": "d9bbf115482dbabd442bb80c2d1a3a976adc471c", "best_bid": "0.17", "best_ask": "0.2"}], "timestamp": "1769384594937", "event_type": "price_change"}}
{"_local_timestamp": "2026-01-25T23:43:15.032671+00:00", "data": {"market": "0x76151c30f23ef5ee963e2f73fa49d5433b4db34839c39383bee4989cb270b639", "price_changes": [{"asset_id": "23504259219851075832272877441883189669703359970946991544021206156288112345254", "price": "0.92", "size": "225", "side": "SELL", "hash": "f56d95210c531c6000371dd8c760fa719c7052f2", "best_bid": "0.8", "best_ask": "0.83"}, {"asset_id": "92714767158282519723247724560387828941593726179269759014514785099742463503662", "price": "0.08", "size": "225", "side": "BUY", "hash": "6c018fac7cfa4e6854131c4e175f3df52f79ff37", "best_bid": "0.17", "best_ask": "0.2"}], "timestamp": "1769384594961", "event_type": "price_change"}}
{"_local_timestamp": "2026-01-25T23:43:18.732777+00:00", "data": {"market": "0x76151c30f23ef5ee963e2f73fa49d5433b4db34839c39383bee4989cb270b639", "price_changes": [{"asset_id": "92714767158282519723247724560387828941593726179269759014514785099742463503662", "price": "0.07", "size": "0", "side": "BUY", "hash": "bd5ee435d97d23a4bd90006582fa13f52e6f1040", "best_bid": "0.17", "best_ask": "0.2"}, {"asset_id": "23504259219851075832272877441883189669703359970946991544021206156288112345254", "price": "0.93", "size": "0", "side": "SELL", "hash": "3293128ba805b4c1f303590dd211938009538181", "best_bid": "0.8", "best_ask": "0.83"}], "timestamp": "1769384598666", "event_type": "price_change"}}
{"_local_timestamp": "2026-01-25T23:43:19.460871+00:00", "data": {"market": "0x76151c30f23ef5ee963e2f73fa49d5433b4db34839c39383bee4989cb270b639", "price_changes": [{"asset_id": "92714767158282519723247724560387828941593726179269759014514785099742463503662", "price": "0.05", "size": "100", "side": "BUY", "hash": "11d6e3ffe2ea335eec226e13df2b8c511fa2d37d", "best_bid": "0.17", "best_ask": "0.2"}, {"asset_id": "23504259219851075832272877441883189669703359970946991544021206156288112345254", "price": "0.95", "size": "100", "side": "SELL", "hash": "f56ad22a7d33f41f80ed60ac824bfae22f5045d2", "best_bid": "0.8", "best_ask": "0.83"}], "timestamp": "1769384599392", "event_type": "price_change"}}
{"_local_timestamp": "2026-01-25T23:43:20.867342+00:00", "data": {"market": "0x76151c30f23ef5ee963e2f73fa49d5433b4db34839c39383bee4989cb270b639", "price_changes": [{"asset_id": "23504259219851075832272877441883189669703359970946991544021206156288112345254", "price": "0.08", "size": "0", "side": "BUY", "hash": "f1ec5d3b1ccfdd64f2483fa8f3db982b3c028a74", "best_bid": "0.8", "best_ask": "0.83"}, {"asset_id": "92714767158282519723247724560387828941593726179269759014514785099742463503662", "price": "0.92", "size": "0", "side": "SELL", "hash": "69d637d822f031577cdb26aa41b486d5861df33a", "best_bid": "0.17", "best_ask": "0.2"}], "timestamp": "1769384600794", "event_type": "price_change"}}
{"_local_timestamp": "2026-01-25T23:43:21.180322+00:00", "data": {"market": "0x76151c30f23ef5ee963e2f73fa49d5433b4db34839c39383bee4989cb270b639", "price_changes": [{"asset_id": "23504259219851075832272877441883189669703359970946991544021206156288112345254", "price": "0.08", "size": "5", "side": "BUY", "hash": "b8a6667235797d30543407691fb8280ab7e4dc9c", "best_bid": "0.8", "best_ask": "0.83"}, {"asset_id": "92714767158282519723247724560387828941593726179269759014514785099742463503662", "price": "0.92", "size": "5", "side": "SELL", "hash": "6b1ca84c03a839d69a9805b510c4a86a603415ba", "best_bid": "0.17", "best_ask": "0.2"}], "timestamp": "1769384601114", "event_type": "price_change"}}
{"_local_timestamp": "2026-01-25T23:43:24.516962+00:00", "data": {"market": "0x76151c30f23ef5ee963e2f73fa49d5433b4db34839c39383bee4989cb270b639", "price_changes": [{"asset_id": "92714767158282519723247724560387828941593726179269759014514785099742463503662", "price": "0.06", "size": "0", "side": "BUY", "hash": "09b2fc68914283da54c446b7504d6eee8dc1d1cb", "best_bid": "0.17", "best_ask": "0.2"}, {"asset_id": "23504259219851075832272877441883189669703359970946991544021206156288112345254", "price": "0.94", "size": "0", "side": "SELL", "hash": "cb6c47883ac40d76ab8fb9c041812a6bda8b1d7d", "best_bid": "0.8", "best_ask": "0.83"}], "timestamp": "1769384604451", "event_type": "price_change"}}
{"_local_timestamp": "2026-01-25T23:43:25.710305+00:00", "data": {"market": "0x76151c30f23ef5ee963e2f73fa49d5433b4db34839c39383bee4989cb270b639", "price_changes": [{"asset_id": "92714767158282519723247724560387828941593726179269759014514785099742463503662", "price": "0.06", "size": "12.47", "side": "BUY", "hash": "af0143169f1e271d3b19352cbd48a360f60a7d65", "best_bid": "0.17", "best_ask": "0.2"}, {"asset_id": "23504259219851075832272877441883189669703359970946991544021206156288112345254", "price": "0.94", "size": "12.47", "side": "SELL", "hash": "68c7838a2b3c6b70ed012a8568165477a6e29dfd", "best_bid": "0.8", "best_ask": "0.83"}], "timestamp": "1769384605641", "event_type": "price_change"}}
{"_local_timestamp": "2026-01-25T23:43:25.735527+00:00", "data": {"market": "0x76151c30f23ef5ee963e2f73fa49d5433b4db34839c39383bee4989cb270b639", "price_changes": [{"asset_id": "23504259219851075832272877441883189669703359970946991544021206156288112345254", "price": "0.92", "size": "0", "side": "SELL", "hash": "f85ec5e8046e698207efe09a7098e72e131bd52a", "best_bid": "0.8", "best_ask": "0.83"}, {"asset_id": "92714767158282519723247724560387828941593726179269759014514785099742463503662", "price": "0.08", "size": "0", "side": "BUY", "hash": "bc50910ff249906b633916aaf8887cfcbe99e151", "best_bid": "0.17", "best_ask": "0.2"}], "timestamp": "1769384605667", "event_type": "price_change"}}
{"_local_timestamp": "2026-01-25T23:43:25.757197+00:00", "data": {"market": "0x76151c30f23ef5ee963e2f73fa49d5433b4db34839c39383bee4989cb270b639", "price_changes": [{"asset_id": "23504259219851075832272877441883189669703359970946991544021206156288112345254", "price": "0.94", "size": "237.47", "side": "SELL", "hash": "2b5baf7b0105d6f44e0c718b3d0222045922926a", "best_bid": "0.8", "best_ask": "0.83"}, {"asset_id": "92714767158282519723247724560387828941593726179269759014514785099742463503662", "price": "0.06", "size": "237.47", "side": "BUY", "hash": "a7b6432319cbaeff37eb56a4592e79d35dbab9b6", "best_bid": "0.17", "best_ask": "0.2"}], "timestamp": "1769384605693", "event_type": "price_change"}}
{"_local_timestamp": "2026-01-25T23:43:27.249624+00:00", "data": {"market": "0x76151c30f23ef5ee963e2f73fa49d5433b4db34839c39383bee4989cb270b639", "price_changes": [{"asset_id": "92714767158282519723247724560387828941593726179269759014514785099742463503662", "price": "0.05", "size": "0", "side": "BUY", "hash": "4e9dd5ed99cbbb27c28afc4cc0a36e740a9360e9", "best_bid": "0.17", "best_ask": "0.2"}, {"asset_id": "23504259219851075832272877441883189669703359970946991544021206156288112345254", "price": "0.95", "size": "0", "side": "SELL", "hash": "78b52f64c13a7cc30e416cc909e3438c56431395", "best_bid": "0.8", "best_ask": "0.83"}], "timestamp": "1769384607171", "event_type": "price_change"}}
{"_local_timestamp": "2026-01-25T23:43:27.927616+00:00", "data": {"market": "0x76151c30f23ef5ee963e2f73fa49d5433b4db34839c39383bee4989cb270b639", "price_changes": [{"asset_id": "92714767158282519723247724560387828941593726179269759014514785099742463503662", "price": "0.07", "size": "100", "side": "BUY", "hash": "ff8da16884b19a8f75fc48c540ae3956c593bfdc", "best_bid": "0.17", "best_ask": "0.2"}, {"asset_id": "23504259219851075832272877441883189669703359970946991544021206156288112345254", "price": "0.93", "size": "100", "side": "SELL", "hash": "00ecfc5b3d9c6edf84ec3c16b04e2f9a1f342a2e", "best_bid": "0.8", "best_ask": "0.83"}], "timestamp": "1769384607851", "event_type": "price_change"}}
{"_local_timestamp": "2026-01-25T23:43:27.958505+00:00", "data": {"market": "0x76151c30f23ef5ee963e2f73fa49d5433b4db34839c39383bee4989cb270b639", "price_changes": [{"asset_id": "23504259219851075832272877441883189669703359970946991544021206156288112345254", "price": "0.94", "size": "12.47", "side": "SELL", "hash": "c2c9be998ee83df00658b7dfe340b16793d91f36", "best_bid": "0.8", "best_ask": "0.83"}, {"asset_id": "92714767158282519723247724560387828941593726179269759014514785099742463503662", "price": "0.06", "size": "12.47", "side": "BUY", "hash": "413124ab56d3c6a45f0ae406c6d78d24702a2149", "best_bid": "0.17", "best_ask": "0.2"}], "timestamp": "1769384607888", "event_type": "price_change"}}
{"_local_timestamp": "2026-01-25T23:43:27.982513+00:00", "data": {"market": "0x76151c30f23ef5ee963e2f73fa49d5433b4db34839c39383bee4989cb270b639", "price_changes": [{"asset_id": "23504259219851075832272877441883189669703359970946991544021206156288112345254", "price": "0.92", "size": "225", "side": "SELL", "hash": "e6dac20168748b1c3249d3e9a940cd780928c6a8", "best_bid": "0.8", "best_ask": "0.83"}, {"asset_id": "92714767158282519723247724560387828941593726179269759014514785099742463503662", "price": "0.08", "size": "225", "side": "BUY", "hash": "1318a7fff1214f466458911935a0255f1a434262", "best_bid": "0.17", "best_ask": "0.2"}], "timestamp": "1769384607915", "event_type": "price_change"}}
{"_local_timestamp": "2026-01-25T23:43:31.296453+00:00", "data": {"market": "0x76151c30f23ef5ee963e2f73fa49d5433b4db34839c39383bee4989cb270b639", "price_changes": [{"asset_id": "92714767158282519723247724560387828941593726179269759014514785099742463503662", "price": "0.13", "size": "69", "side": "BUY", "hash": "df9faef1f7c58386cad3dfab039c85bcdd5b8920", "best_bid": "0.17", "best_ask": "0.2"}, {"asset_id": "23504259219851075832272877441883189669703359970946991544021206156288112345254", "price": "0.87", "size": "69", "side": "SELL", "hash": "e11732e13983c9fa410628c6e22e2fe8a9f86fd8", "best_bid": "0.8", "best_ask": "0.83"}], "timestamp": "1769384611222", "event_type": "price_change"}}
{"_local_timestamp": "2026-01-25T23:43:31.319556+00:00", "data": {"market": "0x76151c30f23ef5ee963e2f73fa49d5433b4db34839c39383bee4989cb270b639", "price_changes": [{"asset_id": "23504259219851075832272877441883189669703359970946991544021206156288112345254", "price": "0.92", "size": "0", "side": "SELL", "hash": "ec43e1ea1627821268a8ce7255d0e1e070d819ef", "best_bid": "0.8", "best_ask": "0.83"}, {"asset_id": "92714767158282519723247724560387828941593726179269759014514785099742463503662", "price": "0.08", "size": "0", "side": "BUY", "hash": "432daf9ce8d0a7308e47668b338fe2fdab537c90", "best_bid": "0.17", "best_ask": "0.2"}], "timestamp": "1769384611248", "event_type": "price_change"}}
{"_local_timestamp": "2026-01-25T23:43:31.440092+00:00", "data": {"market": "0x76151c30f23ef5ee963e2f73fa49d5433b4db34839c39383bee4989cb270b639", "price_changes": [{"asset_id": "92714767158282519723247724560387828941593726179269759014514785099742463503662", "price": "0.07", "size": "0", "side": "BUY", "hash": "32d7fbedb11b3cd591ab2f1e8ac834e79c4e40d9", "best_bid": "0.17", "best_ask": "0.2"}, {"asset_id": "23504259219851075832272877441883189669703359970946991544021206156288112345254", "price": "0.93", "size": "0", "side": "SELL", "hash": "19d8f0da6691c649ca4c3c3bc26bc1d8e9d0f813", "best_bid": "0.8", "best_ask": "0.83"}], "timestamp": "1769384611364", "event_type": "price_change"}}
{"_local_timestamp": "2026-01-25T23:43:32.118355+00:00", "data": {"market": "0x76151c30f23ef5ee963e2f73fa49d5433b4db34839c39383bee4989cb270b639", "price_changes": [{"asset_id": "92714767158282519723247724560387828941593726179269759014514785099742463503662", "price": "0.05", "size": "100", "side": "BUY", "hash": "ab42c0e482f903a270c695c6d58eddb730d00de9", "best_bid": "0.17", "best_ask": "0.2"}, {"asset_id": "23504259219851075832272877441883189669703359970946991544021206156288112345254", "price": "0.95", "size": "100", "side": "SELL", "hash": "a18942c604c03c764fefadc03fc60dbc5fa43d51", "best_bid": "0.8", "best_ask": "0.83"}], "timestamp": "1769384612048", "event_type": "price_change"}}
{"_local_timestamp": "2026-01-25T23:43:35.868909+00:00", "data": {"market": "0x76151c30f23ef5ee963e2f73fa49d5433b4db34839c39383bee4989cb270b639", "price_changes": [{"asset_id": "92714767158282519723247724560387828941593726179269759014514785099742463503662", "price": "0.05", "size": "0", "side": "BUY", "hash": "dc7e7594a8e533de4bccecfdbb1c86ac31b9fdff", "best_bid": "0.17", "best_ask": "0.2"}, {"asset_id": "23504259219851075832272877441883189669703359970946991544021206156288112345254", "price": "0.95", "size": "0", "side": "SELL", "hash": "a822175cdb099172b79240c0bffe0ccfed1253bf", "best_bid": "0.8", "best_ask": "0.83"}], "timestamp": "1769384615793", "event_type": "price_change"}}
{"_local_timestamp": "2026-01-25T23:43:36.462330+00:00", "data": {"market": "0x76151c30f23ef5ee963e2f73fa49d5433b4db34839c39383bee4989cb270b639", "price_changes": [{"asset_id": "92714767158282519723247724560387828941593726179269759014514785099742463503662", "price": "0.14", "size": "100", "side": "BUY", "hash": "766578956e246eeff80d6ee8253f1eee84772536", "best_bid": "0.17", "best_ask": "0.2"}, {"asset_id": "23504259219851075832272877441883189669703359970946991544021206156288112345254", "price": "0.86", "size": "100", "side": "SELL", "hash": "16ef8ce8bb6bbafad5f19c93a1145d3caa21fa1f", "best_bid": "0.8", "best_ask": "0.83"}], "timestamp": "1769384616395", "event_type": "price_change"}}
{"_local_timestamp": "2026-01-25T23:43:42.995760+00:00", "data": {"market": "0x76151c30f23ef5ee963e2f73fa49d5433b4db34839c39383bee4989cb270b639", "price_changes": [{"asset_id": "92714767158282519723247724560387828941593726179269759014514785099742463503662", "price": "0.14", "size": "200", "side": "BUY", "hash": "257d6f01969567c768d3aa6697868cd0f10e7c9e", "best_bid": "0.17", "best_ask": "0.2"}, {"asset_id": "23504259219851075832272877441883189669703359970946991544021206156288112345254", "price": "0.86", "size": "200", "side": "SELL", "hash": "2b1192c731b0b734efd5f08ef7d0340589ba247f", "best_bid": "0.8", "best_ask": "0.83"}], "timestamp": "1769384622894", "event_type": "price_change"}}
{"_local_timestamp": "2026-01-25T23:43:44.220545+00:00", "data": {"market": "0x76151c30f23ef5ee963e2f73fa49d5433b4db34839c39383bee4989cb270b639", "price_changes": [{"asset_id": "92714767158282519723247724560387828941593726179269759014514785099742463503662", "price": "0.14", "size": "100", "side": "BUY", "hash": "261a1a3f6639b1c5066a56a56a627d538bfc36e6", "best_bid": "0.17", "best_ask": "0.2"}, {"asset_id": "23504259219851075832272877441883189669703359970946991544021206156288112345254", "price": "0.86", "size": "100", "side": "SELL", "hash": "958e6a4c6a9aa2ce0114fdb3034f9131dca03eae", "best_bid": "0.8", "best_ask": "0.83"}], "timestamp": "1769384624102", "event_type": "price_change"}}
{"_local_timestamp": "2026-01-25T23:43:44.726741+00:00", "data": {"market": "0x76151c30f23ef5ee963e2f73fa49d5433b4db34839c39383bee4989cb270b639", "price_changes": [{"asset_id": "92714767158282519723247724560387828941593726179269759014514785099742463503662", "price": "0.15", "size": "105.56", "side": "BUY", "hash": "649851b266817ba6205e5d865ddc0f96baae771c", "best_bid": "0.17", "best_ask": "0.2"}, {"asset_id": "23504259219851075832272877441883189669703359970946991544021206156288112345254", "price": "0.85", "size": "105.56", "side": "SELL", "hash": "3758ee1ddb7d155c456a762f806fa62b34f8d7aa", "best_bid": "0.8", "best_ask": "0.83"}], "timestamp": "1769384624654", "event_type": "price_change"}}
{"_local_timestamp": "2026-01-25T23:44:07.409375+00:00", "data": {"market": "0x76151c30f23ef5ee963e2f73fa49d5433b4db34839c39383bee4989cb270b639", "price_changes": [{"asset_id": "23504259219851075832272877441883189669703359970946991544021206156288112345254", "price": "0.08", "size": "0", "side": "BUY", "hash": "11b86cdedc1cfa9145b5d52b0ae6721ad4652981", "best_bid": "0.8", "best_ask": "0.83"}, {"asset_id": "92714767158282519723247724560387828941593726179269759014514785099742463503662", "price": "0.92", "size": "0", "side": "SELL", "hash": "123159645ea66cccc2edbb502ab5a69f219c1bf7", "best_bid": "0.17", "best_ask": "0.2"}], "timestamp": "1769384647345", "event_type": "price_change"}}
{"_local_timestamp": "2026-01-25T23:44:07.861999+00:00", "data": {"market": "0x76151c30f23ef5ee963e2f73fa49d5433b4db34839c39383bee4989cb270b639", "price_changes": [{"asset_id": "23504259219851075832272877441883189669703359970946991544021206156288112345254", "price": "0.08", "size": "5", "side": "BUY", "hash": "cb8ac0988fbcc7fbfc65173b19c946c414a047ed", "best_bid": "0.8", "best_ask": "0.83"}, {"asset_id": "92714767158282519723247724560387828941593726179269759014514785099742463503662", "price": "0.92", "size": "5", "side": "SELL", "hash": "af1ff4f1482b71fa4d4ccf51e1d96c859e2ed4c9", "best_bid": "0.17", "best_ask": "0.2"}], "timestamp": "1769384647783", "event_type": "price_change"}}
{"_local_timestamp": "2026-01-25T23:44:51.659446+00:00", "data": {"market": "0x76151c30f23ef5ee963e2f73fa49d5433b4db34839c39383bee4989cb270b639", "price_changes": [{"asset_id": "23504259219851075832272877441883189669703359970946991544021206156288112345254", "price": "0.08", "size": "0", "side": "BUY", "hash": "930201df44094a1b06f6c8d49b1eb6f35072bd68", "best_bid": "0.8", "best_ask": "0.83"}, {"asset_id": "92714767158282519723247724560387828941593726179269759014514785099742463503662", "price": "0.92", "size": "0", "side": "SELL", "hash": "4211a34beeb661b335153ee4bc909e160253b9da", "best_bid": "0.17", "best_ask": "0.2"}], "timestamp": "1769384691593", "event_type": "price_change"}}
{"_local_timestamp": "2026-01-25T23:44:51.959300+00:00", "data": {"market": "0x76151c30f23ef5ee963e2f73fa49d5433b4db34839c39383bee4989cb270b639", "price_changes": [{"asset_id": "23504259219851075832272877441883189669703359970946991544021206156288112345254", "price": "0.08", "size": "5", "side": "BUY", "hash": "b1f502afcaf27de094f61ff527a6afcd1530ac8d", "best_bid": "0.8", "best_ask": "0.83"}, {"asset_id": "92714767158282519723247724560387828941593726179269759014514785099742463503662", "price": "0.92", "size": "5", "side": "SELL", "hash": "9706e3546bc65fd01ed2186ab83b52e0dd6fbcdb", "best_bid": "0.17", "best_ask": "0.2"}], "timestamp": "1769384691891", "event_type": "price_change"}}
{"_local_timestamp": "2026-01-25T23:45:06.234353+00:00", "data": {"market": "0x76151c30f23ef5ee963e2f73fa49d5433b4db34839c39383bee4989cb270b639", "price_changes": [{"asset_id": "92714767158282519723247724560387828941593726179269759014514785099742463503662", "price": "0.06", "size": "0", "side": "BUY", "hash": "97abc4e679294bd6a275047e16a8feb18712c173", "best_bid": "0.17", "best_ask": "0.2"}, {"asset_id": "23504259219851075832272877441883189669703359970946991544021206156288112345254", "price": "0.94", "size": "0", "side": "SELL", "hash": "0bb46f3d78ff23e466df8ccebac2e0afd576c76b", "best_bid": "0.8", "best_ask": "0.83"}], "timestamp": "1769384706163", "event_type": "price_change"}}
{"_local_timestamp": "2026-01-25T23:45:06.615881+00:00", "data": {"market": "0x76151c30f23ef5ee963e2f73fa49d5433b4db34839c39383bee4989cb270b639", "price_changes": [{"asset_id": "92714767158282519723247724560387828941593726179269759014514785099742463503662", "price": "0.07", "size": "9.53", "side": "BUY", "hash": "3bbf324bded8facb1aebdd5e6a6619e5e74127a9", "best_bid": "0.17", "best_ask": "0.2"}, {"asset_id": "23504259219851075832272877441883189669703359970946991544021206156288112345254", "price": "0.93", "size": "9.53", "side": "SELL", "hash": "72bf9c3f218998bbeaed265f48abf3a2ccb2df47", "best_bid": "0.8", "best_ask": "0.83"}], "timestamp": "1769384706543", "event_type": "price_change"}}
{"_local_timestamp": "2026-01-25T23:45:06.616746+00:00", "data": {"market": "0x76151c30f23ef5ee963e2f73fa49d5433b4db34839c39383bee4989cb270b639", "price_changes": [{"asset_id": "92714767158282519723247724560387828941593726179269759014514785099742463503662", "price": "0.01", "size": "25.29", "side": "BUY", "hash": "c28d58731279215fddb31c9718f4b4e1193404b6", "best_bid": "0.17", "best_ask": "0.2"}, {"asset_id": "23504259219851075832272877441883189669703359970946991544021206156288112345254", "price": "0.99", "size": "25.29", "side": "SELL", "hash": "ef4528f8a8f9a88206435e2e5720c3690aaee836", "best_bid": "0.8", "best_ask": "0.83"}], "timestamp": "1769384706545", "event_type": "price_change"}}
{"_local_timestamp": "2026-01-25T23:45:45.791601+00:00", "data": {"market": "0x76151c30f23ef5ee963e2f73fa49d5433b4db34839c39383bee4989cb270b639", "price_changes": [{"asset_id": "23504259219851075832272877441883189669703359970946991544021206156288112345254", "price": "0.08", "size": "0", "side": "BUY", "hash": "13662ef98b0790bb6cae8c396c313b7f64f08f1e", "best_bid": "0.8", "best_ask": "0.83"}, {"asset_id": "92714767158282519723247724560387828941593726179269759014514785099742463503662", "price": "0.92", "size": "0", "side": "SELL", "hash": "c73a032f5f3e8b1d432f372821ad3cb547667d02", "best_bid": "0.17", "best_ask": "0.2"}], "timestamp": "1769384745713", "event_type": "price_change"}}
{"_local_timestamp": "2026-01-25T23:45:46.001988+00:00", "data": {"market": "0x76151c30f23ef5ee963e2f73fa49d5433b4db34839c39383bee4989cb270b639", "price_changes": [{"asset_id": "23504259219851075832272877441883189669703359970946991544021206156288112345254", "price": "0.08", "size": "5", "side": "BUY", "hash": "56508b6007003783690d8871751ebc0520f1c2a4", "best_bid": "0.8", "best_ask": "0.83"}, {"asset_id": "92714767158282519723247724560387828941593726179269759014514785099742463503662", "price": "0.92", "size": "5", "side": "SELL", "hash": "aa59a2350d0b2934cdf8b5011eb70e8e39eee705", "best_bid": "0.17", "best_ask": "0.2"}], "timestamp": "1769384745936", "event_type": "price_change"}}
{"_local_timestamp": "2026-01-25T23:46:28.815950+00:00", "data": {"market": "0x76151c30f23ef5ee963e2f73fa49d5433b4db34839c39383bee4989cb270b639", "price_changes": [{"asset_id": "92714767158282519723247724560387828941593726179269759014514785099742463503662", "price": "0.13", "size": "0", "side": "BUY", "hash": "45cb54f4780d269e782d2d18b89e13bb387792d2", "best_bid": "0.17", "best_ask": "0.2"}, {"asset_id": "23504259219851075832272877441883189669703359970946991544021206156288112345254", "price": "0.87", "size": "0", "side": "SELL", "hash": "31a437735a169bb6ba506ab5d430e92a231b43a7", "best_bid": "0.8", "best_ask": "0.83"}], "timestamp": "1769384788737", "event_type": "price_change"}}
{"_local_timestamp": "2026-01-25T23:46:40.351521+00:00", "data": {"market": "0x76151c30f23ef5ee963e2f73fa49d5433b4db34839c39383bee4989cb270b639", "price_changes": [{"asset_id": "23504259219851075832272877441883189669703359970946991544021206156288112345254", "price": "0.08", "size": "0", "side": "BUY", "hash": "bf4454be580e4b07376ef29167a0a4bdf0a93e84", "best_bid": "0.8", "best_ask": "0.83"}, {"asset_id": "92714767158282519723247724560387828941593726179269759014514785099742463503662", "price": "0.92", "size": "0", "side": "SELL", "hash": "3f33f241070070e2dd15661760e1a722aaf61267", "best_bid": "0.17", "best_ask": "0.2"}], "timestamp": "1769384800085", "event_type": "price_change"}}
{"_local_timestamp": "2026-01-25T23:46:40.746525+00:00", "data": {"market": "0x76151c30f23ef5ee963e2f73fa49d5433b4db34839c39383bee4989cb270b639", "price_changes": [{"asset_id": "23504259219851075832272877441883189669703359970946991544021206156288112345254", "price": "0.08", "size": "5", "side": "BUY", "hash": "65589ee9245ca10ba5fc8390079f6c84fd837ab4", "best_bid": "0.8", "best_ask": "0.83"}, {"asset_id": "92714767158282519723247724560387828941593726179269759014514785099742463503662", "price": "0.92", "size": "5", "side": "SELL", "hash": "7c10429489500bfe107e527625836c22fbbf39c5", "best_bid": "0.17", "best_ask": "0.2"}], "timestamp": "1769384800461", "event_type": "price_change"}}
{"_local_timestamp": "2026-01-25T23:47:01.213822+00:00", "data": {"market": "0x76151c30f23ef5ee963e2f73fa49d5433b4db34839c39383bee4989cb270b639", "price_changes": [{"asset_id": "92714767158282519723247724560387828941593726179269759014514785099742463503662", "price": "0.01", "size": "17.16", "side": "BUY", "hash": "65030207fc4427b3c36d35c22aa74a0cc74eca42", "best_bid": "0.17", "best_ask": "0.2"}, {"asset_id": "23504259219851075832272877441883189669703359970946991544021206156288112345254", "price": "0.99", "size": "17.16", "side": "SELL", "hash": "c451d7d830ac170e95b68226ed61b274ca532caa", "best_bid": "0.8", "best_ask": "0.83"}], "timestamp": "1769384821077", "event_type": "price_change"}}
{"_local_timestamp": "2026-01-25T23:47:01.214801+00:00", "data": {"market": "0x76151c30f23ef5ee963e2f73fa49d5433b4db34839c39383bee4989cb270b639", "price_changes": [{"asset_id": "92714767158282519723247724560387828941593726179269759014514785099742463503662", "price": "0.02", "size": "0", "side": "BUY", "hash": "65030207fc4427b3c36d35c22aa74a0cc74eca42", "best_bid": "0.17", "best_ask": "0.2"}, {"asset_id": "23504259219851075832272877441883189669703359970946991544021206156288112345254", "price": "0.98", "size": "0", "side": "SELL", "hash": "c451d7d830ac170e95b68226ed61b274ca532caa", "best_bid": "0.8", "best_ask": "0.83"}], "timestamp": "1769384821077", "event_type": "price_change"}}
{"_local_timestamp": "2026-01-25T23:47:01.218395+00:00", "data": {"market": "0x76151c30f23ef5ee963e2f73fa49d5433b4db34839c39383bee4989cb270b639", "price_changes": [{"asset_id": "92714767158282519723247724560387828941593726179269759014514785099742463503662", "price": "0.07", "size": "0", "side": "BUY", "hash": "65030207fc4427b3c36d35c22aa74a0cc74eca42", "best_bid": "0.17", "best_ask": "0.2"}, {"asset_id": "23504259219851075832272877441883189669703359970946991544021206156288112345254", "price": "0.93", "size": "0", "side": "SELL", "hash": "c451d7d830ac170e95b68226ed61b274ca532caa", "best_bid": "0.8", "best_ask": "0.83"}], "timestamp": "1769384821077", "event_type": "price_change"}}
{"_local_timestamp": "2026-01-25T23:47:01.728005+00:00", "data": {"market": "0x76151c30f23ef5ee963e2f73fa49d5433b4db34839c39383bee4989cb270b639", "price_changes": [{"asset_id": "92714767158282519723247724560387828941593726179269759014514785099742463503662", "price": "0.05", "size": "15.35", "side": "BUY", "hash": "3a05e7e04cff948cd313f9a2ab4160e0f79b7048", "best_bid": "0.17", "best_ask": "0.2"}, {"asset_id": "23504259219851075832272877441883189669703359970946991544021206156288112345254", "price": "0.95", "size": "15.35", "side": "SELL", "hash": "1d7e4798d4837a4632eb44a7c360985eca7b5f7b", "best_bid": "0.8", "best_ask": "0.83"}], "timestamp": "1769384821583", "event_type": "price_change"}}
{"_local_timestamp": "2026-01-25T23:47:01.728778+00:00", "data": {"market": "0x76151c30f23ef5ee963e2f73fa49d5433b4db34839c39383bee4989cb270b639", "price_changes": [{"asset_id": "92714767158282519723247724560387828941593726179269759014514785099742463503662", "price": "0.02", "size": "5.89", "side": "BUY", "hash": "7e01ad6a723024f2bdd2cac3447d39613d79a48b", "best_bid": "0.17", "best_ask": "0.2"}, {"asset_id": "23504259219851075832272877441883189669703359970946991544021206156288112345254", "price": "0.98", "size": "5.89", "side": "SELL", "hash": "004c7997caf5c5aec085767b0c2f0d7e138c27c6", "best_bid": "0.8", "best_ask": "0.83"}], "timestamp": "1769384821584", "event_type": "price_change"}}
{"_local_timestamp": "2026-01-25T23:47:41.126993+00:00", "data": {"market": "0x76151c30f23ef5ee963e2f73fa49d5433b4db34839c39383bee4989cb270b639", "price_changes": [{"asset_id": "23504259219851075832272877441883189669703359970946991544021206156288112345254", "price": "0.08", "size": "0", "side": "BUY", "hash": "4c9183c6290f0a2e8911a223cec692e4373dff41", "best_bid": "0.8", "best_ask": "0.83"}, {"asset_id": "92714767158282519723247724560387828941593726179269759014514785099742463503662", "price": "0.92", "size": "0", "side": "SELL", "hash": "3d484f4a2ca27025d090468e6a77dcfb0b2bf6d1", "best_bid": "0.17", "best_ask": "0.2"}], "timestamp": "1769384860889", "event_type": "price_change"}}
{"_local_timestamp": "2026-01-25T23:47:41.366418+00:00", "data": {"market": "0x76151c30f23ef5ee963e2f73fa49d5433b4db34839c39383bee4989cb270b639", "price_changes": [{"asset_id": "23504259219851075832272877441883189669703359970946991544021206156288112345254", "price": "0.08", "size": "5", "side": "BUY", "hash": "ffa3a3b9042192ae007b7f8bb857c7231aac3996", "best_bid": "0.8", "best_ask": "0.83"}, {"asset_id": "92714767158282519723247724560387828941593726179269759014514785099742463503662", "price": "0.92", "size": "5", "side": "SELL", "hash": "4609fd616fded30d76c42393f1538f802af00ee9", "best_bid": "0.17", "best_ask": "0.2"}], "timestamp": "1769384861116", "event_type": "price_change"}}
{"_local_timestamp": "2026-01-25T23:48:21.153415+00:00", "data": {"market": "0x76151c30f23ef5ee963e2f73fa49d5433b4db34839c39383bee4989cb270b639", "price_changes": [{"asset_id": "23504259219851075832272877441883189669703359970946991544021206156288112345254", "price": "0.08", "size": "0", "side": "BUY", "hash": "038449021061a4abaa77c0d7d9bf21c0522c807e", "best_bid": "0.8", "best_ask": "0.83"}, {"asset_id": "92714767158282519723247724560387828941593726179269759014514785099742463503662", "price": "0.92", "size": "0", "side": "SELL", "hash": "ebc1209a376ea2a8228ae78bb4ffda6e262977fd", "best_bid": "0.17", "best_ask": "0.2"}], "timestamp": "1769384901043", "event_type": "price_change"}}
{"_local_timestamp": "2026-01-25T23:48:21.506819+00:00", "data": {"market": "0x76151c30f23ef5ee963e2f73fa49d5433b4db34839c39383bee4989cb270b639", "price_changes": [{"asset_id": "23504259219851075832272877441883189669703359970946991544021206156288112345254", "price": "0.08", "size": "5", "side": "BUY", "hash": "16bed7b19cbfec12cd51f3678a53263cff90782d", "best_bid": "0.8", "best_ask": "0.83"}, {"asset_id": "92714767158282519723247724560387828941593726179269759014514785099742463503662", "price": "0.92", "size": "5", "side": "SELL", "hash": "460e22f472829c8be5d10c44ec3303d60f211d97", "best_bid": "0.17", "best_ask": "0.2"}], "timestamp": "1769384901441", "event_type": "price_change"}}
{"_local_timestamp": "2026-01-25T23:48:33.648318+00:00", "data": {"market": "0x76151c30f23ef5ee963e2f73fa49d5433b4db34839c39383bee4989cb270b639", "price_changes": [{"asset_id": "92714767158282519723247724560387828941593726179269759014514785099742463503662", "price": "0.05", "size": "0", "side": "BUY", "hash": "eb5948745aea1f710627fed4e857929deae210b5", "best_bid": "0.17", "best_ask": "0.2"}, {"asset_id": "23504259219851075832272877441883189669703359970946991544021206156288112345254", "price": "0.95", "size": "0", "side": "SELL", "hash": "f941e37c6055dca1f33640ce5ae57c743a61e986", "best_bid": "0.8", "best_ask": "0.83"}], "timestamp": "1769384913570", "event_type": "price_change"}}
{"_local_timestamp": "2026-01-25T23:48:33.961435+00:00", "data": {"market": "0x76151c30f23ef5ee963e2f73fa49d5433b4db34839c39383bee4989cb270b639", "price_changes": [{"asset_id": "92714767158282519723247724560387828941593726179269759014514785099742463503662", "price": "0.05", "size": "15.35", "side": "BUY", "hash": "dbec208c293ee16a61ba8ec09cf4980b89628400", "best_bid": "0.17", "best_ask": "0.2"}, {"asset_id": "23504259219851075832272877441883189669703359970946991544021206156288112345254", "price": "0.95", "size": "15.35", "side": "SELL", "hash": "3266ad4761238950da811b51dc123f9b509893f5", "best_bid": "0.8", "best_ask": "0.83"}], "timestamp": "1769384913887", "event_type": "price_change"}}
{"_local_timestamp": "2026-01-25T23:48:49.501505+00:00", "data": {"market": "0x76151c30f23ef5ee963e2f73fa49d5433b4db34839c39383bee4989cb270b639", "price_changes": [{"asset_id": "23504259219851075832272877441883189669703359970946991544021206156288112345254", "price": "0.08", "size": "0", "side": "BUY", "hash": "8cbfaa4e0a18bd2819946883ee5ba8f86f1176eb", "best_bid": "0.8", "best_ask": "0.83"}, {"asset_id": "92714767158282519723247724560387828941593726179269759014514785099742463503662", "price": "0.92", "size": "0", "side": "SELL", "hash": "5bd5e3f6c619db9721c6004abf2fceb2ed384afa", "best_bid": "0.17", "best_ask": "0.2"}], "timestamp": "1769384929432", "event_type": "price_change"}}
{"_local_timestamp": "2026-01-25T23:48:49.951502+00:00", "data": {"market": "0x76151c30f23ef5ee963e2f73fa49d5433b4db34839c39383bee4989cb270b639", "price_changes": [{"asset_id": "23504259219851075832272877441883189669703359970946991544021206156288112345254", "price": "0.08", "size": "5", "side": "BUY", "hash": "193d4649a43e920baead866e4c34b88c3724cf00", "best_bid": "0.8", "best_ask": "0.83"}, {"asset_id": "92714767158282519723247724560387828941593726179269759014514785099742463503662", "price": "0.92", "size": "5", "side": "SELL", "hash": "e37d2d79348ed566e60a15ec10ac426656543aeb", "best_bid": "0.17", "best_ask": "0.2"}], "timestamp": "1769384929887", "event_type": "price_change"}}
{"_local_timestamp": "2026-01-25T23:48:51.206167+00:00", "data": {"market": "0x76151c30f23ef5ee963e2f73fa49d5433b4db34839c39383bee4989cb270b639", "price_changes": [{"asset_id": "23504259219851075832272877441883189669703359970946991544021206156288112345254", "price": "0.08", "size": "0", "side": "BUY", "hash": "748bffbf7bcb2664bdf4e59a8f9778629af60ca8", "best_bid": "0.8", "best_ask": "0.83"}, {"asset_id": "92714767158282519723247724560387828941593726179269759014514785099742463503662", "price": "0.92", "size": "0", "side": "SELL", "hash": "ed4267ca54597a765e3e59737c8533a01b667d98", "best_bid": "0.17", "best_ask": "0.2"}], "timestamp": "1769384931136", "event_type": "price_change"}}
{"_local_timestamp": "2026-01-25T23:48:51.603961+00:00", "data": {"market": "0x76151c30f23ef5ee963e2f73fa49d5433b4db34839c39383bee4989cb270b639", "price_changes": [{"asset_id": "23504259219851075832272877441883189669703359970946991544021206156288112345254", "price": "0.08", "size": "5", "side": "BUY", "hash": "93d07195519d99c5f75ac1964763d81e8f4556e8", "best_bid": "0.8", "best_ask": "0.83"}, {"asset_id": "92714767158282519723247724560387828941593726179269759014514785099742463503662", "price": "0.92", "size": "5", "side": "SELL", "hash": "cd843d08b8ae60a08e9e0ac5d382c3d315e3f57d", "best_bid": "0.17", "best_ask": "0.2"}], "timestamp": "1769384931535", "event_type": "price_change"}}
{"_local_timestamp": "2026-01-25T23:49:20.700674+00:00", "data": {"market": "0x76151c30f23ef5ee963e2f73fa49d5433b4db34839c39383bee4989cb270b639", "price_changes": [{"asset_id": "23504259219851075832272877441883189669703359970946991544021206156288112345254", "price": "0.3", "size": "0", "side": "BUY", "hash": "4646b0f3486431e63e844e5c1fb709c347d7bf4a", "best_bid": "0.8", "best_ask": "0.83"}, {"asset_id": "92714767158282519723247724560387828941593726179269759014514785099742463503662", "price": "0.7", "size": "0", "side": "SELL", "hash": "8147a5dec226ee3467dcaa31855c6ab42a6d7e71", "best_bid": "0.17", "best_ask": "0.2"}], "timestamp": "1769384960631", "event_type": "price_change"}}
{"_local_timestamp": "2026-01-25T23:49:20.870643+00:00", "data": {"market": "0x76151c30f23ef5ee963e2f73fa49d5433b4db34839c39383bee4989cb270b639", "price_changes": [{"asset_id": "23504259219851075832272877441883189669703359970946991544021206156288112345254", "price": "0.32", "size": "3485", "side": "BUY", "hash": "c2cd91bb75911f7d0fbc75cf53375d5f9465b66c", "best_bid": "0.8", "best_ask": "0.83"}, {"asset_id": "92714767158282519723247724560387828941593726179269759014514785099742463503662", "price": "0.68", "size": "3485", "side": "SELL", "hash": "70295d47c2d99f7778a28206ceae4dbbb730021d", "best_bid": "0.17", "best_ask": "0.2"}], "timestamp": "1769384960802", "event_type": "price_change"}}
{"_local_timestamp": "2026-01-25T23:49:23.377838+00:00", "data": {"market": "0x76151c30f23ef5ee963e2f73fa49d5433b4db34839c39383bee4989cb270b639", "price_changes": [{"asset_id": "23504259219851075832272877441883189669703359970946991544021206156288112345254", "price": "0.08", "size": "0", "side": "BUY", "hash": "c34a641e6244cfcbea27f581de6bf3217e0038e0", "best_bid": "0.8", "best_ask": "0.83"}, {"asset_id": "92714767158282519723247724560387828941593726179269759014514785099742463503662", "price": "0.92", "size": "0", "side": "SELL", "hash": "91cf368b5f82e7b172bddbecde1679efb9ac2b55", "best_bid": "0.17", "best_ask": "0.2"}], "timestamp": "1769384963311", "event_type": "price_change"}}
{"_local_timestamp": "2026-01-25T23:49:23.906200+00:00", "data": {"market": "0x76151c30f23ef5ee963e2f73fa49d5433b4db34839c39383bee4989cb270b639", "price_changes": [{"asset_id": "23504259219851075832272877441883189669703359970946991544021206156288112345254", "price": "0.08", "size": "5", "side": "BUY", "hash": "1001c473d372eb8f2d7b9f8030580a5d68d75a8c", "best_bid": "0.8", "best_ask": "0.83"}, {"asset_id": "92714767158282519723247724560387828941593726179269759014514785099742463503662", "price": "0.92", "size": "5", "side": "SELL", "hash": "df9ed60a6d30250571dfab15dc4bd8e3ec04077d", "best_bid": "0.17", "best_ask": "0.2"}], "timestamp": "1769384963837", "event_type": "price_change"}}
{"_local_timestamp": "2026-01-25T23:49:54.581928+00:00", "data": {"market": "0x76151c30f23ef5ee963e2f73fa49d5433b4db34839c39383bee4989cb270b639", "price_changes": [{"asset_id": "23504259219851075832272877441883189669703359970946991544021206156288112345254", "price": "0.08", "size": "0", "side": "BUY", "hash": "a9bd156dd39f919d321cf826e286cdec4c305615", "best_bid": "0.8", "best_ask": "0.83"}, {"asset_id": "92714767158282519723247724560387828941593726179269759014514785099742463503662", "price": "0.92", "size": "0", "side": "SELL", "hash": "48ccd7ebf605d9e741fa01be4bdf253e45396bce", "best_bid": "0.17", "best_ask": "0.2"}], "timestamp": "1769384994494", "event_type": "price_change"}}
{"_local_timestamp": "2026-01-25T23:49:54.886940+00:00", "data": {"market": "0x76151c30f23ef5ee963e2f73fa49d5433b4db34839c39383bee4989cb270b639", "price_changes": [{"asset_id": "23504259219851075832272877441883189669703359970946991544021206156288112345254", "price": "0.08", "size": "5", "side": "BUY", "hash": "f7dca71ad6a4845cb784c2c5e65c222a217f60d8", "best_bid": "0.8", "best_ask": "0.83"}, {"asset_id": "92714767158282519723247724560387828941593726179269759014514785099742463503662", "price": "0.92", "size": "5", "side": "SELL", "hash": "b333395c5211d3103f2cd0407c35b7b787cd4648", "best_bid": "0.17", "best_ask": "0.2"}], "timestamp": "1769384994813", "event_type": "price_change"}}
{"_local_timestamp": "2026-01-25T23:50:02.229957+00:00", "data": {"market": "0x76151c30f23ef5ee963e2f73fa49d5433b4db34839c39383bee4989cb270b639", "price_changes": [{"asset_id": "92714767158282519723247724560387828941593726179269759014514785099742463503662", "price": "0.05", "size": "0", "side": "BUY", "hash": "5c8fd34e02649736d417ecac98555be9382ef690", "best_bid": "0.17", "best_ask": "0.2"}, {"asset_id": "23504259219851075832272877441883189669703359970946991544021206156288112345254", "price": "0.95", "size": "0", "side": "SELL", "hash": "da51f842c9b3bbb8d295e2598d3409cfc12a27d4", "best_bid": "0.8", "best_ask": "0.83"}], "timestamp": "1769385002155", "event_type": "price_change"}}
{"_local_timestamp": "2026-01-25T23:50:02.581559+00:00", "data": {"market": "0x76151c30f23ef5ee963e2f73fa49d5433b4db34839c39383bee4989cb270b639", "price_changes": [{"asset_id": "23504259219851075832272877441883189669703359970946991544021206156288112345254", "price": "0.15", "size": "300", "side": "BUY", "hash": "825dedcba5d83b25b6647dc6b79bd69a46fc3bf8", "best_bid": "0.8", "best_ask": "0.83"}, {"asset_id": "92714767158282519723247724560387828941593726179269759014514785099742463503662", "price": "0.85", "size": "300", "side": "SELL", "hash": "55fdd8d9b42b2138bef54287d79abc1dd9ab3da0", "best_bid": "0.17", "best_ask": "0.2"}], "timestamp": "1769385002278", "event_type": "price_change"}}
{"_local_timestamp": "2026-01-25T23:50:03.077063+00:00", "data": {"market": "0x76151c30f23ef5ee963e2f73fa49d5433b4db34839c39383bee4989cb270b639", "price_changes": [{"asset_id": "92714767158282519723247724560387828941593726179269759014514785099742463503662", "price": "0.05", "size": "15.35", "side": "BUY", "hash": "49997d08b77d6857b2c7db53dc510bd7dbdbbeaa", "best_bid": "0.17", "best_ask": "0.2"}, {"asset_id": "23504259219851075832272877441883189669703359970946991544021206156288112345254", "price": "0.95", "size": "15.35", "side": "SELL", "hash": "cd660dbce1690eed764dcd39e1087b7c44ed9a41", "best_bid": "0.8", "best_ask": "0.83"}], "timestamp": "1769385002531", "event_type": "price_change"}}
{"_local_timestamp": "2026-01-25T23:50:27.749362+00:00", "data": {"market": "0x76151c30f23ef5ee963e2f73fa49d5433b4db34839c39383bee4989cb270b639", "price_changes": [{"asset_id": "23504259219851075832272877441883189669703359970946991544021206156288112345254", "price": "0.08", "size": "0", "side": "BUY", "hash": "dc831419cec0b53e8fa15892677e88efd92f6989", "best_bid": "0.8", "best_ask": "0.83"}, {"asset_id": "92714767158282519723247724560387828941593726179269759014514785099742463503662", "price": "0.92", "size": "0", "side": "SELL", "hash": "965acd97f592fcdf89e07218fd68b29b4a4198c7", "best_bid": "0.17", "best_ask": "0.2"}], "timestamp": "1769385027674", "event_type": "price_change"}}
{"_local_timestamp": "2026-01-25T23:50:28.319217+00:00", "data": {"market": "0x76151c30f23ef5ee963e2f73fa49d5433b4db34839c39383bee4989cb270b639", "price_changes": [{"asset_id": "23504259219851075832272877441883189669703359970946991544021206156288112345254", "price": "0.08", "size": "5", "side": "BUY", "hash": "42e39f20b8c8b9c8978e058a4fa211546a550434", "best_bid": "0.8", "best_ask": "0.83"}, {"asset_id": "92714767158282519723247724560387828941593726179269759014514785099742463503662", "price": "0.92", "size": "5", "side": "SELL", "hash": "a4b424581fe7c21cd277a1c50f2b3e7d4cfc21bb", "best_bid": "0.17", "best_ask": "0.2"}], "timestamp": "1769385028243", "event_type": "price_change"}}
