{"_local_timestamp": "2026-01-25T23:40:30.367521+00:00", "data": [{"market": "0x2821de9fbe90c422cb220dad69fe44dfdea8fdf8fb779e562b44be6db8c1daff", "asset_id": "39890597962674457250845749449459665270751867381015505470046259265145192761452", "timestamp": "1769384421658", "hash": "6312bbea1f94e7f6c00379c50b8ad06ff1d03ad9", "bids": [{"price": "0.01", "size": "9.77"}, {"price": "0.02", "size": "100"}, {"price": "0.03", "size": "2666"}, {"price": "0.04", "size": "7.67"}, {"price": "0.05", "size": "10"}, {"price": "0.07", "size": "36.17"}, {"price": "0.08", "size": "450"}, {"price": "0.1", "size": "7.5"}, {"price": "0.11", "size": "5.41"}, {"price": "0.12", "size": "283.33"}, {"price": "0.16", "size": "207.5"}, {"price": "0.17", "size": "2470"}, {"price": "0.2", "size": "140"}, {"price": "0.21", "size": "3584"}, {"price": "0.24", "size": "108.33"}, {"price": "0.25", "size": "155.11"}, {"price": "0.26", "size": "77.94"}, {"price": "0.28", "size": "85.71"}, {"price": "0.29", "size": "6"}, {"price": "0.32", "size": "62.5"}, {"price": "0.36", "size": "191.26"}, {"price": "0.4", "size": "12.5"}, {"price": "0.44", "size": "50"}, {"price": "0.47", "size": "20"}, {"price": "0.5", "size": "12.2"}, {"price": "0.55", "size": "324.44"}, {"price": "0.6", "size": "207.5"}, {"price": "0.61", "size": "160.04"}, {"price": "0.63", "size": "9.99"}, {"price": "0.66", "size": "19.82"}, {"price": "0.68", "size": "210"}, {"price": "0.69", "size": "26.67"}, {"price": "0.7", "size": "30"}, {"price": "0.72", "size": "19.82"}], "asks": [{"price": "0.99", "size": "200"}, {"price": "0.98", "size": "7.53"}, {"price": "0.97", "size": "112"}, {"price": "0.96", "size": "21.23"}, {"price": "0.9", "size": "150"}, {"price": "0.86", "size": "20"}, {"price": "0.82", "size": "58.77"}, {"price": "0.81", "size": "14.36"}], "event_type": "book", "last_trade_price": "0.810"}, {"market": "0x2821de9fbe90c422cb220dad69fe44dfdea8fdf8fb779e562b44be6db8c1daff", "asset_id": "63907313656443890447578607530571289622813903996374626191028175281541399992719", "timestamp": "1769384421658", "hash": "17bedbfee9f30a9c30d60f7c28d885047a1ceea2", "bids": [{"price": "0.01", "size": "200"}, {"price": "0.02", "size": "7.53"}, {"price": "0.03", "size": "112"}, {"price": "0.04", "size": "21.23"}, {"price": "0.1", "size": "150"}, {"price": "0.14", "size": "20"}, {"price": "0.18", "size": "58.77"}, {"price": "0.19", "size": "14.36"}], "asks": [{"price": "0.99", "size": "9.77"}, {"price": "0.98", "size": "100"}, {"price": "0.97", "size": "2666"}, {"price": "0.96", "size": "7.67"}, {"price": "0.95", "size": "10"}, {"price": "0.93", "size": "36.17"}, {"price": "0.92", "size": "450"}, {"price": "0.9", "size": "7.5"}, {"price": "0.89", "size": "5.41"}, {"price": "0.88", "size": "283.33"}, {"price": "0.84", "size": "207.5"}, {"price": "0.83", "size": "2470"}, {"price": "0.8", "size": "140"}, {"price": "0.79", "size": "3584"}, {"price": "0.76", "size": "108.33"}, {"price": "0.75", "size": "155.11"}, {"price": "0.74", "size": "77.94"}, {"price": "0.72", "size": "85.71"}, {"price": "0.71", "size": "6"}, {"price": "0.68", "size": "62.5"}, {"price": "0.64", "size": "191.26"}, {"price": "0.6", "size": "12.5"}, {"price": "0.56", "size": "50"}, {"price": "0.53", "size": "20"}, {"price": "0.5", "size": "12.2"}, {"price": "0.45", "size": "324.44"}, {"price": "0.4", "size": "207.5"}, {"price": "0.39", "size": "160.04"}, {"price": "0.37", "size": "9.99"}, {"price": "0.34", "size": "19.82"}, {"price": "0.32", "size": "210"}, {"price": "0.31", "size": "26.67"}, {"price": "0.3", "size": "30"}, {"price": "0.28", "size": "19.82"}], "event_type": "book", "last_trade_price": "0.810"}]}
{"_local_timestamp": "2026-01-25T23:41:14.690643+00:00", "data": {"market": "0x2821de9fbe90c422cb220dad69fe44dfdea8fdf8fb779e562b44be6db8c1daff", "price_changes": [{"asset_id": "39890597962674457250845749449459665270751867381015505470046259265145192761452", "price": "0.17", "size": "0", "side": "BUY", "hash": "63af79a2cb4437db6d1cf2ebe6099842329319ae", "best_bid": "0.72", "best_ask": "0.81"}, {"asset_id": "63907313656443890447578607530571289622813903996374626191028175281541399992719", "price": "0.83", "size": "0", "side": "SELL", "hash": "9bd941f66b3b8ceb1fe4939230d71587c1992235", "best_bid": "0.19", "best_ask": "0.28"}], "timestamp": "1769384474536", "event_type": "price_change"}}
{"_local_timestamp": "2026-01-25T23:41:48.809825+00:00", "data": {"market": "0x2821de9fbe90c422cb220dad69fe44dfdea8fdf8fb779e562b44be6db8c1daff", "price_changes": [{"asset_id": "39890597962674457250845749449459665270751867381015505470046259265145192761452", "price": "0.71", "size": "53.52", "side": "BUY", "hash": "228420bdac1a5db98fba63f012bb989b6a88cf94", "best_bid": "0.72", "best_ask": "0.81"}, {"asset_id": "63907313656443890447578607530571289622813903996374626191028175281541399992719", "price": "0.29", "size": "53.52", "side": "SELL", "hash": "cf59d9b10a33792cc4b9325e80951d4f142110d7", "best_bid": "0.19", "best_ask": "0.28"}], "timestamp": "1769384508739", "event_type": "price_change"}}
{"_local_timestamp": "2026-01-25T23:41:49.199945+00:00", "data": {"market": "0x2821de9fbe90c422cb220dad69fe44dfdea8fdf8fb779e562b44be6db8c1daff", "price_changes": [{"asset_id": "63907313656443890447578607530571289622813903996374626191028175281541399992719", "price": "0.31", "size": "0", "side": "SELL", "hash": "35b0a9f038d2353796c8544406ece98ce4e395f0", "best_bid": "0.19", "best_ask": "0.28"}, {"asset_id": "39890597962674457250845749449459665270751867381015505470046259265145192761452", "price": "0.69", "size": "0", "side": "BUY", "hash": "50660996f0ffad80f26e849ea6d7cc8fd26dfa1d", "best_bid": "0.72", "best_ask": "0.81"}], "timestamp": "1769384509128", "event_type": "price_change"}}
{"_local_timestamp": "2026-01-25T23:41:49.255751+00:00", "data": {"market": "0x2821de9fbe90c422cb220dad69fe44dfdea8fdf8fb779e562b44be6db8c1daff", "price_changes": [{"asset_id": "63907313656443890447578607530571289622813903996374626191028175281541399992719", "price": "0.28", "size": "46.49", "side": "SELL", "hash": "44dc9fd7c8e3441b71f170cd61babe8c7cdc0768", "best_bid": "0.19", "best_ask": "0.28"}, {"asset_id": "39890597962674457250845749449459665270751867381015505470046259265145192761452", "price": "0.72", "size": "46.49", "side": "BUY", "hash": "ffe8d9ec61b1fe82f4c6948355bbcfe87ef67e55", "best_bid": "0.72", "best_ask": "0.81"}], "timestamp": "1769384509188", "event_type": "price_change"}}
{"_local_timestamp": "2026-01-25T23:41:51.037110+00:00", "data": {"market": "0x2821de9fbe90c422cb220dad69fe44dfdea8fdf8fb779e562b44be6db8c1daff", "price_changes": [{"asset_id": "39890597962674457250845749449459665270751867381015505470046259265145192761452", "price": "0.7", "size": "0", "side": "BUY", "hash": "aed5abd92ef7db8e6a9b4f7cff3adc88c6b386d5", "best_bid": "0.72", "best_ask": "0.81"}, {"asset_id": "63907313656443890447578607530571289622813903996374626191028175281541399992719", "price": "0.3", "size": "0", "side": "SELL", "hash": "5782e8b50d00f0697bd5fa048fc0f638c6b35675", "best_bid": "0.19", "best_ask": "0.28"}], "timestamp": "1769384510971", "event_type": "price_change"}}
{"_local_timestamp": "2026-01-25T23:41:51.167437+00:00", "data": {"market": "0x2821de9fbe90c422cb220dad69fe44dfdea8fdf8fb779e562b44be6db8c1daff", "price_changes": [{"asset_id": "39890597962674457250845749449459665270751867381015505470046259265145192761452", "price": "0.71", "size": "83.52", "side": "BUY", "hash": "e3022893ce915850d3a07b2e10c33e5720ce9f06", "best_bid": "0.72", "best_ask": "0.81"}, {"asset_id": "63907313656443890447578607530571289622813903996374626191028175281541399992719", "price": "0.29", "size": "83.52", "side": "SELL", "hash": "40451ba334d570d38dc81f7c7941adcbe2183a62", "best_bid": "0.19", "best_ask": "0.28"}], "timestamp": "1769384511078", "event_type": "price_change"}}
{"_local_timestamp": "2026-01-25T23:41:53.150461+00:00", "data": {"market": "0x2821de9fbe90c422cb220dad69fe44dfdea8fdf8fb779e562b44be6db8c1daff", "price_changes": [{"asset_id": "39890597962674457250845749449459665270751867381015505470046259265145192761452", "price": "0.71", "size": "53.52", "side": "BUY", "hash": "242abb4be322492ad4ec4b7cc68b9eaeb01c4001", "best_bid": "0.72", "best_ask": "0.81"}, {"asset_id": "63907313656443890447578607530571289622813903996374626191028175281541399992719", "price": "0.29", "size": "53.52", "side": "SELL", "hash": "7137e599c916cf8e89e0a3af967d57d09d2f87c6", "best_bid": "0.19", "best_ask": "0.28"}], "timestamp": "1769384512881", "event_type": "price_change"}}
{"_local_timestamp": "2026-01-25T23:43:43.342453+00:00", "data": {"market": "0x2821de9fbe90c422cb220dad69fe44dfdea8fdf8fb779e562b44be6db8c1daff", "price_changes": [{"asset_id": "39890597962674457250845749449459665270751867381015505470046259265145192761452", "price": "0.71", "size": "0", "side": "BUY", "hash": "917f264ba2fc2952f6355e969026f7211089c87b", "best_bid": "0.72", "best_ask": "0.81"}, {"asset_id": "63907313656443890447578607530571289622813903996374626191028175281541399992719", "price": "0.29", "size": "0", "side": "SELL", "hash": "e8a502fb76b2e1e61c83354d105e3f10829e94e7", "best_bid": "0.19", "best_ask": "0.28"}], "timestamp": "1769384623237", "event_type": "price_change"}}
{"_local_timestamp": "2026-01-25T23:43:43.599637+00:00", "data": {"market": "0x2821de9fbe90c422cb220dad69fe44dfdea8fdf8fb779e562b44be6db8c1daff", "price_changes": [{"asset_id": "39890597962674457250845749449459665270751867381015505470046259265145192761452", "price": "0.22", "size": "1908", "side": "BUY", "hash": "241e26c3dd835a5d3e77cd6c0a894419410ff331", "best_bid": "0.72", "best_ask": "0.81"}, {"asset_id": "63907313656443890447578607530571289622813903996374626191028175281541399992719", "price": "0.78", "size": "1908", "side": "SELL", "hash": "dfba2d66ff47a009b1a92631dbac670cb0d7fd9a", "best_bid": "0.19", "best_ask": "0.28"}], "timestamp": "1769384623496", "event_type": "price_change"}}
{"_local_timestamp": "2026-01-25T23:43:44.023956+00:00", "data": {"market": "0x2821de9fbe90c422cb220dad69fe44dfdea8fdf8fb779e562b44be6db8c1daff", "price_changes": [{"asset_id": "63907313656443890447578607530571289622813903996374626191028175281541399992719", "price": "0.28", "size": "19.82", "side": "SELL", "hash": "493fcceeb03c0f327c6299631a0886cb92144dd6", "best_bid": "0.19", "best_ask": "0.28"}, {"asset_id": "39890597962674457250845749449459665270751867381015505470046259265145192761452", "price": "0.72", "size": "19.82", "side": "BUY", "hash": "492db136fed72a03d95dd8b11b266b2d9852ed8b", "best_bid": "0.72", "best_ask": "0.81"}], "timestamp": "1769384623896", "event_type": "price_change"}}
{"_local_timestamp": "2026-01-25T23:43:44.066043+00:00", "data": {"market": "0x2821de9fbe90c422cb220dad69fe44dfdea8fdf8fb779e562b44be6db8c1daff", "price_changes": [{"asset_id": "63907313656443890447578607530571289622813903996374626191028175281541399992719", "price": "0.31", "size": "26.67", "side": "SELL", "hash": "33af8eefe3d8539d687396f0816422c71d072f5e", "best_bid": "0.19", "best_ask": "0.28"}, {"asset_id": "39890597962674457250845749449459665270751867381015505470046259265145192761452", "price": "0.69", "size": "26.67", "side": "BUY", "hash": "25be603aff6d7058ce9686550447c036ce129349", "best_bid": "0.72", "best_ask": "0.81"}], "timestamp": "1769384623946", "event_type": "price_change"}}
{"_local_timestamp": "2026-01-25T23:44:57.149848+00:00", "data": {"market": "0x2821de9fbe90c422cb220dad69fe44dfdea8fdf8fb779e562b44be6db8c1daff", "price_changes": [{"asset_id": "63907313656443890447578607530571289622813903996374626191028175281541399992719", "price": "0.1", "size": "50", "side": "BUY", "hash": "541f3ed82ac28f972ef548caff99146c3e511354", "best_bid": "0.19", "best_ask": "0.28"}, {"asset_id": "39890597962674457250845749449459665270751867381015505470046259265145192761452", "price": "0.9", "size": "50", "side": "SELL", "hash": "4e7f7b20c6bba34c9a35040817c90ebafbdd37a3", "best_bid": "0.72", "best_ask": "0.81"}], "timestamp": "1769384697031", "event_type": "price_change"}}
{"_local_timestamp": "2026-01-25T23:44:57.150796+00:00", "data": {"market": "0x2821de9fbe90c422cb220dad69fe44dfdea8fdf8fb779e562b44be6db8c1daff", "price_changes": [{"asset_id": "63907313656443890447578607530571289622813903996374626191028175281541399992719", "price": "0.01", "size": "100", "side": "BUY", "hash": "541f3ed82ac28f972ef548caff99146c3e511354", "best_bid": "0.19", "best_ask": "0.28"}, {"asset_id": "39890597962674457250845749449459665270751867381015505470046259265145192761452", "price": "0.99", "size": "100", "side": "SELL", "hash": "4e7f7b20c6bba34c9a35040817c90ebafbdd37a3", "best_bid": "0.72", "best_ask": "0.81"}], "timestamp": "1769384697031", "event_type": "price_change"}}
{"_local_timestamp": "2026-01-25T23:44:57.151362+00:00", "data": {"market": "0x2821de9fbe90c422cb220dad69fe44dfdea8fdf8fb779e562b44be6db8c1daff", "price_changes": [{"asset_id": "39890597962674457250845749449459665270751867381015505470046259265145192761452", "price": "0.72", "size": "0", "side": "BUY", "hash": "c5f9c16bd65916fff6cd202a83df2200af7b8b14", "best_bid": "0.69", "best_ask": "0.81"}, {"asset_id": "63907313656443890447578607530571289622813903996374626191028175281541399992719", "price": "0.28", "size": "0", "side": "SELL", "hash": "4bea2f8fea40ca283e08dcf1e93a8dd61d1be6c7", "best_bid": "0.19", "best_ask": "0.31"}], "timestamp": "1769384697031", "event_type": "price_change"}}
{"_local_timestamp": "2026-01-25T23:44:57.404997+00:00", "data": {"market": "0x2821de9fbe90c422cb220dad69fe44dfdea8fdf8fb779e562b44be6db8c1daff", "price_changes": [{"asset_id": "39890597962674457250845749449459665270751867381015505470046259265145192761452", "price": "0.32", "size": "0", "side": "BUY", "hash": "31c7164e52b6a5f892ccdb453d3f6911bb335683", "best_bid": "0.69", "best_ask": "0.81"}, {"asset_id": "63907313656443890447578607530571289622813903996374626191028175281541399992719", "price": "0.68", "size": "0", "side": "SELL", "hash": "cf7f0f2db5c052787c65216d847e8c9f355d35f8", "best_bid": "0.19", "best_ask": "0.31"}], "timestamp": "1769384697337", "event_type": "price_change"}}
{"_local_timestamp": "2026-01-25T23:44:57.405452+00:00", "data": {"market": "0x2821de9fbe90c422cb220dad69fe44dfdea8fdf8fb779e562b44be6db8c1daff", "price_changes": [{"asset_id": "39890597962674457250845749449459665270751867381015505470046259265145192761452", "price": "0.2", "size": "0", "side": "BUY", "hash": "31c7164e52b6a5f892ccdb453d3f6911bb335683", "best_bid": "0.69", "best_ask": "0.81"}, {"asset_id": "63907313656443890447578607530571289622813903996374626191028175281541399992719", "price": "0.8", "size": "0", "side": "SELL", "hash": "cf7f0f2db5c052787c65216d847e8c9f355d35f8", "best_bid": "0.19", "best_ask": "0.31"}], "timestamp": "1769384697337", "event_type": "price_change"}}
{"_local_timestamp": "2026-01-25T23:44:57.405950+00:00", "data": {"market": "0x2821de9fbe90c422cb220dad69fe44dfdea8fdf8fb779e562b44be6db8c1daff", "price_changes": [{"asset_id": "39890597962674457250845749449459665270751867381015505470046259265145192761452", "price": "0.16", "size": "7.5", "side": "BUY", "hash": "31c7164e52b6a5f892ccdb453d3f6911bb335683", "best_bid": "0.69", "best_ask": "0.81"}, {"asset_id": "63907313656443890447578607530571289622813903996374626191028175281541399992719", "price": "0.84", "size": "7.5", "side": "SELL", "hash": "cf7f0f2db5c052787c65216d847e8c9f355d35f8", "best_bid": "0.19", "best_ask": "0.31"}], "timestamp": "1769384697337", "event_type": "price_change"}}
{"_local_timestamp": "2026-01-25T23:44:57.406363+00:00", "data": {"market": "0x2821de9fbe90c422cb220dad69fe44dfdea8fdf8fb779e562b44be6db8c1daff", "price_changes": [{"asset_id": "39890597962674457250845749449459665270751867381015505470046259265145192761452", "price": "0.08", "size": "0", "side": "BUY", "hash": "31c7164e52b6a5f892ccdb453d3f6911bb335683", "best_bid": "0.69", "best_ask": "0.81"}, {"asset_id": "63907313656443890447578607530571289622813903996374626191028175281541399992719", "price": "0.92", "size": "0", "side": "SELL", "hash": "cf7f0f2db5c052787c65216d847e8c9f355d35f8", "best_bid": "0.19", "best_ask": "0.31"}], "timestamp": "1769384697337", "event_type": "price_change"}}
{"_local_timestamp": "2026-01-25T23:44:57.406789+00:00", "data": {"market": "0x2821de9fbe90c422cb220dad69fe44dfdea8fdf8fb779e562b44be6db8c1daff", "price_changes": [{"asset_id": "39890597962674457250845749449459665270751867381015505470046259265145192761452", "price": "0.12", "size": "0", "side": "BUY", "hash": "31c7164e52b6a5f892ccdb453d3f6911bb335683", "best_bid": "0.69", "best_ask": "0.81"}, {"asset_id": "63907313656443890447578607530571289622813903996374626191028175281541399992719", "price": "0.88", "size": "0", "side": "SELL", "hash": "cf7f0f2db5c052787c65216d847e8c9f355d35f8", "best_bid": "0.19", "best_ask": "0.31"}], "timestamp": "1769384697337", "event_type": "price_change"}}
{"_local_timestamp": "2026-01-25T23:44:57.409234+00:00", "data": {"market": "0x2821de9fbe90c422cb220dad69fe44dfdea8fdf8fb779e562b44be6db8c1daff", "price_changes": [{"asset_id": "39890597962674457250845749449459665270751867381015505470046259265145192761452", "price": "0.28", "size": "0", "side": "BUY", "hash": "31c7164e52b6a5f892ccdb453d3f6911bb335683", "best_bid": "0.69", "best_ask": "0.81"}, {"asset_id": "63907313656443890447578607530571289622813903996374626191028175281541399992719", "price": "0.72", "size": "0", "side": "SELL", "hash": "cf7f0f2db5c052787c65216d847e8c9f355d35f8", "best_bid": "0.19", "best_ask": "0.31"}], "timestamp": "1769384697337", "event_type": "price_change"}}
{"_local_timestamp": "2026-01-25T23:44:57.410108+00:00", "data": {"market": "0x2821de9fbe90c422cb220dad69fe44dfdea8fdf8fb779e562b44be6db8c1daff", "price_changes": [{"asset_id": "39890597962674457250845749449459665270751867381015505470046259265145192761452", "price": "0.24", "size": "0", "side": "BUY", "hash": "31c7164e52b6a5f892ccdb453d3f6911bb335683", "best_bid": "0.69", "best_ask": "0.81"}, {"asset_id": "63907313656443890447578607530571289622813903996374626191028175281541399992719", "price": "0.76", "size": "0", "side": "SELL", "hash": "cf7f0f2db5c052787c65216d847e8c9f355d35f8", "best_bid": "0.19", "best_ask": "0.31"}], "timestamp": "1769384697337", "event_type": "price_change"}}
{"_local_timestamp": "2026-01-25T23:44:57.672467+00:00", "data": {"market": "0x2821de9fbe90c422cb220dad69fe44dfdea8fdf8fb779e562b44be6db8c1daff", "price_changes": [{"asset_id": "63907313656443890447578607530571289622813903996374626191028175281541399992719", "price": "0.2", "size": "66.66", "side": "BUY", "hash": "e3523a76c4eb7a89f8edffdb132e65606417e80e", "best_bid": "0.2", "best_ask": "0.31"}, {"asset_id": "39890597962674457250845749449459665270751867381015505470046259265145192761452", "price": "0.8", "size": "66.66", "side": "SELL", "hash": "3b553e5494924b4b99068589f9e2a55621c49f9b", "best_bid": "0.69", "best_ask": "0.8"}], "timestamp": "1769384697599", "event_type": "price_change"}}
{"_local_timestamp": "2026-01-25T23:44:57.678969+00:00", "data": {"market": "0x2821de9fbe90c422cb220dad69fe44dfdea8fdf8fb779e562b44be6db8c1daff", "price_changes": [{"asset_id": "63907313656443890447578607530571289622813903996374626191028175281541399992719", "price": "0.1", "size": "116.66", "side": "BUY", "hash": "575bc02d7d2e744ef3a935298e8c5cebc02d7fa3", "best_bid": "0.2", "best_ask": "0.31"}, {"asset_id": "39890597962674457250845749449459665270751867381015505470046259265145192761452", "price": "0.9", "size": "116.66", "side": "SELL", "hash": "184ab779347c702f7eae04b44f9674e3fd7a5034", "best_bid": "0.69", "best_ask": "0.8"}], "timestamp": "1769384697615", "event_type": "price_change"}}
{"_local_timestamp": "2026-01-25T23:44:57.717829+00:00", "data": {"market": "0x2821de9fbe90c422cb220dad69fe44dfdea8fdf8fb779e562b44be6db8c1daff", "price_changes": [{"asset_id": "39890597962674457250845749449459665270751867381015505470046259265145192761452", "price": "0.7", "size": "19.82", "side": "BUY", "hash": "f2ac526de22d68899347c8f96a2abc62be09f053", "best_bid": "0.7", "best_ask": "0.8"}, {"asset_id": "63907313656443890447578607530571289622813903996374626191028175281541399992719", "price": "0.3", "size": "19.82", "side": "SELL", "hash": "a7fbd0ee4e67548aaeda627b43547f66347dbc08", "best_bid": "0.2", "best_ask": "0.3"}], "timestamp": "1769384697644", "event_type": "price_change"}}
{"_local_timestamp": "2026-01-25T23:44:57.738490+00:00", "data": {"market": "0x2821de9fbe90c422cb220dad69fe44dfdea8fdf8fb779e562b44be6db8c1daff", "price_changes": [{"asset_id": "63907313656443890447578607530571289622813903996374626191028175281541399992719", "price": "0.01", "size": "166.66", "side": "BUY", "hash": "ddbea0676458a495a3db323e3c6f7b8b33fed917", "best_bid": "0.2", "best_ask": "0.3"}, {"asset_id": "39890597962674457250845749449459665270751867381015505470046259265145192761452", "price": "0.99", "size": "166.66", "side": "SELL", "hash": "62670e71ee76da8b09ab2c99c654eb7cc925c5bb", "best_bid": "0.7", "best_ask": "0.8"}], "timestamp": "1769384697675", "event_type": "price_change"}}
{"_local_timestamp": "2026-01-25T23:44:57.742789+00:00", "data": {"market": "0x2821de9fbe90c422cb220dad69fe44dfdea8fdf8fb779e562b44be6db8c1daff", "price_changes": [{"asset_id": "39890597962674457250845749449459665270751867381015505470046259265145192761452", "price": "0.29", "size": "74.96", "side": "BUY", "hash": "c3a0e84a408af324152f03382869b8238c56b0ac", "best_bid": "0.7", "best_ask": "0.8"}, {"asset_id": "63907313656443890447578607530571289622813903996374626191028175281541399992719", "price": "0.71", "size": "74.96", "side": "SELL", "hash": "dc395e756fb15929d5c565ce11ee85beb8f7d02a", "best_bid": "0.2", "best_ask": "0.3"}], "timestamp": "1769384697681", "event_type": "price_change"}}
{"_local_timestamp": "2026-01-25T23:44:57.866901+00:00", "data": {"market": "0x2821de9fbe90c422cb220dad69fe44dfdea8fdf8fb779e562b44be6db8c1daff", "price_changes": [{"asset_id": "39890597962674457250845749449459665270751867381015505470046259265145192761452", "price": "0.25", "size": "251.11", "side": "BUY", "hash": "b9973e5a321030b170c7ea69b8cc3f4c239d427f", "best_bid": "0.7", "best_ask": "0.8"}, {"asset_id": "63907313656443890447578607530571289622813903996374626191028175281541399992719", "price": "0.75", "size": "251.11", "side": "SELL", "hash": "c8338e7a378c3680c06dc042393934f709fbb88b", "best_bid": "0.2", "best_ask": "0.3"}], "timestamp": "1769384697753", "event_type": "price_change"}}
{"_local_timestamp": "2026-01-25T23:44:57.876906+00:00", "data": {"market": "0x2821de9fbe90c422cb220dad69fe44dfdea8fdf8fb779e562b44be6db8c1daff", "price_changes": [{"asset_id": "39890597962674457250845749449459665270751867381015505470046259265145192761452", "price": "0.22", "size": "2026.18", "side": "BUY", "hash": "75badb35a61e9768ecaca02e1ccb4ed0745b5cd4", "best_bid": "0.7", "best_ask": "0.8"}, {"asset_id": "63907313656443890447578607530571289622813903996374626191028175281541399992719", "price": "0.78", "size": "2026.18", "side": "SELL", "hash": "7dd62fcbf9f66b2f5d9fe2a9d3ceb7ce2257dbda", "best_bid": "0.2", "best_ask": "0.3"}], "timestamp": "1769384697796", "event_type": "price_change"}}
{"_local_timestamp": "2026-01-25T23:44:57.911194+00:00", "data": {"market": "0x2821de9fbe90c422cb220dad69fe44dfdea8fdf8fb779e562b44be6db8c1daff", "price_changes": [{"asset_id": "39890597962674457250845749449459665270751867381015505470046259265145192761452", "price": "0.18", "size": "155.55", "side": "BUY", "hash": "6f741b0ee7b6b8131554b911adfaddd62ce33d53", "best_bid": "0.7", "best_ask": "0.8"}, {"asset_id": "63907313656443890447578607530571289622813903996374626191028175281541399992719", "price": "0.82", "size": "155.55", "side": "SELL", "hash": "3b925cc445d20d5ecb4ca56790189cc753d9df9a", "best_bid": "0.2", "best_ask": "0.3"}], "timestamp": "1769384697843", "event_type": "price_change"}}
{"_local_timestamp": "2026-01-25T23:44:57.942541+00:00", "data": {"market": "0x2821de9fbe90c422cb220dad69fe44dfdea8fdf8fb779e562b44be6db8c1daff", "price_changes": [{"asset_id": "39890597962674457250845749449459665270751867381015505470046259265145192761452", "price": "0.14", "size": "228.57", "side": "BUY", "hash": "8d8a1100fcedb92c4841c3d406442b47c0edf9ac", "best_bid": "0.7", "best_ask": "0.8"}, {"asset_id": "63907313656443890447578607530571289622813903996374626191028175281541399992719", "price": "0.86", "size": "228.57", "side": "SELL", "hash": "5625afb8c861c4fe8cad6c2fd2822f2c88574769", "best_bid": "0.2", "best_ask": "0.3"}], "timestamp": "1769384697881", "event_type": "price_change"}}
{"_local_timestamp": "2026-01-25T23:44:57.990869+00:00", "data": {"market": "0x2821de9fbe90c422cb220dad69fe44dfdea8fdf8fb779e562b44be6db8c1daff", "price_changes": [{"asset_id": "39890597962674457250845749449459665270751867381015505470046259265145192761452", "price": "0.11", "size": "314.5", "side": "BUY", "hash": "e4376a9af47f6f544fb32e697fd365dd34199b0f", "best_bid": "0.7", "best_ask": "0.8"}, {"asset_id": "63907313656443890447578607530571289622813903996374626191028175281541399992719", "price": "0.89", "size": "314.5", "side": "SELL", "hash": "a0b2327e06d09c58c3176c67f0c7b3d549449bde", "best_bid": "0.2", "best_ask": "0.3"}], "timestamp": "1769384697927", "event_type": "price_change"}}
{"_local_timestamp": "2026-01-25T23:44:58.043011+00:00", "data": {"market": "0x2821de9fbe90c422cb220dad69fe44dfdea8fdf8fb779e562b44be6db8c1daff", "price_changes": [{"asset_id": "39890597962674457250845749449459665270751867381015505470046259265145192761452", "price": "0.07", "size": "550.45", "side": "BUY", "hash": "76b2afa2eae7d2856b71460133ca58c3549e704c", "best_bid": "0.7", "best_ask": "0.8"}, {"asset_id": "63907313656443890447578607530571289622813903996374626191028175281541399992719", "price": "0.93", "size": "550.45", "side": "SELL", "hash": "d30f6852ae34a5ee63d80ef8d1e7e77f0fee7020", "best_bid": "0.2", "best_ask": "0.3"}], "timestamp": "1769384697973", "event_type": "price_change"}}
{"_local_timestamp": "2026-01-25T23:44:58.151101+00:00", "data": {"market": "0x2821de9fbe90c422cb220dad69fe44dfdea8fdf8fb779e562b44be6db8c1daff", "price_changes": [{"asset_id": "39890597962674457250845749449459665270751867381015505470046259265145192761452", "price": "0.07", "size": "36.17", "side": "BUY", "hash": "227cec3c46bffc5783af98aefc1331c721fdfd61", "best_bid": "0.7", "best_ask": "0.8"}, {"asset_id": "63907313656443890447578607530571289622813903996374626191028175281541399992719", "price": "0.93", "size": "36.17", "side": "SELL", "hash": "0f59545724db6763456e5d748d675911c8d30b40", "best_bid": "0.2", "best_ask": "0.3"}], "timestamp": "1769384698067", "event_type": "price_change"}}
{"_local_timestamp": "2026-01-25T23:44:58.151532+00:00", "data": {"market": "0x2821de9fbe90c422cb220dad69fe44dfdea8fdf8fb779e562b44be6db8c1daff", "price_changes": [{"asset_id": "39890597962674457250845749449459665270751867381015505470046259265145192761452", "price": "0.11", "size": "5.41", "side": "BUY", "hash": "227cec3c46bffc5783af98aefc1331c721fdfd61", "best_bid": "0.7", "best_ask": "0.8"}, {"asset_id": "63907313656443890447578607530571289622813903996374626191028175281541399992719", "price": "0.89", "size": "5.41", "side": "SELL", "hash": "0f59545724db6763456e5d748d675911c8d30b40", "best_bid": "0.2", "best_ask": "0.3"}], "timestamp": "1769384698067", "event_type": "price_change"}}
{"_local_timestamp": "2026-01-25T23:44:58.151911+00:00", "data": {"market": "0x2821de9fbe90c422cb220dad69fe44dfdea8fdf8fb779e562b44be6db8c1daff", "price_changes": [{"asset_id": "39890597962674457250845749449459665270751867381015505470046259265145192761452", "price": "0.18", "size": "0", "side": "BUY", "hash": "227cec3c46bffc5783af98aefc1331c721fdfd61", "best_bid": "0.7", "best_ask": "0.8"}, {"asset_id": "63907313656443890447578607530571289622813903996374626191028175281541399992719", "price": "0.82", "size": "0", "side": "SELL", "hash": "0f59545724db6763456e5d748d675911c8d30b40", "best_bid": "0.2", "best_ask": "0.3"}], "timestamp": "1769384698067", "event_type": "price_change"}}
{"_local_timestamp": "2026-01-25T23:44:58.152269+00:00", "data": {"market": "0x2821de9fbe90c422cb220dad69fe44dfdea8fdf8fb779e562b44be6db8c1daff", "price_changes": [{"asset_id": "39890597962674457250845749449459665270751867381015505470046259265145192761452", "price": "0.14", "size": "0", "side": "BUY", "hash": "227cec3c46bffc5783af98aefc1331c721fdfd61", "best_bid": "0.7", "best_ask": "0.8"}, {"asset_id": "63907313656443890447578607530571289622813903996374626191028175281541399992719", "price": "0.86", "size": "0", "side": "SELL", "hash": "0f59545724db6763456e5d748d675911c8d30b40", "best_bid": "0.2", "best_ask": "0.3"}], "timestamp": "1769384698067", "event_type": "price_change"}}
{"_local_timestamp": "2026-01-25T23:44:58.152613+00:00", "data": {"market": "0x2821de9fbe90c422cb220dad69fe44dfdea8fdf8fb779e562b44be6db8c1daff", "price_changes": [{"asset_id": "39890597962674457250845749449459665270751867381015505470046259265145192761452", "price": "0.29", "size": "6", "side": "BUY", "hash": "227cec3c46bffc5783af98aefc1331c721fdfd61", "best_bid": "0.7", "best_ask": "0.8"}, {"asset_id": "63907313656443890447578607530571289622813903996374626191028175281541399992719", "price": "0.71", "size": "6", "side": "SELL", "hash": "0f59545724db6763456e5d748d675911c8d30b40", "best_bid": "0.2", "best_ask": "0.3"}], "timestamp": "1769384698067", "event_type": "price_change"}}
{"_local_timestamp": "2026-01-25T23:44:58.153026+00:00", "data": {"market": "0x2821de9fbe90c422cb220dad69fe44dfdea8fdf8fb779e562b44be6db8c1daff", "price_changes": [{"asset_id": "39890597962674457250845749449459665270751867381015505470046259265145192761452", "price": "0.25", "size": "155.11", "side": "BUY", "hash": "227cec3c46bffc5783af98aefc1331c721fdfd61", "best_bid": "0.7", "best_ask": "0.8"}, {"asset_id": "63907313656443890447578607530571289622813903996374626191028175281541399992719", "price": "0.75", "size": "155.11", "side": "SELL", "hash": "0f59545724db6763456e5d748d675911c8d30b40", "best_bid": "0.2", "best_ask": "0.3"}], "timestamp": "1769384698067", "event_type": "price_change"}}
{"_local_timestamp": "2026-01-25T23:44:58.153375+00:00", "data": {"market": "0x2821de9fbe90c422cb220dad69fe44dfdea8fdf8fb779e562b44be6db8c1daff", "price_changes": [{"asset_id": "39890597962674457250845749449459665270751867381015505470046259265145192761452", "price": "0.22", "size": "1908", "side": "BUY", "hash": "227cec3c46bffc5783af98aefc1331c721fdfd61", "best_bid": "0.7", "best_ask": "0.8"}, {"asset_id": "63907313656443890447578607530571289622813903996374626191028175281541399992719", "price": "0.78", "size": "1908", "side": "SELL", "hash": "0f59545724db6763456e5d748d675911c8d30b40", "best_bid": "0.2", "best_ask": "0.3"}], "timestamp": "1769384698067", "event_type": "price_change"}}
{"_local_timestamp": "2026-01-25T23:45:08.296412+00:00", "data": {"market": "0x2821de9fbe90c422cb220dad69fe44dfdea8fdf8fb779e562b44be6db8c1daff", "price_changes": [{"asset_id": "39890597962674457250845749449459665270751867381015505470046259265145192761452", "price": "0.7", "size": "74.1", "side": "BUY", "hash": "b3ea1d19c5e6ca781b935bb62018e639df672860", "best_bid": "0.7", "best_ask": "0.8"}, {"asset_id": "63907313656443890447578607530571289622813903996374626191028175281541399992719", "price": "0.3", "size": "74.1", "side": "SELL", "hash": "0da818bd9691ab49c09bd704ea13674ff2ec5123", "best_bid": "0.2", "best_ask": "0.3"}], "timestamp": "1769384708229", "event_type": "price_change"}}
{"_local_timestamp": "2026-01-25T23:45:09.612318+00:00", "data": {"market": "0x2821de9fbe90c422cb220dad69fe44dfdea8fdf8fb779e562b44be6db8c1daff", "price_changes": [{"asset_id": "63907313656443890447578607530571289622813903996374626191028175281541399992719", "price": "0.31", "size": "0", "side": "SELL", "hash": "198a1859b34afcd85c88ec7ad76f2a735f61f2cb", "best_bid": "0.2", "best_ask": "0.3"}, {"asset_id": "39890597962674457250845749449459665270751867381015505470046259265145192761452", "price": "0.69", "size": "0", "side": "BUY", "hash": "70a17c6ae7871708427748e45d73e9c7b0a4fcb7", "best_bid": "0.7", "best_ask": "0.8"}], "timestamp": "1769384709545", "event_type": "price_change"}}
{"_local_timestamp": "2026-01-25T23:45:09.651333+00:00", "data": {"market": "0x2821de9fbe90c422cb220dad69fe44dfdea8fdf8fb779e562b44be6db8c1daff", "price_changes": [{"asset_id": "63907313656443890447578607530571289622813903996374626191028175281541399992719", "price": "0.29", "size": "26.67", "side": "SELL", "hash": "d7426f85706cdfa6276c18867c426851f6246b57", "best_bid": "0.2", "best_ask": "0.29"}, {"asset_id": "39890597962674457250845749449459665270751867381015505470046259265145192761452", "price": "0.71", "size": "26.67", "side": "BUY", "hash": "384661b1b0aa1e128b51d9c3f69bed4aa8667414", "best_bid": "0.71", "best_ask": "0.8"}], "timestamp": "1769384709587", "event_type": "price_change"}}
{"_local_timestamp": "2026-01-25T23:47:03.250149+00:00", "data": {"market": "0x2821de9fbe90c422cb220dad69fe44dfdea8fdf8fb779e562b44be6db8c1daff", "price_changes": [{"asset_id": "39890597962674457250845749449459665270751867381015505470046259265145192761452", "price": "0.7", "size": "19.82", "side": "BUY", "hash": "b7001b8d9de7d8b9b9e486915107faad0f8c21ca", "best_bid": "0.71", "best_ask": "0.8"}, {"asset_id": "63907313656443890447578607530571289622813903996374626191028175281541399992719", "price": "0.3", "size": "19.82", "side": "SELL", "hash": "8f4ae3cb9f4547ff4497eb5fdfd4968f84fff5a4", "best_bid": "0.2", "best_ask": "0.29"}], "timestamp": "1769384823178", "event_type": "price_change"}}
{"_local_timestamp": "2026-01-25T23:47:04.102209+00:00", "data": {"market": "0x2821de9fbe90c422cb220dad69fe44dfdea8fdf8fb779e562b44be6db8c1daff", "price_changes": [{"asset_id": "63907313656443890447578607530571289622813903996374626191028175281541399992719", "price": "0.29", "size": "0", "side": "SELL", "hash": "33511af760e6742696f5fbff7ec9701d8c7aa813", "best_bid": "0.2", "best_ask": "0.3"}, {"asset_id": "39890597962674457250845749449459665270751867381015505470046259265145192761452", "price": "0.71", "size": "0", "side": "BUY", "hash": "dccf6b2518f76c754acb6f9eb2329ee04545a092", "best_bid": "0.7", "best_ask": "0.8"}], "timestamp": "1769384824021", "event_type": "price_change"}}
{"_local_timestamp": "2026-01-25T23:47:04.159626+00:00", "data": {"market": "0x2821de9fbe90c422cb220dad69fe44dfdea8fdf8fb779e562b44be6db8c1daff", "price_changes": [{"asset_id": "63907313656443890447578607530571289622813903996374626191028175281541399992719", "price": "0.31", "size": "26.67", "side": "SELL", "hash": "c8d3d3cb6590fa6c859eb993facf51a532f9924d", "best_bid": "0.2", "best_ask": "0.3"}, {"asset_id": "39890597962674457250845749449459665270751867381015505470046259265145192761452", "price": "0.69", "size": "26.67", "side": "BUY", "hash": "b95f1a0f7163f512a024cb750db74273fddbdee5", "best_bid": "0.7", "best_ask": "0.8"}], "timestamp": "1769384824085", "event_type": "price_change"}}
{"_local_timestamp": "2026-01-25T23:48:30.424543+00:00", "data": {"market": "0x2821de9fbe90c422cb220dad69fe44dfdea8fdf8fb779e562b44be6db8c1daff", "price_changes": [{"asset_id": "39890597962674457250845749449459665270751867381015505470046259265145192761452", "price": "0.7", "size": "74.1", "side": "BUY", "hash": "ddd6d320c0e0603d83603bfc79e9335fc57bd4ca", "best_bid": "0.7", "best_ask": "0.8"}, {"asset_id": "63907313656443890447578607530571289622813903996374626191028175281541399992719", "price": "0.3", "size": "74.1", "side": "SELL", "hash": "1ef9831860631d02540a3b7dd8f49b1b8c63a7dc", "best_bid": "0.2", "best_ask": "0.3"}], "timestamp": "1769384910351", "event_type": "price_change"}}
{"_local_timestamp": "2026-01-25T23:48:31.030856+00:00", "data": {"market": "0x2821de9fbe90c422cb220dad69fe44dfdea8fdf8fb779e562b44be6db8c1daff", "price_changes": [{"asset_id": "63907313656443890447578607530571289622813903996374626191028175281541399992719", "price": "0.31", "size": "0", "side": "SELL", "hash": "a0af3191237ae35581e19410934298cfdfb98a46", "best_bid": "0.2", "best_ask": "0.3"}, {"asset_id": "39890597962674457250845749449459665270751867381015505470046259265145192761452", "price": "0.69", "size": "0", "side": "BUY", "hash": "7778c6411244fcbec6c0baf4b065fb68b193849d", "best_bid": "0.7", "best_ask": "0.8"}], "timestamp": "1769384910957", "event_type": "price_change"}}
{"_local_timestamp": "2026-01-25T23:48:31.151673+00:00", "data": {"market": "0x2821de9fbe90c422cb220dad69fe44dfdea8fdf8fb779e562b44be6db8c1daff", "price_changes": [{"asset_id": "63907313656443890447578607530571289622813903996374626191028175281541399992719", "price": "0.29", "size": "26.67", "side": "SELL", "hash": "6b19a8124c3a2bf7d6261911af3606365b714c9b", "best_bid": "0.2", "best_ask": "0.29"}, {"asset_id": "39890597962674457250845749449459665270751867381015505470046259265145192761452", "price": "0.71", "size": "26.67", "side": "BUY", "hash": "093c335ea95e3d04aa85827dabc6f7721071805b", "best_bid": "0.71", "best_ask": "0.8"}], "timestamp": "1769384911033", "event_type": "price_change"}}
{"_local_timestamp": "2026-01-25T23:49:29.259279+00:00", "data": {"market": "0x2821de9fbe90c422cb220dad69fe44dfdea8fdf8fb779e562b44be6db8c1daff", "price_changes": [{"asset_id": "39890597962674457250845749449459665270751867381015505470046259265145192761452", "price": "0.29", "size": "0", "side": "BUY", "hash": "bd86661663d84487381942e83c08e1f08148ca8e", "best_bid": "0.71", "best_ask": "0.8"}, {"asset_id": "63907313656443890447578607530571289622813903996374626191028175281541399992719", "price": "0.71", "size": "0", "side": "SELL", "hash": "b999c59e9494306d64d9ad708169da22dc03a477", "best_bid": "0.2", "best_ask": "0.29"}], "timestamp": "1769384969136", "event_type": "price_change"}}
{"_local_timestamp": "2026-01-25T23:49:29.295156+00:00", "data": {"market": "0x2821de9fbe90c422cb220dad69fe44dfdea8fdf8fb779e562b44be6db8c1daff", "price_changes": [{"asset_id": "39890597962674457250845749449459665270751867381015505470046259265145192761452", "price": "0.27", "size": "7", "side": "BUY", "hash": "940eab55a0d1ea8da02abeb326f3ce1b090e77d0", "best_bid": "0.71", "best_ask": "0.8"}, {"asset_id": "63907313656443890447578607530571289622813903996374626191028175281541399992719", "price": "0.73", "size": "7", "side": "SELL", "hash": "64455fc9d3d560cd5d50ec2eb4c21cf352f14714", "best_bid": "0.2", "best_ask": "0.29"}], "timestamp": "1769384969188", "event_type": "price_change"}}
