{"_local_timestamp": "2026-01-25T23:40:41.600466+00:00", "data": [{"market": "0x76151c30f23ef5ee963e2f73fa49d5433b4db34839c39383bee4989cb270b639", "asset_id": "92714767158282519723247724560387828941593726179269759014514785099742463503662", "timestamp": "1769384369115", "hash": "948f5a3c820f7a13ab3ca0424e50a3f509467aea", "bids": [{"price": "0.01", "size": "17.16"}, {"price": "0.02", "size": "6.84"}, {"price": "0.04", "size": "99"}, {"price": "0.05", "size": "14.97"}, {"price": "0.12", "size": "100"}, {"price": "0.14", "size": "100"}, {"price": "0.15", "size": "105.56"}, {"price": "0.17", "size": "5.56"}], "asks": [{"price": "0.99", "size": "20.16"}, {"price": "0.98", "size": "1000"}, {"price": "0.97", "size": "5.79"}, {"price": "0.95", "size": "10"}, {"price": "0.94", "size": "700"}, {"price": "0.93", "size": "10.35"}, {"price": "0.92", "size": "5"}, {"price": "0.85", "size": "1366"}, {"price": "0.84", "size": "2624"}, {"price": "0.71", "size": "10.48"}, {"price": "0.7", "size": "3726"}, {"price": "0.69", "size": "300"}, {"price": "0.68", "size": "6"}, {"price": "0.53", "size": "50"}, {"price": "0.36", "size": "1308.55"}, {"price": "0.33", "size": "265"}, {"price": "0.22", "size": "1225"}, {"price": "0.21", "size": "227.49"}, {"price": "0.2", "size": "291"}], "event_type": "book", "last_trade_price": "0.200"}, {"market": "0x76151c30f23ef5ee963e2f73fa49d5433b4db34839c39383bee4989cb270b639", "asset_id": "23504259219851075832272877441883189669703359970946991544021206156288112345254", "timestamp": "1769384369115", "hash": "ee63d03efc1e768134ea6b2703e884fc9180d755", "bids": [{"price": "0.01", "size": "20.16"}, {"price": "0.02", "size": "1000"}, {"price": "0.03", "size": "5.79"}, {"price": "0.05", "size": "10"}, {"price": "0.06", "size": "700"}, {"price": "0.07", "size": "10.35"}, {"price": "0.08", "size": "5"}, {"price": "0.15", "size": "1366"}, {"price": "0.16", "size": "2624"}, {"price": "0.29", "size": "10.48"}, {"price": "0.3", "size": "3726"}, {"price": "0.31", "size": "300"}, {"price": "0.32", "size": "6"}, {"price": "0.47", "size": "50"}, {"price": "0.64", "size": "1308.55"}, {"price": "0.67", "size": "265"}, {"price": "0.78", "size": "1225"}, {"price": "0.79", "size": "227.49"}, {"price": "0.8", "size": "291"}], "asks": [{"price": "0.99", "size": "17.16"}, {"price": "0.98", "size": "6.84"}, {"price": "0.96", "size": "99"}, {"price": "0.95", "size": "14.97"}, {"price": "0.88", "size": "100"}, {"price": "0.86", "size": "100"}, {"price": "0.85", "size": "105.56"}, {"price": "0.83", "size": "5.56"}], "event_type": "book", "last_trade_price": "0.200"}]}
{"_local_timestamp": "2026-01-25T23:41:06.305374+00:00", "data": {"market": "0x76151c30f23ef5ee963e2f73fa49d5433b4db34839c39383bee4989cb270b639", "price_changes": [{"asset_id": "23504259219851075832272877441883189669703359970946991544021206156288112345254", "price": "0.78", "size": "1125", "side": "BUY", "hash": "60183fb293a4b8d8eef006ba348ccc950534c731", "best_bid": "0.8", "best_ask": "0.83"}, {"asset_id": "92714767158282519723247724560387828941593726179269759014514785099742463503662", "price": "0.22", "size": "1125", "side": "SELL", "hash": "4b08df7f48f84670d80b73ad28d46380523727f6", "best_bid": "0.17", "best_ask": "0.2"}], "timestamp": "1769384466196", "event_type": "price_change"}}
{"_local_timestamp": "2026-01-25T23:41:06.410599+00:00", "data": {"market": "0x76151c30f23ef5ee963e2f73fa49d5433b4db34839c39383bee4989cb270b639", "price_changes": [{"asset_id": "92714767158282519723247724560387828941593726179269759014514785099742463503662", "price": "0.14", "size": "0", "side": "BUY", "hash": "dd504ec919037cb03d29d636a36f8c325774ae97", "best_bid": "0.17", "best_ask": "0.2"}, {"asset_id": "23504259219851075832272877441883189669703359970946991544021206156288112345254", "price": "0.86", "size": "0", "side": "SELL", "hash": "deba3391f6b9aa3ab003de3bd81edec02a7d01e1", "best_bid": "0.8", "best_ask": "0.83"}], "timestamp": "1769384466199", "event_type": "price_change"}}
{"_local_timestamp": "2026-01-25T23:41:06.411174+00:00", "data": {"market": "0x76151c30f23ef5ee963e2f73fa49d5433b4db34839c39383bee4989cb270b639", "price_changes": [{"asset_id": "23504259219851075832272877441883189669703359970946991544021206156288112345254", "price": "0.95", "size": "248.97", "side": "SELL", "hash": "99d5f6f06ba952c12430dd4bc2bf4baa5a6d367b", "best_bid": "0.8", "best_ask": "0.83"}, {"asset_id": "92714767158282519723247724560387828941593726179269759014514785099742463503662", "price": "0.05", "size": "248.97", "side": "BUY", "hash": "c6327630509cbe522cf1ccadb461b57ba92a5fd7", "best_bid": "0.17", "best_ask": "0.2"}], "timestamp": "1769384466247", "event_type": "price_change"}}
{"_local_timestamp": "2026-01-25T23:41:08.285126+00:00", "data": {"market": "0x76151c30f23ef5ee963e2f73fa49d5433b4db34839c39383bee4989cb270b639", "price_changes": [{"asset_id": "92714767158282519723247724560387828941593726179269759014514785099742463503662", "price": "0.15", "size": "5.56", "side": "BUY", "hash": "5312213c0eec6c0f6703c949afba1c4ee95c8446", "best_bid": "0.17", "best_ask": "0.2"}, {"asset_id": "23504259219851075832272877441883189669703359970946991544021206156288112345254", "price": "0.85", "size": "5.56", "side": "SELL", "hash": "3ca2300e132818161cd9b36721e31e0454303761", "best_bid": "0.8", "best_ask": "0.83"}], "timestamp": "1769384468217", "event_type": "price_change"}}
{"_local_timestamp": "2026-01-25T23:41:08.913236+00:00", "data": {"market": "0x76151c30f23ef5ee963e2f73fa49d5433b4db34839c39383bee4989cb270b639", "price_changes": [{"asset_id": "92714767158282519723247724560387828941593726179269759014514785099742463503662", "price": "0.06", "size": "100", "side": "BUY", "hash": "10938363390309a32955d871111a603bd736a1f4", "best_bid": "0.17", "best_ask": "0.2"}, {"asset_id": "23504259219851075832272877441883189669703359970946991544021206156288112345254", "price": "0.94", "size": "100", "side": "SELL", "hash": "de4f6ccd77160cd4492f5e263b8611f9e800fa05", "best_bid": "0.8", "best_ask": "0.83"}], "timestamp": "1769384468838", "event_type": "price_change"}}
{"_local_timestamp": "2026-01-25T23:41:08.944604+00:00", "data": {"market": "0x76151c30f23ef5ee963e2f73fa49d5433b4db34839c39383bee4989cb270b639", "price_changes": [{"asset_id": "23504259219851075832272877441883189669703359970946991544021206156288112345254", "price": "0.95", "size": "14.97", "side": "SELL", "hash": "f840af8fc82e94b63c1d20b94b2e4feb37b0f150", "best_bid": "0.8", "best_ask": "0.83"}, {"asset_id": "92714767158282519723247724560387828941593726179269759014514785099742463503662", "price": "0.05", "size": "14.97", "side": "BUY", "hash": "d9cda62d8466490873c92a1c682fa87200ef18db", "best_bid": "0.17", "best_ask": "0.2"}], "timestamp": "1769384468863", "event_type": "price_change"}}
{"_local_timestamp": "2026-01-25T23:41:08.967994+00:00", "data": {"market": "0x76151c30f23ef5ee963e2f73fa49d5433b4db34839c39383bee4989cb270b639", "price_changes": [{"asset_id": "23504259219851075832272877441883189669703359970946991544021206156288112345254", "price": "0.93", "size": "223", "side": "SELL", "hash": "1f6097a756bcdbb76b722b51cfd189d1fda00dc6", "best_bid": "0.8", "best_ask": "0.83"}, {"asset_id": "92714767158282519723247724560387828941593726179269759014514785099742463503662", "price": "0.07", "size": "223", "side": "BUY", "hash": "925b28e618605d9f8805bd6fbed55f271df8e6d0", "best_bid": "0.17", "best_ask": "0.2"}], "timestamp": "1769384468896", "event_type": "price_change"}}
{"_local_timestamp": "2026-01-25T23:41:12.629466+00:00", "data": {"market": "0x76151c30f23ef5ee963e2f73fa49d5433b4db34839c39383bee4989cb270b639", "price_changes": [{"asset_id": "92714767158282519723247724560387828941593726179269759014514785099742463503662", "price": "0.06", "size": "0", "side": "BUY", "hash": "f33c7a6e22cc8fa2a1d660fc3f997882cfe9809f", "best_bid": "0.17", "best_ask": "0.2"}, {"asset_id": "23504259219851075832272877441883189669703359970946991544021206156288112345254", "price": "0.94", "size": "0", "side": "SELL", "hash": "1d3219af4511192e14e6b935f9e5f649cb154759", "best_bid": "0.8", "best_ask": "0.83"}], "timestamp": "1769384472559", "event_type": "price_change"}}
{"_local_timestamp": "2026-01-25T23:41:13.297023+00:00", "data": {"market": "0x76151c30f23ef5ee963e2f73fa49d5433b4db34839c39383bee4989cb270b639", "price_changes": [{"asset_id": "92714767158282519723247724560387828941593726179269759014514785099742463503662", "price": "0.08", "size": "100", "side": "BUY", "hash": "fa0ecf3513f5a310d19a88f568d363dd9cc81633", "best_bid": "0.17", "best_ask": "0.2"}, {"asset_id": "23504259219851075832272877441883189669703359970946991544021206156288112345254", "price": "0.92", "size": "100", "side": "SELL", "hash": "f704e4506de31b75de090c7cc608da8eb2c9dc24", "best_bid": "0.8", "best_ask": "0.83"}], "timestamp": "1769384473225", "event_type": "price_change"}}
{"_local_timestamp": "2026-01-25T23:41:13.316126+00:00", "data": {"market": "0x76151c30f23ef5ee963e2f73fa49d5433b4db34839c39383bee4989cb270b639", "price_changes": [{"asset_id": "23504259219851075832272877441883189669703359970946991544021206156288112345254", "price": "0.93", "size": "0", "side": "SELL", "hash": "77a99ab8ca0a3e86c86e09fafa37cd4b3500bacc", "best_bid": "0.8", "best_ask": "0.83"}, {"asset_id": "92714767158282519723247724560387828941593726179269759014514785099742463503662", "price": "0.07", "size": "0", "side": "BUY", "hash": "a9f5428872d1c85d59c35bfc76cd59a130024c32", "best_bid": "0.17", "best_ask": "0.2"}], "timestamp": "1769384473250", "event_type": "price_change"}}
{"_local_timestamp": "2026-01-25T23:41:13.350152+00:00", "data": {"market": "0x76151c30f23ef5ee963e2f73fa49d5433b4db34839c39383bee4989cb270b639", "price_changes": [{"asset_id": "23504259219851075832272877441883189669703359970946991544021206156288112345254", "price": "0.91", "size": "223", "side": "SELL", "hash": "a6d34ca1b1924077888ba424db59e44b09997485", "best_bid": "0.8", "best_ask": "0.83"}, {"asset_id": "92714767158282519723247724560387828941593726179269759014514785099742463503662", "price": "0.09", "size": "223", "side": "BUY", "hash": "1f0a04644df93052f775ee6275ee671eccdcfefe", "best_bid": "0.17", "best_ask": "0.2"}], "timestamp": "1769384473278", "event_type": "price_change"}}
