{"_local_timestamp": "2026-01-25T23:33:17.960081+00:00", "data": [{"market": "0x2821de9fbe90c422cb220dad69fe44dfdea8fdf8fb779e562b44be6db8c1daff", "asset_id": "63907313656443890447578607530571289622813903996374626191028175281541399992719", "timestamp": "1769383908589", "hash": "2a4aaec94d00e708b14e9694745ef05793bd2064", "bids": [{"price": "0.01", "size": "200"}, {"price": "0.02", "size": "7.78"}, {"price": "0.03", "size": "112"}, {"price": "0.04", "size": "21.1"}, {"price": "0.1", "size": "150"}, {"price": "0.14", "size": "20"}, {"price": "0.18", "size": "58.77"}, {"price": "0.19", "size": "14.36"}], "asks": [{"price": "0.99", "size": "9.77"}, {"price": "0.98", "size": "100"}, {"price": "0.97", "size": "2666"}, {"price": "0.96", "size": "7.67"}, {"price": "0.95", "size": "10"}, {"price": "0.93", "size": "36.17"}, {"price": "0.92", "size": "450"}, {"price": "0.9", "size": "7.5"}, {"price": "0.89", "size": "5.41"}, {"price": "0.88", "size": "283.33"}, {"price": "0.84", "size": "207.5"}, {"price": "0.83", "size": "2470"}, {"price": "0.8", "size": "140"}, {"price": "0.77", "size": "3294"}, {"price": "0.76", "size": "108.33"}, {"price": "0.75", "size": "155.11"}, {"price": "0.74", "size": "77.94"}, {"price": "0.72", "size": "85.71"}, {"price": "0.71", "size": "6"}, {"price": "0.68", "size": "62.5"}, {"price": "0.64", "size": "191.26"}, {"price": "0.6", "size": "12.5"}, {"price": "0.56", "size": "50"}, {"price": "0.53", "size": "20"}, {"price": "0.5", "size": "12.2"}, {"price": "0.45", "size": "324.44"}, {"price": "0.4", "size": "207.5"}, {"price": "0.39", "size": "160.04"}, {"price": "0.37", "size": "9.99"}, {"price": "0.34", "size": "19.82"}, {"price": "0.32", "size": "210"}, {"price": "0.29", "size": "53.52"}, {"price": "0.28", "size": "46.49"}], "event_type": "book", "last_trade_price": "0.810"}, {"market": "0x2821de9fbe90c422cb220dad69fe44dfdea8fdf8fb779e562b44be6db8c1daff", "asset_id": "39890597962674457250845749449459665270751867381015505470046259265145192761452", "timestamp": "1769383908589", "hash": "8ef035f91f847955e898aa4ab1b8aa58ff15d447", "bids": [{"price": "0.01", "size": "9.77"}, {"price": "0.02", "size": "100"}, {"price": "0.03", "size": "2666"}, {"price": "0.04", "size": "7.67"}, {"price": "0.05", "size": "10"}, {"price": "0.07", "size": "36.17"}, {"price": "0.08", "size": "450"}, {"price": "0.1", "size": "7.5"}, {"price": "0.11", "size": "5.41"}, {"price": "0.12", "size": "283.33"}, {"price": "0.16", "size": "207.5"}, {"price": "0.17", "size": "2470"}, {"price": "0.2", "size": "140"}, {"price": "0.23", "size": "3294"}, {"price": "0.24", "size": "108.33"}, {"price": "0.25", "size": "155.11"}, {"price": "0.26", "size": "77.94"}, {"price": "0.28", "size": "85.71"}, {"price": "0.29", "size": "6"}, {"price": "0.32", "size": "62.5"}, {"price": "0.36", "size": "191.26"}, {"price": "0.4", "size": "12.5"}, {"price": "0.44", "size": "50"}, {"price": "0.47", "size": "20"}, {"price": "0.5", "size": "12.2"}, {"price": "0.55", "size": "324.44"}, {"price": "0.6", "size": "207.5"}, {"price": "0.61", "size": "160.04"}, {"price": "0.63", "size": "9.99"}, {"price": "0.66", "size": "19.82"}, {"price": "0.68", "size": "210"}, {"price": "0.71", "size": "53.52"}, {"price": "0.72", "size": "46.49"}], "asks": [{"price": "0.99", "size": "200"}, {"price": "0.98", "size": "7.78"}, {"price": "0.97", "size": "112"}, {"price": "0.96", "size": "21.1"}, {"price": "0.9", "size": "150"}, {"price": "0.86", "size": "20"}, {"price": "0.82", "size": "58.77"}, {"price": "0.81", "size": "14.36"}], "event_type": "book", "last_trade_price": "0.810"}]}
{"_local_timestamp": "2026-01-25T23:33:51.823492+00:00", "data": {"market": "0x2821de9fbe90c422cb220dad69fe44dfdea8fdf8fb779e562b44be6db8c1daff", "price_changes": [{"asset_id": "39890597962674457250845749449459665270751867381015505470046259265145192761452", "price": "0.71", "size": "0", "side": "BUY", "hash": "8d533911926a2219ef50b64d599ff14f56e0893d", "best_bid": "0.72", "best_ask": "0.81"}, {"asset_id": "63907313656443890447578607530571289622813903996374626191028175281541399992719", "price": "0.29", "size": "0", "side": "SELL", "hash": "ed989db85b42e590e098d2bf68fbc321efb9d3bf", "best_bid": "0.19", "best_ask": "0.28"}], "timestamp": "1769384031739", "event_type": "price_change"}}
{"_local_timestamp": "2026-01-25T23:33:52.407731+00:00", "data": {"market": "0x2821de9fbe90c422cb220dad69fe44dfdea8fdf8fb779e562b44be6db8c1daff", "price_changes": [{"asset_id": "63907313656443890447578607530571289622813903996374626191028175281541399992719", "price": "0.28", "size": "19.82", "side": "SELL", "hash": "3cc6ba40c1e4e9d37de5e696f3a102b0c2895ba2", "best_bid": "0.19", "best_ask": "0.28"}, {"asset_id": "39890597962674457250845749449459665270751867381015505470046259265145192761452", "price": "0.72", "size": "19.82", "side": "BUY", "hash": "fd7acbf1fa6723513217b6b890cca8c60a8c8e75", "best_bid": "0.72", "best_ask": "0.81"}], "timestamp": "1769384032339", "event_type": "price_change"}}
{"_local_timestamp": "2026-01-25T23:33:52.484011+00:00", "data": {"market": "0x2821de9fbe90c422cb220dad69fe44dfdea8fdf8fb779e562b44be6db8c1daff", "price_changes": [{"asset_id": "63907313656443890447578607530571289622813903996374626191028175281541399992719", "price": "0.31", "size": "26.67", "side": "SELL", "hash": "4ee1d2847c272e4dc5ef398ce279f949c65b7b75", "best_bid": "0.19", "best_ask": "0.28"}, {"asset_id": "39890597962674457250845749449459665270751867381015505470046259265145192761452", "price": "0.69", "size": "26.67", "side": "BUY", "hash": "d7c8eca8fcea90f365ba03f6ae246e612ad31869", "best_bid": "0.72", "best_ask": "0.81"}], "timestamp": "1769384032412", "event_type": "price_change"}}
{"_local_timestamp": "2026-01-25T23:34:06.632462+00:00", "data": {"market": "0x2821de9fbe90c422cb220dad69fe44dfdea8fdf8fb779e562b44be6db8c1daff", "price_changes": [{"asset_id": "39890597962674457250845749449459665270751867381015505470046259265145192761452", "price": "0.72", "size": "0", "side": "BUY", "hash": "118c601f50270b2981d0eb8ba58d7f0593770385", "best_bid": "0.69", "best_ask": "0.81"}, {"asset_id": "63907313656443890447578607530571289622813903996374626191028175281541399992719", "price": "0.28", "size": "0", "side": "SELL", "hash": "6131dc7b70d5709276538518a97d2cf4185342cd", "best_bid": "0.19", "best_ask": "0.31"}], "timestamp": "1769384046553", "event_type": "price_change"}}
{"_local_timestamp": "2026-01-25T23:34:06.636315+00:00", "data": {"market": "0x2821de9fbe90c422cb220dad69fe44dfdea8fdf8fb779e562b44be6db8c1daff", "price_changes": [{"asset_id": "63907313656443890447578607530571289622813903996374626191028175281541399992719", "price": "0.1", "size": "50", "side": "BUY", "hash": "9a2ee673ef96154de828d1bc438ddbd1386ca241", "best_bid": "0.19", "best_ask": "0.31"}, {"asset_id": "39890597962674457250845749449459665270751867381015505470046259265145192761452", "price": "0.9", "size": "50", "side": "SELL", "hash": "9cd825a8d2532b66d00d602afe5d67647d9d8b77", "best_bid": "0.69", "best_ask": "0.81"}], "timestamp": "1769384046554", "event_type": "price_change"}}
{"_local_timestamp": "2026-01-25T23:34:06.636869+00:00", "data": {"market": "0x2821de9fbe90c422cb220dad69fe44dfdea8fdf8fb779e562b44be6db8c1daff", "price_changes": [{"asset_id": "63907313656443890447578607530571289622813903996374626191028175281541399992719", "price": "0.01", "size": "100", "side": "BUY", "hash": "9a2ee673ef96154de828d1bc438ddbd1386ca241", "best_bid": "0.19", "best_ask": "0.31"}, {"asset_id": "39890597962674457250845749449459665270751867381015505470046259265145192761452", "price": "0.99", "size": "100", "side": "SELL", "hash": "9cd825a8d2532b66d00d602afe5d67647d9d8b77", "best_bid": "0.69", "best_ask": "0.81"}], "timestamp": "1769384046554", "event_type": "price_change"}}
{"_local_timestamp": "2026-01-25T23:34:07.040031+00:00", "data": {"market": "0x2821de9fbe90c422cb220dad69fe44dfdea8fdf8fb779e562b44be6db8c1daff", "price_changes": [{"asset_id": "39890597962674457250845749449459665270751867381015505470046259265145192761452", "price": "0.2", "size": "0", "side": "BUY", "hash": "338d7993bcdd50dada0801db64cf84e0fb6d6939", "best_bid": "0.69", "best_ask": "0.81"}, {"asset_id": "63907313656443890447578607530571289622813903996374626191028175281541399992719", "price": "0.8", "size": "0", "side": "SELL", "hash": "1dcca7c4629a07734df8fa4503a6a56e098973e9", "best_bid": "0.19", "best_ask": "0.31"}], "timestamp": "1769384046967", "event_type": "price_change"}}
{"_local_timestamp": "2026-01-25T23:34:07.043808+00:00", "data": {"market": "0x2821de9fbe90c422cb220dad69fe44dfdea8fdf8fb779e562b44be6db8c1daff", "price_changes": [{"asset_id": "39890597962674457250845749449459665270751867381015505470046259265145192761452", "price": "0.32", "size": "0", "side": "BUY", "hash": "338d7993bcdd50dada0801db64cf84e0fb6d6939", "best_bid": "0.69", "best_ask": "0.81"}, {"asset_id": "63907313656443890447578607530571289622813903996374626191028175281541399992719", "price": "0.68", "size": "0", "side": "SELL", "hash": "1dcca7c4629a07734df8fa4503a6a56e098973e9", "best_bid": "0.19", "best_ask": "0.31"}], "timestamp": "1769384046967", "event_type": "price_change"}}
{"_local_timestamp": "2026-01-25T23:34:07.046026+00:00", "data": {"market": "0x2821de9fbe90c422cb220dad69fe44dfdea8fdf8fb779e562b44be6db8c1daff", "price_changes": [{"asset_id": "39890597962674457250845749449459665270751867381015505470046259265145192761452", "price": "0.28", "size": "0", "side": "BUY", "hash": "338d7993bcdd50dada0801db64cf84e0fb6d6939", "best_bid": "0.69", "best_ask": "0.81"}, {"asset_id": "63907313656443890447578607530571289622813903996374626191028175281541399992719", "price": "0.72", "size": "0", "side": "SELL", "hash": "1dcca7c4629a07734df8fa4503a6a56e098973e9", "best_bid": "0.19", "best_ask": "0.31"}], "timestamp": "1769384046967", "event_type": "price_change"}}
{"_local_timestamp": "2026-01-25T23:34:07.046353+00:00", "data": {"market": "0x2821de9fbe90c422cb220dad69fe44dfdea8fdf8fb779e562b44be6db8c1daff", "price_changes": [{"asset_id": "39890597962674457250845749449459665270751867381015505470046259265145192761452", "price": "0.12", "size": "0", "side": "BUY", "hash": "338d7993bcdd50dada0801db64cf84e0fb6d6939", "best_bid": "0.69", "best_ask": "0.81"}, {"asset_id": "63907313656443890447578607530571289622813903996374626191028175281541399992719", "price": "0.88", "size": "0", "side": "SELL", "hash": "1dcca7c4629a07734df8fa4503a6a56e098973e9", "best_bid": "0.19", "best_ask": "0.31"}], "timestamp": "1769384046967", "event_type": "price_change"}}
{"_local_timestamp": "2026-01-25T23:34:07.048848+00:00", "data": {"market": "0x2821de9fbe90c422cb220dad69fe44dfdea8fdf8fb779e562b44be6db8c1daff", "price_changes": [{"asset_id": "39890597962674457250845749449459665270751867381015505470046259265145192761452", "price": "0.16", "size": "7.5", "side": "BUY", "hash": "338d7993bcdd50dada0801db64cf84e0fb6d6939", "best_bid": "0.69", "best_ask": "0.81"}, {"asset_id": "63907313656443890447578607530571289622813903996374626191028175281541399992719", "price": "0.84", "size": "7.5", "side": "SELL", "hash": "1dcca7c4629a07734df8fa4503a6a56e098973e9", "best_bid": "0.19", "best_ask": "0.31"}], "timestamp": "1769384046967", "event_type": "price_change"}}
{"_local_timestamp": "2026-01-25T23:34:07.049275+00:00", "data": {"market": "0x2821de9fbe90c422cb220dad69fe44dfdea8fdf8fb779e562b44be6db8c1daff", "price_changes": [{"asset_id": "39890597962674457250845749449459665270751867381015505470046259265145192761452", "price": "0.24", "size": "0", "side": "BUY", "hash": "338d7993bcdd50dada0801db64cf84e0fb6d6939", "best_bid": "0.69", "best_ask": "0.81"}, {"asset_id": "63907313656443890447578607530571289622813903996374626191028175281541399992719", "price": "0.76", "size": "0", "side": "SELL", "hash": "1dcca7c4629a07734df8fa4503a6a56e098973e9", "best_bid": "0.19", "best_ask": "0.31"}], "timestamp": "1769384046967", "event_type": "price_change"}}
{"_local_timestamp": "2026-01-25T23:34:07.049846+00:00", "data": {"market": "0x2821de9fbe90c422cb220dad69fe44dfdea8fdf8fb779e562b44be6db8c1daff", "price_changes": [{"asset_id": "39890597962674457250845749449459665270751867381015505470046259265145192761452", "price": "0.08", "size": "0", "side": "BUY", "hash": "338d7993bcdd50dada0801db64cf84e0fb6d6939", "best_bid": "0.69", "best_ask": "0.81"}, {"asset_id": "63907313656443890447578607530571289622813903996374626191028175281541399992719", "price": "0.92", "size": "0", "side": "SELL", "hash": "1dcca7c4629a07734df8fa4503a6a56e098973e9", "best_bid": "0.19", "best_ask": "0.31"}], "timestamp": "1769384046967", "event_type": "price_change"}}
{"_local_timestamp": "2026-01-25T23:34:07.126256+00:00", "data": {"market": "0x2821de9fbe90c422cb220dad69fe44dfdea8fdf8fb779e562b44be6db8c1daff", "price_changes": [{"asset_id": "39890597962674457250845749449459665270751867381015505470046259265145192761452", "price": "0.7", "size": "19.82", "side": "BUY", "hash": "f4219adb127f33b3ad685b42a7eb1e83aecca3d5", "best_bid": "0.7", "best_ask": "0.81"}, {"asset_id": "63907313656443890447578607530571289622813903996374626191028175281541399992719", "price": "0.3", "size": "19.82", "side": "SELL", "hash": "39ee6d94976139e38b92829aed18e8ebd2774314", "best_bid": "0.19", "best_ask": "0.3"}], "timestamp": "1769384047034", "event_type": "price_change"}}
{"_local_timestamp": "2026-01-25T23:34:07.134504+00:00", "data": {"market": "0x2821de9fbe90c422cb220dad69fe44dfdea8fdf8fb779e562b44be6db8c1daff", "price_changes": [{"asset_id": "63907313656443890447578607530571289622813903996374626191028175281541399992719", "price": "0.01", "size": "166.66", "side": "BUY", "hash": "ff2cd4add0a020c9ebf6adb39bcb0b23517c35be", "best_bid": "0.19", "best_ask": "0.3"}, {"asset_id": "39890597962674457250845749449459665270751867381015505470046259265145192761452", "price": "0.99", "size": "166.66", "side": "SELL", "hash": "a86bedad32f69ae08f87430d8a4dcd939820d71d", "best_bid": "0.7", "best_ask": "0.81"}], "timestamp": "1769384047055", "event_type": "price_change"}}
{"_local_timestamp": "2026-01-25T23:34:07.134930+00:00", "data": {"market": "0x2821de9fbe90c422cb220dad69fe44dfdea8fdf8fb779e562b44be6db8c1daff", "price_changes": [{"asset_id": "63907313656443890447578607530571289622813903996374626191028175281541399992719", "price": "0.2", "size": "66.66", "side": "BUY", "hash": "cac1cc675da3811d7315bf05dd470434b3c55d98", "best_bid": "0.2", "best_ask": "0.3"}, {"asset_id": "39890597962674457250845749449459665270751867381015505470046259265145192761452", "price": "0.8", "size": "66.66", "side": "SELL", "hash": "e6de6741f6b306fe68290ee92792bd8f3ce2f394", "best_bid": "0.7", "best_ask": "0.8"}], "timestamp": "1769384047061", "event_type": "price_change"}}
{"_local_timestamp": "2026-01-25T23:34:07.171733+00:00", "data": {"market": "0x2821de9fbe90c422cb220dad69fe44dfdea8fdf8fb779e562b44be6db8c1daff", "price_changes": [{"asset_id": "63907313656443890447578607530571289622813903996374626191028175281541399992719", "price": "0.1", "size": "116.66", "side": "BUY", "hash": "b56101bdf9109eada87df11569d92c61f711cb43", "best_bid": "0.2", "best_ask": "0.3"}, {"asset_id": "39890597962674457250845749449459665270751867381015505470046259265145192761452", "price": "0.9", "size": "116.66", "side": "SELL", "hash": "0e32775b4d4126adc2930124d12fa39ffebe5110", "best_bid": "0.7", "best_ask": "0.8"}], "timestamp": "1769384047063", "event_type": "price_change"}}
{"_local_timestamp": "2026-01-25T23:34:07.309421+00:00", "data": {"market": "0x2821de9fbe90c422cb220dad69fe44dfdea8fdf8fb779e562b44be6db8c1daff", "price_changes": [{"asset_id": "39890597962674457250845749449459665270751867381015505470046259265145192761452", "price": "0.32", "size": "62.5", "side": "BUY", "hash": "b2bf85b461637ad818d25abc86b6f63934960902", "best_bid": "0.7", "best_ask": "0.8"}, {"asset_id": "63907313656443890447578607530571289622813903996374626191028175281541399992719", "price": "0.68", "size": "62.5", "side": "SELL", "hash": "dac4420c8c42e91c61bb92f3c3a28e51a7cf1f48", "best_bid": "0.2", "best_ask": "0.3"}], "timestamp": "1769384047235", "event_type": "price_change"}}
{"_local_timestamp": "2026-01-25T23:34:07.361288+00:00", "data": {"market": "0x2821de9fbe90c422cb220dad69fe44dfdea8fdf8fb779e562b44be6db8c1daff", "price_changes": [{"asset_id": "39890597962674457250845749449459665270751867381015505470046259265145192761452", "price": "0.28", "size": "85.71", "side": "BUY", "hash": "efae99f78df6fd2c8d92417f7aba9dfeb31a0786", "best_bid": "0.7", "best_ask": "0.8"}, {"asset_id": "63907313656443890447578607530571289622813903996374626191028175281541399992719", "price": "0.72", "size": "85.71", "side": "SELL", "hash": "d3548e74dff43e49236f19357cf52996e32c9e7d", "best_bid": "0.2", "best_ask": "0.3"}], "timestamp": "1769384047288", "event_type": "price_change"}}
{"_local_timestamp": "2026-01-25T23:34:07.401485+00:00", "data": {"market": "0x2821de9fbe90c422cb220dad69fe44dfdea8fdf8fb779e562b44be6db8c1daff", "price_changes": [{"asset_id": "39890597962674457250845749449459665270751867381015505470046259265145192761452", "price": "0.24", "size": "108.33", "side": "BUY", "hash": "bd2f2859cc40469d8088d340cd94311c864a1677", "best_bid": "0.7", "best_ask": "0.8"}, {"asset_id": "63907313656443890447578607530571289622813903996374626191028175281541399992719", "price": "0.76", "size": "108.33", "side": "SELL", "hash": "94d0728402bf00cbbd5ce61406ace2ae9e8b2c9a", "best_bid": "0.2", "best_ask": "0.3"}], "timestamp": "1769384047334", "event_type": "price_change"}}
{"_local_timestamp": "2026-01-25T23:34:07.451588+00:00", "data": {"market": "0x2821de9fbe90c422cb220dad69fe44dfdea8fdf8fb779e562b44be6db8c1daff", "price_changes": [{"asset_id": "39890597962674457250845749449459665270751867381015505470046259265145192761452", "price": "0.2", "size": "140", "side": "BUY", "hash": "a4c01eea2c29dba73281e13c91847245be9939d0", "best_bid": "0.7", "best_ask": "0.8"}, {"asset_id": "63907313656443890447578607530571289622813903996374626191028175281541399992719", "price": "0.8", "size": "140", "side": "SELL", "hash": "e319b7d74dbb21adcacd477aa0ec50901d5aae35", "best_bid": "0.2", "best_ask": "0.3"}], "timestamp": "1769384047380", "event_type": "price_change"}}
{"_local_timestamp": "2026-01-25T23:34:07.498569+00:00", "data": {"market": "0x2821de9fbe90c422cb220dad69fe44dfdea8fdf8fb779e562b44be6db8c1daff", "price_changes": [{"asset_id": "39890597962674457250845749449459665270751867381015505470046259265145192761452", "price": "0.16", "size": "207.5", "side": "BUY", "hash": "18f4a14412ef8ee31a1bf91b640268c9ac907c55", "best_bid": "0.7", "best_ask": "0.8"}, {"asset_id": "63907313656443890447578607530571289622813903996374626191028175281541399992719", "price": "0.84", "size": "207.5", "side": "SELL", "hash": "396992f240f36362a0f8acb75c252e232343cf90", "best_bid": "0.2", "best_ask": "0.3"}], "timestamp": "1769384047429", "event_type": "price_change"}}
{"_local_timestamp": "2026-01-25T23:34:07.547930+00:00", "data": {"market": "0x2821de9fbe90c422cb220dad69fe44dfdea8fdf8fb779e562b44be6db8c1daff", "price_changes": [{"asset_id": "39890597962674457250845749449459665270751867381015505470046259265145192761452", "price": "0.12", "size": "283.33", "side": "BUY", "hash": "7e412f96036af7e4eb8ff968d32141ac2fd65c7e", "best_bid": "0.7", "best_ask": "0.8"}, {"asset_id": "63907313656443890447578607530571289622813903996374626191028175281541399992719", "price": "0.88", "size": "283.33", "side": "SELL", "hash": "80d9fba50814928b3f0a111e86d3bdd5296d8110", "best_bid": "0.2", "best_ask": "0.3"}], "timestamp": "1769384047478", "event_type": "price_change"}}
{"_local_timestamp": "2026-01-25T23:34:07.593361+00:00", "data": {"market": "0x2821de9fbe90c422cb220dad69fe44dfdea8fdf8fb779e562b44be6db8c1daff", "price_changes": [{"asset_id": "39890597962674457250845749449459665270751867381015505470046259265145192761452", "price": "0.08", "size": "450", "side": "BUY", "hash": "c64ff9128f3db98f43bad98e473ae22cf7898e9e", "best_bid": "0.7", "best_ask": "0.8"}, {"asset_id": "63907313656443890447578607530571289622813903996374626191028175281541399992719", "price": "0.92", "size": "450", "side": "SELL", "hash": "dd8e53a93d3fd13a42bfe2ae03d4b7f71f4343d8", "best_bid": "0.2", "best_ask": "0.3"}], "timestamp": "1769384047526", "event_type": "price_change"}}
