{"_local_timestamp": "2026-01-25T23:33:31.781748+00:00", "data": [{"market": "0x76151c30f23ef5ee963e2f73fa49d5433b4db34839c39383bee4989cb270b639", "asset_id": "23504259219851075832272877441883189669703359970946991544021206156288112345254", "timestamp": "1769383999322", "hash": "c42dcaa10be00ad454ab7807154d56ecd15cd5d8", "bids": [{"price": "0.01", "size": "20.16"}, {"price": "0.02", "size": "1000"}, {"price": "0.03", "size": "5.79"}, {"price": "0.05", "size": "10"}, {"price": "0.06", "size": "700"}, {"price": "0.07", "size": "10.35"}, {"price": "0.08", "size": "5"}, {"price": "0.15", "size": "1366"}, {"price": "0.16", "size": "2624"}, {"price": "0.29", "size": "10.48"}, {"price": "0.3", "size": "3726"}, {"price": "0.31", "size": "300"}, {"price": "0.32", "size": "6"}, {"price": "0.47", "size": "50"}, {"price": "0.64", "size": "1308.55"}, {"price": "0.67", "size": "265"}, {"price": "0.78", "size": "1225"}, {"price": "0.79", "size": "227.49"}, {"price": "0.8", "size": "391"}], "asks": [{"price": "0.99", "size": "29.14"}, {"price": "0.98", "size": "6.84"}, {"price": "0.96", "size": "99"}, {"price": "0.93", "size": "238"}, {"price": "0.92", "size": "107.86"}, {"price": "0.85", "size": "5.56"}, {"price": "0.83", "size": "105.56"}], "event_type": "book", "last_trade_price": "0.200"}, {"market": "0x76151c30f23ef5ee963e2f73fa49d5433b4db34839c39383bee4989cb270b639", "asset_id": "92714767158282519723247724560387828941593726179269759014514785099742463503662", "timestamp": "1769383999322", "hash": "ba211c190ddfa805a0468fdd43aaf4a58c9f27f4", "bids": [{"price": "0.01", "size": "29.14"}, {"price": "0.02", "size": "6.84"}, {"price": "0.04", "size": "99"}, {"price": "0.07", "size": "238"}, {"price": "0.08", "size": "107.86"}, {"price": "0.15", "size": "5.56"}, {"price": "0.17", "size": "105.56"}], "asks": [{"price": "0.99", "size": "20.16"}, {"price": "0.98", "size": "1000"}, {"price": "0.97", "size": "5.79"}, {"price": "0.95", "size": "10"}, {"price": "0.94", "size": "700"}, {"price": "0.93", "size": "10.35"}, {"price": "0.92", "size": "5"}, {"price": "0.85", "size": "1366"}, {"price": "0.84", "size": "2624"}, {"price": "0.71", "size": "10.48"}, {"price": "0.7", "size": "3726"}, {"price": "0.69", "size": "300"}, {"price": "0.68", "size": "6"}, {"price": "0.53", "size": "50"}, {"price": "0.36", "size": "1308.55"}, {"price": "0.33", "size": "265"}, {"price": "0.22", "size": "1225"}, {"price": "0.21", "size": "227.49"}, {"price": "0.2", "size": "391"}], "event_type": "book", "last_trade_price": "0.200"}]}
{"_local_timestamp": "2026-01-25T23:33:55.105563+00:00", "data": {"market": "0x76151c30f23ef5ee963e2f73fa49d5433b4db34839c39383bee4989cb270b639", "price_changes": [{"asset_id": "23504259219851075832272877441883189669703359970946991544021206156288112345254", "price": "0.8", "size": "291", "side": "BUY", "hash": "7513bb7b228d4553b537061ccd9eca3d1103e4a8", "best_bid": "0.8", "best_ask": "0.83"}, {"asset_id": "92714767158282519723247724560387828941593726179269759014514785099742463503662", "price": "0.2", "size": "291", "side": "SELL", "hash": "d38d6b0af2279ead5835cce7c5e7637637288b98", "best_bid": "0.17", "best_ask": "0.2"}], "timestamp": "1769384035001", "event_type": "price_change"}}
{"_local_timestamp": "2026-01-25T23:33:55.106452+00:00", "data": {"market": "0x76151c30f23ef5ee963e2f73fa49d5433b4db34839c39383bee4989cb270b639", "price_changes": [{"asset_id": "92714767158282519723247724560387828941593726179269759014514785099742463503662", "price": "0.17", "size": "5.56", "side": "BUY", "hash": "e2a8ed0d915a147b1f1386ad233456182145209e", "best_bid": "0.17", "best_ask": "0.2"}, {"asset_id": "23504259219851075832272877441883189669703359970946991544021206156288112345254", "price": "0.83", "size": "5.56", "side": "SELL", "hash": "74c37fed476658a682dd44bdf15a68c5d203ad6f", "best_bid": "0.8", "best_ask": "0.83"}], "timestamp": "1769384035004", "event_type": "price_change"}}
{"_local_timestamp": "2026-01-25T23:33:55.135885+00:00", "data": {"market": "0x76151c30f23ef5ee963e2f73fa49d5433b4db34839c39383bee4989cb270b639", "price_changes": [{"asset_id": "23504259219851075832272877441883189669703359970946991544021206156288112345254", "price": "0.93", "size": "0", "side": "SELL", "hash": "38ba93850ee4a6249619a311b8da099cb8748196", "best_bid": "0.8", "best_ask": "0.83"}, {"asset_id": "92714767158282519723247724560387828941593726179269759014514785099742463503662", "price": "0.07", "size": "0", "side": "BUY", "hash": "1297f7e9c0808f52d1d292f86cb19ff1ce30a4f3", "best_bid": "0.17", "best_ask": "0.2"}], "timestamp": "1769384035057", "event_type": "price_change"}}
{"_local_timestamp": "2026-01-25T23:33:55.204067+00:00", "data": {"market": "0x76151c30f23ef5ee963e2f73fa49d5433b4db34839c39383bee4989cb270b639", "price_changes": [{"asset_id": "23504259219851075832272877441883189669703359970946991544021206156288112345254", "price": "0.95", "size": "246", "side": "SELL", "hash": "2f0a74c3a59c1cfdc520b7f47c1800b135bb27ea", "best_bid": "0.8", "best_ask": "0.83"}, {"asset_id": "92714767158282519723247724560387828941593726179269759014514785099742463503662", "price": "0.05", "size": "246", "side": "BUY", "hash": "e16ed1b09d9a4ba55edc79b5de27c5cab33c531c", "best_bid": "0.17", "best_ask": "0.2"}], "timestamp": "1769384035130", "event_type": "price_change"}}
{"_local_timestamp": "2026-01-25T23:33:57.918903+00:00", "data": {"market": "0x76151c30f23ef5ee963e2f73fa49d5433b4db34839c39383bee4989cb270b639", "price_changes": [{"asset_id": "92714767158282519723247724560387828941593726179269759014514785099742463503662", "price": "0.08", "size": "7.86", "side": "BUY", "hash": "f89e630a38e94a046ca0a6d776f12796e5b67d17", "best_bid": "0.17", "best_ask": "0.2"}, {"asset_id": "23504259219851075832272877441883189669703359970946991544021206156288112345254", "price": "0.92", "size": "7.86", "side": "SELL", "hash": "4752aad2e3d265b558488885471d2c868573b8a3", "best_bid": "0.8", "best_ask": "0.83"}], "timestamp": "1769384037849", "event_type": "price_change"}}
{"_local_timestamp": "2026-01-25T23:33:57.941522+00:00", "data": {"market": "0x76151c30f23ef5ee963e2f73fa49d5433b4db34839c39383bee4989cb270b639", "price_changes": [{"asset_id": "23504259219851075832272877441883189669703359970946991544021206156288112345254", "price": "0.95", "size": "0", "side": "SELL", "hash": "9d35bad99841b1ea5aa7af2c7b727d04d35c933e", "best_bid": "0.8", "best_ask": "0.83"}, {"asset_id": "92714767158282519723247724560387828941593726179269759014514785099742463503662", "price": "0.05", "size": "0", "side": "BUY", "hash": "9aa4a309cedef6052f042f24f2bb68a93bcdc62c", "best_bid": "0.17", "best_ask": "0.2"}], "timestamp": "1769384037877", "event_type": "price_change"}}
{"_local_timestamp": "2026-01-25T23:33:57.941881+00:00", "data": {"market": "0x76151c30f23ef5ee963e2f73fa49d5433b4db34839c39383bee4989cb270b639", "price_changes": [{"asset_id": "23504259219851075832272877441883189669703359970946991544021206156288112345254", "price": "0.67", "size": "200", "side": "BUY", "hash": "9d35bad99841b1ea5aa7af2c7b727d04d35c933e", "best_bid": "0.8", "best_ask": "0.83"}, {"asset_id": "92714767158282519723247724560387828941593726179269759014514785099742463503662", "price": "0.33", "size": "200", "side": "SELL", "hash": "9aa4a309cedef6052f042f24f2bb68a93bcdc62c", "best_bid": "0.17", "best_ask": "0.2"}], "timestamp": "1769384037877", "event_type": "price_change"}}
{"_local_timestamp": "2026-01-25T23:33:58.687523+00:00", "data": {"market": "0x76151c30f23ef5ee963e2f73fa49d5433b4db34839c39383bee4989cb270b639", "price_changes": [{"asset_id": "92714767158282519723247724560387828941593726179269759014514785099742463503662", "price": "0.06", "size": "100", "side": "BUY", "hash": "94344593cc918f72939fe9d9fc70b67b36dd7d58", "best_bid": "0.17", "best_ask": "0.2"}, {"asset_id": "23504259219851075832272877441883189669703359970946991544021206156288112345254", "price": "0.94", "size": "100", "side": "SELL", "hash": "64acbe171705b1c2caeb45f4b9ae4872dd9b9549", "best_bid": "0.8", "best_ask": "0.83"}], "timestamp": "1769384038611", "event_type": "price_change"}}
{"_local_timestamp": "2026-01-25T23:33:58.719998+00:00", "data": {"market": "0x76151c30f23ef5ee963e2f73fa49d5433b4db34839c39383bee4989cb270b639", "price_changes": [{"asset_id": "23504259219851075832272877441883189669703359970946991544021206156288112345254", "price": "0.93", "size": "234", "side": "SELL", "hash": "4061bab99f93ad548876c07506cb456db6355a16", "best_bid": "0.8", "best_ask": "0.83"}, {"asset_id": "92714767158282519723247724560387828941593726179269759014514785099742463503662", "price": "0.07", "size": "234", "side": "BUY", "hash": "e51b5f7a8c14af5466a7d62c909b5af17bece748", "best_bid": "0.17", "best_ask": "0.2"}], "timestamp": "1769384038640", "event_type": "price_change"}}
{"_local_timestamp": "2026-01-25T23:33:58.721593+00:00", "data": {"market": "0x76151c30f23ef5ee963e2f73fa49d5433b4db34839c39383bee4989cb270b639", "price_changes": [{"asset_id": "23504259219851075832272877441883189669703359970946991544021206156288112345254", "price": "0.67", "size": "265", "side": "BUY", "hash": "506a9590881082efb9bb98f0c6ccbf277ef0293d", "best_bid": "0.8", "best_ask": "0.83"}, {"asset_id": "92714767158282519723247724560387828941593726179269759014514785099742463503662", "price": "0.33", "size": "265", "side": "SELL", "hash": "f98628d7d4fec5d6a4e635bc11a15f5124e78c20", "best_bid": "0.17", "best_ask": "0.2"}], "timestamp": "1769384038643", "event_type": "price_change"}}
{"_local_timestamp": "2026-01-25T23:34:00.678793+00:00", "data": {"market": "0x76151c30f23ef5ee963e2f73fa49d5433b4db34839c39383bee4989cb270b639", "price_changes": [{"asset_id": "92714767158282519723247724560387828941593726179269759014514785099742463503662", "price": "0.12", "size": "100", "side": "BUY", "hash": "ce8c85e99ead6a604aeea5cfad47e59ed9ab1107", "best_bid": "0.17", "best_ask": "0.2"}, {"asset_id": "23504259219851075832272877441883189669703359970946991544021206156288112345254", "price": "0.88", "size": "100", "side": "SELL", "hash": "bedb945c774a02c67599bc59b9a7aff31c50c90a", "best_bid": "0.8", "best_ask": "0.83"}], "timestamp": "1769384040606", "event_type": "price_change"}}
{"_local_timestamp": "2026-01-25T23:34:00.699053+00:00", "data": {"market": "0x76151c30f23ef5ee963e2f73fa49d5433b4db34839c39383bee4989cb270b639", "price_changes": [{"asset_id": "23504259219851075832272877441883189669703359970946991544021206156288112345254", "price": "0.93", "size": "0", "side": "SELL", "hash": "f175f586d72de460c0bec21ca4fef08f986c94c4", "best_bid": "0.8", "best_ask": "0.83"}, {"asset_id": "92714767158282519723247724560387828941593726179269759014514785099742463503662", "price": "0.07", "size": "0", "side": "BUY", "hash": "e7ca5b17f1527b9d6125a8e47b7cb81eb8e94c27", "best_bid": "0.17", "best_ask": "0.2"}], "timestamp": "1769384040632", "event_type": "price_change"}}
{"_local_timestamp": "2026-01-25T23:34:02.487532+00:00", "data": {"market": "0x76151c30f23ef5ee963e2f73fa49d5433b4db34839c39383bee4989cb270b639", "price_changes": [{"asset_id": "92714767158282519723247724560387828941593726179269759014514785099742463503662", "price": "0.06", "size": "0", "side": "BUY", "hash": "9d92c57d2b4ec585d8e8664968a504c39f58e01b", "best_bid": "0.17", "best_ask": "0.2"}, {"asset_id": "23504259219851075832272877441883189669703359970946991544021206156288112345254", "price": "0.94", "size": "0", "side": "SELL", "hash": "b3053a5e631eed6b5c674f5eb4ae2e72738d1624", "best_bid": "0.8", "best_ask": "0.83"}], "timestamp": "1769384042406", "event_type": "price_change"}}
{"_local_timestamp": "2026-01-25T23:34:03.237949+00:00", "data": {"market": "0x76151c30f23ef5ee963e2f73fa49d5433b4db34839c39383bee4989cb270b639", "price_changes": [{"asset_id": "92714767158282519723247724560387828941593726179269759014514785099742463503662", "price": "0.05", "size": "100", "side": "BUY", "hash": "0a2082c1a7efba1462114e1a6de00015880ff0d1", "best_bid": "0.17", "best_ask": "0.2"}, {"asset_id": "23504259219851075832272877441883189669703359970946991544021206156288112345254", "price": "0.95", "size": "100", "side": "SELL", "hash": "0ea6084a2d170a6bf59da9b24ec621a09f14ac9f", "best_bid": "0.8", "best_ask": "0.83"}], "timestamp": "1769384043168", "event_type": "price_change"}}
