{"_local_timestamp": "2026-01-25T23:41:10.599895+00:00", "data": [{"market": "0x1735b95b08192800f7262274dc50b8b5e8de2f35b21997e7c335728d4151384c", "asset_id": "48162119676656612561189735231742221608290861173275138143165991563947969748435", "timestamp": "1769384440593", "hash": "c3af43947014f010e16b36f08502e0ef5c3a9d16", "bids": [{"price": "0.01", "size": "1164.71"}, {"price": "0.02", "size": "400"}, {"price": "0.03", "size": "10.14"}, {"price": "0.05", "size": "40"}, {"price": "0.06", "size": "66"}, {"price": "0.09", "size": "111.11"}, {"price": "0.1", "size": "500"}, {"price": "0.11", "size": "5.44"}, {"price": "0.15", "size": "325"}, {"price": "0.16", "size": "125"}, {"price": "0.18", "size": "2607"}, {"price": "0.19", "size": "100"}, {"price": "0.27", "size": "150"}, {"price": "0.51", "size": "15.69"}, {"price": "0.55", "size": "10"}, {"price": "0.62", "size": "210.8"}, {"price": "0.73", "size": "200"}, {"price": "0.74", "size": "32.42"}, {"price": "0.78", "size": "410"}, {"price": "0.8", "size": "227"}, {"price": "0.81", "size": "267.36"}], "asks": [{"price": "0.99", "size": "62.35"}, {"price": "0.98", "size": "77"}, {"price": "0.97", "size": "11.11"}, {"price": "0.96", "size": "100"}, {"price": "0.95", "size": "100"}, {"price": "0.94", "size": "200"}, {"price": "0.93", "size": "8.46"}, {"price": "0.92", "size": "97.82"}, {"price": "0.91", "size": "111.11"}, {"price": "0.9", "size": "240"}, {"price": "0.86", "size": "180"}, {"price": "0.85", "size": "110"}, {"price": "0.84", "size": "471"}, {"price": "0.83", "size": "1030.25"}, {"price": "0.82", "size": "25"}], "event_type": "book", "last_trade_price": "0.810"}, {"market": "0x1735b95b08192800f7262274dc50b8b5e8de2f35b21997e7c335728d4151384c", "asset_id": "78219240344939370659624343044357637277229413594751787822700976899545661472427", "timestamp": "1769384440593", "hash": "d7d6553cb26cf4e44b141b6596a18976945c22e6", "bids": [{"price": "0.01", "size": "62.35"}, {"price": "0.02", "size": "77"}, {"price": "0.03", "size": "11.11"}, {"price": "0.04", "size": "100"}, {"price": "0.05", "size": "100"}, {"price": "0.06", "size": "200"}, {"price": "0.07", "size": "8.46"}, {"price": "0.08", "size": "97.82"}, {"price": "0.09", "size": "111.11"}, {"price": "0.1", "size": "240"}, {"price": "0.14", "size": "180"}, {"price": "0.15", "size": "110"}, {"price": "0.16", "size": "471"}, {"price": "0.17", "size": "1030.25"}, {"price": "0.18", "size": "25"}], "asks": [{"price": "0.99", "size": "1164.71"}, {"price": "0.98", "size": "400"}, {"price": "0.97", "size": "10.14"}, {"price": "0.95", "size": "40"}, {"price": "0.94", "size": "66"}, {"price": "0.91", "size": "111.11"}, {"price": "0.9", "size": "500"}, {"price": "0.89", "size": "5.44"}, {"price": "0.85", "size": "325"}, {"price": "0.84", "size": "125"}, {"price": "0.82", "size": "2607"}, {"price": "0.81", "size": "100"}, {"price": "0.73", "size": "150"}, {"price": "0.49", "size": "15.69"}, {"price": "0.45", "size": "10"}, {"price": "0.38", "size": "210.8"}, {"price": "0.27", "size": "200"}, {"price": "0.26", "size": "32.42"}, {"price": "0.22", "size": "410"}, {"price": "0.2", "size": "227"}, {"price": "0.19", "size": "267.36"}], "event_type": "book", "last_trade_price": "0.810"}]}
{"_local_timestamp": "2026-01-25T23:41:14.757070+00:00", "data": {"market": "0x1735b95b08192800f7262274dc50b8b5e8de2f35b21997e7c335728d4151384c", "price_changes": [{"asset_id": "48162119676656612561189735231742221608290861173275138143165991563947969748435", "price": "0.18", "size": "275", "side": "BUY", "hash": "aac662bc2377e23f3895785e64472b005781542b", "best_bid": "0.81", "best_ask": "0.82"}, {"asset_id": "78219240344939370659624343044357637277229413594751787822700976899545661472427", "price": "0.82", "size": "275", "side": "SELL", "hash": "edf0155324db5921dc1f1b430214b89b81784e8d", "best_bid": "0.18", "best_ask": "0.19"}], "timestamp": "1769384474539", "event_type": "price_change"}}
{"_local_timestamp": "2026-01-25T23:41:48.910823+00:00", "data": {"market": "0x1735b95b08192800f7262274dc50b8b5e8de2f35b21997e7c335728d4151384c", "price_changes": [{"asset_id": "48162119676656612561189735231742221608290861173275138143165991563947969748435", "price": "0.2", "size": "2100", "side": "BUY", "hash": "ce9e55f23214643d1f3d1e1cf5be735d3011ae14", "best_bid": "0.81", "best_ask": "0.82"}, {"asset_id": "78219240344939370659624343044357637277229413594751787822700976899545661472427", "price": "0.8", "size": "2100", "side": "SELL", "hash": "4725645713c8be895c8a86f9246042faa483bcf0", "best_bid": "0.18", "best_ask": "0.19"}], "timestamp": "1769384508838", "event_type": "price_change"}}
{"_local_timestamp": "2026-01-25T23:42:24.544823+00:00", "data": {"market": "0x1735b95b08192800f7262274dc50b8b5e8de2f35b21997e7c335728d4151384c", "price_changes": [{"asset_id": "48162119676656612561189735231742221608290861173275138143165991563947969748435", "price": "0.19", "size": "0", "side": "BUY", "hash": "f9f695a77b0410243d4a6e89240bbd894020537b", "best_bid": "0.81", "best_ask": "0.82"}, {"asset_id": "78219240344939370659624343044357637277229413594751787822700976899545661472427", "price": "0.81", "size": "0", "side": "SELL", "hash": "67f961937bbbaf49117b5c94e86f73c8e9e19644", "best_bid": "0.18", "best_ask": "0.19"}], "timestamp": "1769384544474", "event_type": "price_change"}}
{"_local_timestamp": "2026-01-25T23:42:25.028539+00:00", "data": {"market": "0x1735b95b08192800f7262274dc50b8b5e8de2f35b21997e7c335728d4151384c", "price_changes": [{"asset_id": "48162119676656612561189735231742221608290861173275138143165991563947969748435", "price": "0.18", "size": "375", "side": "BUY", "hash": "373e9ff4699772dbf863f5aea748ea552928cdbf", "best_bid": "0.81", "best_ask": "0.82"}, {"asset_id": "78219240344939370659624343044357637277229413594751787822700976899545661472427", "price": "0.82", "size": "375", "side": "SELL", "hash": "920a03e32aa1b555e4282ee708cc54cd294d0db4", "best_bid": "0.18", "best_ask": "0.19"}], "timestamp": "1769384544904", "event_type": "price_change"}}
{"_local_timestamp": "2026-01-25T23:42:47.230640+00:00", "data": {"market": "0x1735b95b08192800f7262274dc50b8b5e8de2f35b21997e7c335728d4151384c", "price_changes": [{"asset_id": "48162119676656612561189735231742221608290861173275138143165991563947969748435", "price": "0.2", "size": "0", "side": "BUY", "hash": "2e58bceb5d93cfad59298613d63b32a795fbb87e", "best_bid": "0.81", "best_ask": "0.82"}, {"asset_id": "78219240344939370659624343044357637277229413594751787822700976899545661472427", "price": "0.8", "size": "0", "side": "SELL", "hash": "b86f27e4e96ea9843d6cfc1d8aece90901cac5eb", "best_bid": "0.18", "best_ask": "0.19"}], "timestamp": "1769384566995", "event_type": "price_change"}}
{"_local_timestamp": "2026-01-25T23:43:08.138896+00:00", "data": {"market": "0x1735b95b08192800f7262274dc50b8b5e8de2f35b21997e7c335728d4151384c", "price_changes": [{"asset_id": "48162119676656612561189735231742221608290861173275138143165991563947969748435", "price": "0.8", "size": "177", "side": "BUY", "hash": "04b4dcb70247cc1ec2de93a279ce0f100ab7c480", "best_bid": "0.81", "best_ask": "0.82"}, {"asset_id": "78219240344939370659624343044357637277229413594751787822700976899545661472427", "price": "0.2", "size": "177", "side": "SELL", "hash": "36670e521e2019b005517b8d03e05066b0fe659a", "best_bid": "0.18", "best_ask": "0.19"}], "timestamp": "1769384588000", "event_type": "price_change"}}
{"_local_timestamp": "2026-01-25T23:43:08.182642+00:00", "data": {"market": "0x1735b95b08192800f7262274dc50b8b5e8de2f35b21997e7c335728d4151384c", "price_changes": [{"asset_id": "78219240344939370659624343044357637277229413594751787822700976899545661472427", "price": "0.17", "size": "980.25", "side": "BUY", "hash": "695bc15625c55b4ebfa394f35f1ac2b86d7e7293", "best_bid": "0.18", "best_ask": "0.19"}, {"asset_id": "48162119676656612561189735231742221608290861173275138143165991563947969748435", "price": "0.83", "size": "980.25", "side": "SELL", "hash": "c22d0ec09da5a02ce63f7d16b175388dd5ea197c", "best_bid": "0.81", "best_ask": "0.82"}], "timestamp": "1769384588005", "event_type": "price_change"}}
{"_local_timestamp": "2026-01-25T23:43:41.302178+00:00", "data": {"market": "0x1735b95b08192800f7262274dc50b8b5e8de2f35b21997e7c335728d4151384c", "price_changes": [{"asset_id": "48162119676656612561189735231742221608290861173275138143165991563947969748435", "price": "0.19", "size": "2210", "side": "BUY", "hash": "1a6838251ea7342cf1d9cdd1606ce992c8cc1442", "best_bid": "0.81", "best_ask": "0.82"}, {"asset_id": "78219240344939370659624343044357637277229413594751787822700976899545661472427", "price": "0.81", "size": "2210", "side": "SELL", "hash": "b3ed798aa5b4c2b736efe61adf1656d621812b91", "best_bid": "0.18", "best_ask": "0.19"}], "timestamp": "1769384621237", "event_type": "price_change"}}
{"_local_timestamp": "2026-01-25T23:44:08.463771+00:00", "data": {"market": "0x1735b95b08192800f7262274dc50b8b5e8de2f35b21997e7c335728d4151384c", "price_changes": [{"asset_id": "48162119676656612561189735231742221608290861173275138143165991563947969748435", "price": "0.18", "size": "275", "side": "BUY", "hash": "08d79de26306d05a4daf63d476a873c98c62c956", "best_bid": "0.81", "best_ask": "0.82"}, {"asset_id": "78219240344939370659624343044357637277229413594751787822700976899545661472427", "price": "0.82", "size": "275", "side": "SELL", "hash": "aec73fa444edd0a8cb6ee5c3a56107c15c718d1f", "best_bid": "0.18", "best_ask": "0.19"}], "timestamp": "1769384648344", "event_type": "price_change"}}
{"_local_timestamp": "2026-01-25T23:44:09.048271+00:00", "data": {"market": "0x1735b95b08192800f7262274dc50b8b5e8de2f35b21997e7c335728d4151384c", "price_changes": [{"asset_id": "48162119676656612561189735231742221608290861173275138143165991563947969748435", "price": "0.2", "size": "100", "side": "BUY", "hash": "9594c7d3f4d3da6755e66a63147fb0a47c0bae5a", "best_bid": "0.81", "best_ask": "0.82"}, {"asset_id": "78219240344939370659624343044357637277229413594751787822700976899545661472427", "price": "0.8", "size": "100", "side": "SELL", "hash": "5bf1f180f86092e562a1c903000398b4d464bfdd", "best_bid": "0.18", "best_ask": "0.19"}], "timestamp": "1769384648781", "event_type": "price_change"}}
{"_local_timestamp": "2026-01-25T23:44:14.290225+00:00", "data": {"market": "0x1735b95b08192800f7262274dc50b8b5e8de2f35b21997e7c335728d4151384c", "price_changes": [{"asset_id": "48162119676656612561189735231742221608290861173275138143165991563947969748435", "price": "0.8", "size": "127", "side": "BUY", "hash": "34d6d7d5bafd4107ad452a7f6d3dc8b5a98b6875", "best_bid": "0.81", "best_ask": "0.82"}, {"asset_id": "78219240344939370659624343044357637277229413594751787822700976899545661472427", "price": "0.2", "size": "127", "side": "SELL", "hash": "e079eed59c591cf7c4b24269a26b862f8eac4dc6", "best_bid": "0.18", "best_ask": "0.19"}], "timestamp": "1769384654223", "event_type": "price_change"}}
{"_local_timestamp": "2026-01-25T23:44:14.551332+00:00", "data": {"market": "0x1735b95b08192800f7262274dc50b8b5e8de2f35b21997e7c335728d4151384c", "price_changes": [{"asset_id": "48162119676656612561189735231742221608290861173275138143165991563947969748435", "price": "0.8", "size": "291", "side": "BUY", "hash": "3fcc71cf018ea08315663307988f5f97cffef0df", "best_bid": "0.81", "best_ask": "0.82"}, {"asset_id": "78219240344939370659624343044357637277229413594751787822700976899545661472427", "price": "0.2", "size": "291", "side": "SELL", "hash": "71f2989dafbcd3aa7cc16a59aaf487178a56831f", "best_bid": "0.18", "best_ask": "0.19"}], "timestamp": "1769384654483", "event_type": "price_change"}}
{"_local_timestamp": "2026-01-25T23:44:18.085397+00:00", "data": {"market": "0x1735b95b08192800f7262274dc50b8b5e8de2f35b21997e7c335728d4151384c", "price_changes": [{"asset_id": "78219240344939370659624343044357637277229413594751787822700976899545661472427", "price": "0.17", "size": "930.25", "side": "BUY", "hash": "24de68a62c2bcdb84876219685c3e94c5972ab46", "best_bid": "0.18", "best_ask": "0.19"}, {"asset_id": "48162119676656612561189735231742221608290861173275138143165991563947969748435", "price": "0.83", "size": "930.25", "side": "SELL", "hash": "beacfac0055a27076685ad474c011c35790c34e8", "best_bid": "0.81", "best_ask": "0.82"}], "timestamp": "1769384658002", "event_type": "price_change"}}
{"_local_timestamp": "2026-01-25T23:44:18.303535+00:00", "data": {"market": "0x1735b95b08192800f7262274dc50b8b5e8de2f35b21997e7c335728d4151384c", "price_changes": [{"asset_id": "78219240344939370659624343044357637277229413594751787822700976899545661472427", "price": "0.17", "size": "1094.25", "side": "BUY", "hash": "c1cb1cf610c45ab5143eeb9023158149e941a6f7", "best_bid": "0.18", "best_ask": "0.19"}, {"asset_id": "48162119676656612561189735231742221608290861173275138143165991563947969748435", "price": "0.83", "size": "1094.25", "side": "SELL", "hash": "f919092ee5959ecfb331d4de1f3a7b25d0b44bad", "best_bid": "0.81", "best_ask": "0.82"}], "timestamp": "1769384658223", "event_type": "price_change"}}
{"_local_timestamp": "2026-01-25T23:44:20.532031+00:00", "data": {"market": "0x1735b95b08192800f7262274dc50b8b5e8de2f35b21997e7c335728d4151384c", "price_changes": [{"asset_id": "48162119676656612561189735231742221608290861173275138143165991563947969748435", "price": "0.18", "size": "125", "side": "BUY", "hash": "543ef4d6b37b7acdbf492adf6f49af7e233c681b", "best_bid": "0.81", "best_ask": "0.82"}, {"asset_id": "78219240344939370659624343044357637277229413594751787822700976899545661472427", "price": "0.82", "size": "125", "side": "SELL", "hash": "4b34276a0ec547cedcf332f9768a5a3514428de6", "best_bid": "0.18", "best_ask": "0.19"}], "timestamp": "1769384660461", "event_type": "price_change"}}
{"_local_timestamp": "2026-01-25T23:44:21.199996+00:00", "data": {"market": "0x1735b95b08192800f7262274dc50b8b5e8de2f35b21997e7c335728d4151384c", "price_changes": [{"asset_id": "48162119676656612561189735231742221608290861173275138143165991563947969748435", "price": "0.2", "size": "250", "side": "BUY", "hash": "426ee2935fd655b1db388da1ef7485ef86cbfc0f", "best_bid": "0.81", "best_ask": "0.82"}, {"asset_id": "78219240344939370659624343044357637277229413594751787822700976899545661472427", "price": "0.8", "size": "250", "side": "SELL", "hash": "29ef74f25a0074ed8ca252a288042aa72e85d61e", "best_bid": "0.18", "best_ask": "0.19"}], "timestamp": "1769384660828", "event_type": "price_change"}}
{"_local_timestamp": "2026-01-25T23:45:53.145641+00:00", "data": {"market": "0x1735b95b08192800f7262274dc50b8b5e8de2f35b21997e7c335728d4151384c", "price_changes": [{"asset_id": "48162119676656612561189735231742221608290861173275138143165991563947969748435", "price": "0.2", "size": "150", "side": "BUY", "hash": "8df3266ee3704f1fc9473a62736ca6e36e060249", "best_bid": "0.81", "best_ask": "0.82"}, {"asset_id": "78219240344939370659624343044357637277229413594751787822700976899545661472427", "price": "0.8", "size": "150", "side": "SELL", "hash": "7598a1d8f3e65a3b88b453e55daa637d65f32da7", "best_bid": "0.18", "best_ask": "0.19"}], "timestamp": "1769384753005", "event_type": "price_change"}}
{"_local_timestamp": "2026-01-25T23:45:53.632763+00:00", "data": {"market": "0x1735b95b08192800f7262274dc50b8b5e8de2f35b21997e7c335728d4151384c", "price_changes": [{"asset_id": "48162119676656612561189735231742221608290861173275138143165991563947969748435", "price": "0.19", "size": "2310", "side": "BUY", "hash": "5069656886caba68598aa1488f5bde760035e399", "best_bid": "0.81", "best_ask": "0.82"}, {"asset_id": "78219240344939370659624343044357637277229413594751787822700976899545661472427", "price": "0.81", "size": "2310", "side": "SELL", "hash": "e32949e0093ba0dd3199b0d57d3b036e2676631b", "best_bid": "0.18", "best_ask": "0.19"}], "timestamp": "1769384753512", "event_type": "price_change"}}
{"_local_timestamp": "2026-01-25T23:45:56.514711+00:00", "data": {"market": "0x1735b95b08192800f7262274dc50b8b5e8de2f35b21997e7c335728d4151384c", "price_changes": [{"asset_id": "48162119676656612561189735231742221608290861173275138143165991563947969748435", "price": "0.18", "size": "0", "side": "BUY", "hash": "038b239ecb545979ba2f11d80d0540d0150368ab", "best_bid": "0.81", "best_ask": "0.82"}, {"asset_id": "78219240344939370659624343044357637277229413594751787822700976899545661472427", "price": "0.82", "size": "0", "side": "SELL", "hash": "71cca95c05f130971b77c5f9b58604c95909081d", "best_bid": "0.18", "best_ask": "0.19"}], "timestamp": "1769384756087", "event_type": "price_change"}}
{"_local_timestamp": "2026-01-25T23:46:10.540144+00:00", "data": {"market": "0x1735b95b08192800f7262274dc50b8b5e8de2f35b21997e7c335728d4151384c", "price_changes": [{"asset_id": "48162119676656612561189735231742221608290861173275138143165991563947969748435", "price": "0.19", "size": "100", "side": "BUY", "hash": "a9ad72a6c7d78598c97a24698828cc8f9c446b9b", "best_bid": "0.81", "best_ask": "0.82"}, {"asset_id": "78219240344939370659624343044357637277229413594751787822700976899545661472427", "price": "0.81", "size": "100", "side": "SELL", "hash": "f3c9227fd55820d6e6a85733bb0d0d50fc89901e", "best_bid": "0.18", "best_ask": "0.19"}], "timestamp": "1769384770459", "event_type": "price_change"}}
