{"_local_timestamp": "2026-01-25T23:34:03.797822+00:00", "data": [{"market": "0x1735b95b08192800f7262274dc50b8b5e8de2f35b21997e7c335728d4151384c", "asset_id": "78219240344939370659624343044357637277229413594751787822700976899545661472427", "timestamp": "1769383921287", "hash": "f0a859c02027742d30aaba83f7c53e9b74744275", "bids": [{"price": "0.01", "size": "62.35"}, {"price": "0.02", "size": "77"}, {"price": "0.03", "size": "11.11"}, {"price": "0.04", "size": "100"}, {"price": "0.05", "size": "100"}, {"price": "0.06", "size": "200"}, {"price": "0.07", "size": "8.46"}, {"price": "0.08", "size": "97.82"}, {"price": "0.09", "size": "111.11"}, {"price": "0.1", "size": "240"}, {"price": "0.14", "size": "180"}, {"price": "0.15", "size": "110"}, {"price": "0.16", "size": "471"}, {"price": "0.17", "size": "980.25"}, {"price": "0.18", "size": "25"}], "asks": [{"price": "0.99", "size": "1164.71"}, {"price": "0.98", "size": "400"}, {"price": "0.97", "size": "10.14"}, {"price": "0.95", "size": "40"}, {"price": "0.94", "size": "66"}, {"price": "0.91", "size": "111.11"}, {"price": "0.9", "size": "500"}, {"price": "0.89", "size": "5.44"}, {"price": "0.85", "size": "325"}, {"price": "0.84", "size": "125"}, {"price": "0.83", "size": "2720"}, {"price": "0.73", "size": "400"}, {"price": "0.49", "size": "15.69"}, {"price": "0.45", "size": "10"}, {"price": "0.38", "size": "210.8"}, {"price": "0.27", "size": "200"}, {"price": "0.26", "size": "32.42"}, {"price": "0.22", "size": "410"}, {"price": "0.2", "size": "177"}, {"price": "0.19", "size": "267.36"}], "event_type": "book", "last_trade_price": "0.810"}, {"market": "0x1735b95b08192800f7262274dc50b8b5e8de2f35b21997e7c335728d4151384c", "asset_id": "48162119676656612561189735231742221608290861173275138143165991563947969748435", "timestamp": "1769383921287", "hash": "5b720ce0bf9ee99f777b08df61507eca46b7b5b1", "bids": [{"price": "0.01", "size": "1164.71"}, {"price": "0.02", "size": "400"}, {"price": "0.03", "size": "10.14"}, {"price": "0.05", "size": "40"}, {"price": "0.06", "size": "66"}, {"price": "0.09", "size": "111.11"}, {"price": "0.1", "size": "500"}, {"price": "0.11", "size": "5.44"}, {"price": "0.15", "size": "325"}, {"price": "0.16", "size": "125"}, {"price": "0.17", "size": "2720"}, {"price": "0.27", "size": "400"}, {"price": "0.51", "size": "15.69"}, {"price": "0.55", "size": "10"}, {"price": "0.62", "size": "210.8"}, {"price": "0.73", "size": "200"}, {"price": "0.74", "size": "32.42"}, {"price": "0.78", "size": "410"}, {"price": "0.8", "size": "177"}, {"price": "0.81", "size": "267.36"}], "asks": [{"price": "0.99", "size": "62.35"}, {"price": "0.98", "size": "77"}, {"price": "0.97", "size": "11.11"}, {"price": "0.96", "size": "100"}, {"price": "0.95", "size": "100"}, {"price": "0.94", "size": "200"}, {"price": "0.93", "size": "8.46"}, {"price": "0.92", "size": "97.82"}, {"price": "0.91", "size": "111.11"}, {"price": "0.9", "size": "240"}, {"price": "0.86", "size": "180"}, {"price": "0.85", "size": "110"}, {"price": "0.84", "size": "471"}, {"price": "0.83", "size": "980.25"}, {"price": "0.82", "size": "25"}], "event_type": "book", "last_trade_price": "0.810"}]}
{"_local_timestamp": "2026-01-25T23:34:19.896363+00:00", "data": {"market": "0x1735b95b08192800f7262274dc50b8b5e8de2f35b21997e7c335728d4151384c", "price_changes": [{"asset_id": "48162119676656612561189735231742221608290861173275138143165991563947969748435", "price": "0.17", "size": "250", "side": "BUY", "hash": "6c8bc8bea12a885c3c9810a1087227d54961e5db", "best_bid": "0.81", "best_ask": "0.82"}, {"asset_id": "78219240344939370659624343044357637277229413594751787822700976899545661472427", "price": "0.83", "size": "250", "side": "SELL", "hash": "590b58503d739c67bc6beec3b646771677220d8e", "best_bid": "0.18", "best_ask": "0.19"}], "timestamp": "1769384059759", "event_type": "price_change"}}
{"_local_timestamp": "2026-01-25T23:34:24.336455+00:00", "data": {"market": "0x1735b95b08192800f7262274dc50b8b5e8de2f35b21997e7c335728d4151384c", "price_changes": [{"asset_id": "48162119676656612561189735231742221608290861173275138143165991563947969748435", "price": "0.16", "size": "2749", "side": "BUY", "hash": "3ec5c0ef0174e398d20e77f5adc578dc95f728e9", "best_bid": "0.81", "best_ask": "0.82"}, {"asset_id": "78219240344939370659624343044357637277229413594751787822700976899545661472427", "price": "0.84", "size": "2749", "side": "SELL", "hash": "9c5221d032e4b64dec554be6931543badcd5e2e9", "best_bid": "0.18", "best_ask": "0.19"}], "timestamp": "1769384064270", "event_type": "price_change"}}
{"_local_timestamp": "2026-01-25T23:35:07.550615+00:00", "data": {"market": "0x1735b95b08192800f7262274dc50b8b5e8de2f35b21997e7c335728d4151384c", "price_changes": [{"asset_id": "48162119676656612561189735231742221608290861173275138143165991563947969748435", "price": "0.8", "size": "227", "side": "BUY", "hash": "d67d80f39cf3460bcd95beb081179434541c06d8", "best_bid": "0.81", "best_ask": "0.82"}, {"asset_id": "78219240344939370659624343044357637277229413594751787822700976899545661472427", "price": "0.2", "size": "227", "side": "SELL", "hash": "b34d0f335c7b419b3e56108b8008f54e476474b7", "best_bid": "0.18", "best_ask": "0.19"}], "timestamp": "1769384107468", "event_type": "price_change"}}
{"_local_timestamp": "2026-01-25T23:35:07.551647+00:00", "data": {"market": "0x1735b95b08192800f7262274dc50b8b5e8de2f35b21997e7c335728d4151384c", "price_changes": [{"asset_id": "78219240344939370659624343044357637277229413594751787822700976899545661472427", "price": "0.17", "size": "1030.25", "side": "BUY", "hash": "a07831d96cbc0ec2c5d0d5a1a1f613077041428b", "best_bid": "0.18", "best_ask": "0.19"}, {"asset_id": "48162119676656612561189735231742221608290861173275138143165991563947969748435", "price": "0.83", "size": "1030.25", "side": "SELL", "hash": "7db4e66d4c3aa1572322dfbb15b0fd1594ea02f5", "best_bid": "0.81", "best_ask": "0.82"}], "timestamp": "1769384107469", "event_type": "price_change"}}
{"_local_timestamp": "2026-01-25T23:35:58.196426+00:00", "data": {"market": "0x1735b95b08192800f7262274dc50b8b5e8de2f35b21997e7c335728d4151384c", "price_changes": [{"asset_id": "48162119676656612561189735231742221608290861173275138143165991563947969748435", "price": "0.16", "size": "125", "side": "BUY", "hash": "2f4d10d84b4dcdf1385e8043110a9cdf894ec0d9", "best_bid": "0.81", "best_ask": "0.82"}, {"asset_id": "78219240344939370659624343044357637277229413594751787822700976899545661472427", "price": "0.84", "size": "125", "side": "SELL", "hash": "8215ced3bebaa312dd85970cf6869f03e1fd8765", "best_bid": "0.18", "best_ask": "0.19"}], "timestamp": "1769384158073", "event_type": "price_change"}}
{"_local_timestamp": "2026-01-25T23:36:25.987691+00:00", "data": {"market": "0x1735b95b08192800f7262274dc50b8b5e8de2f35b21997e7c335728d4151384c", "price_changes": [{"asset_id": "48162119676656612561189735231742221608290861173275138143165991563947969748435", "price": "0.18", "size": "2332", "side": "BUY", "hash": "0aca0c03aa27f6a481f270060a2ce917de588cdf", "best_bid": "0.81", "best_ask": "0.82"}, {"asset_id": "78219240344939370659624343044357637277229413594751787822700976899545661472427", "price": "0.82", "size": "2332", "side": "SELL", "hash": "dd6d417bbb8460214f5a1a1e2a0e86b911f62e52", "best_bid": "0.18", "best_ask": "0.19"}], "timestamp": "1769384185917", "event_type": "price_change"}}
{"_local_timestamp": "2026-01-25T23:36:58.336200+00:00", "data": {"market": "0x1735b95b08192800f7262274dc50b8b5e8de2f35b21997e7c335728d4151384c", "price_changes": [{"asset_id": "48162119676656612561189735231742221608290861173275138143165991563947969748435", "price": "0.27", "size": "150", "side": "BUY", "hash": "4637735621daa8fa8684b44b982498df885e7d91", "best_bid": "0.81", "best_ask": "0.82"}, {"asset_id": "78219240344939370659624343044357637277229413594751787822700976899545661472427", "price": "0.73", "size": "150", "side": "SELL", "hash": "187748af219b21da93956aac66c1d8d2c5ea7821", "best_bid": "0.18", "best_ask": "0.19"}], "timestamp": "1769384218084", "event_type": "price_change"}}
{"_local_timestamp": "2026-01-25T23:37:13.097386+00:00", "data": {"market": "0x1735b95b08192800f7262274dc50b8b5e8de2f35b21997e7c335728d4151384c", "price_changes": [{"asset_id": "48162119676656612561189735231742221608290861173275138143165991563947969748435", "price": "0.17", "size": "150", "side": "BUY", "hash": "ffc63c49fbaed5e9bff7552efb38d98d5fc9c83e", "best_bid": "0.81", "best_ask": "0.82"}, {"asset_id": "78219240344939370659624343044357637277229413594751787822700976899545661472427", "price": "0.83", "size": "150", "side": "SELL", "hash": "3cf6fc92a93b9a89865e76996e0dcb405dae73bc", "best_bid": "0.18", "best_ask": "0.19"}], "timestamp": "1769384233003", "event_type": "price_change"}}
{"_local_timestamp": "2026-01-25T23:37:13.422660+00:00", "data": {"market": "0x1735b95b08192800f7262274dc50b8b5e8de2f35b21997e7c335728d4151384c", "price_changes": [{"asset_id": "48162119676656612561189735231742221608290861173275138143165991563947969748435", "price": "0.16", "size": "225", "side": "BUY", "hash": "e5ce1e3864ba68e234ffab2524b2b63a7b417aca", "best_bid": "0.81", "best_ask": "0.82"}, {"asset_id": "78219240344939370659624343044357637277229413594751787822700976899545661472427", "price": "0.84", "size": "225", "side": "SELL", "hash": "a89e2eae707c39455443dc2d3bddd891b6603bc0", "best_bid": "0.18", "best_ask": "0.19"}], "timestamp": "1769384233351", "event_type": "price_change"}}
{"_local_timestamp": "2026-01-25T23:37:35.281666+00:00", "data": {"market": "0x1735b95b08192800f7262274dc50b8b5e8de2f35b21997e7c335728d4151384c", "price_changes": [{"asset_id": "48162119676656612561189735231742221608290861173275138143165991563947969748435", "price": "0.18", "size": "0", "side": "BUY", "hash": "ba3e96acff3b0f821766fe7e58365ade65e07f02", "best_bid": "0.81", "best_ask": "0.82"}, {"asset_id": "78219240344939370659624343044357637277229413594751787822700976899545661472427", "price": "0.82", "size": "0", "side": "SELL", "hash": "566ef551974c2af861449a85dd5afea84750c407", "best_bid": "0.18", "best_ask": "0.19"}], "timestamp": "1769384255116", "event_type": "price_change"}}
{"_local_timestamp": "2026-01-25T23:37:37.796118+00:00", "data": {"market": "0x1735b95b08192800f7262274dc50b8b5e8de2f35b21997e7c335728d4151384c", "price_changes": [{"asset_id": "48162119676656612561189735231742221608290861173275138143165991563947969748435", "price": "0.19", "size": "2210", "side": "BUY", "hash": "5d2fe5c8b3aaafc52ff38bb10f0d7d8937aca4c4", "best_bid": "0.81", "best_ask": "0.82"}, {"asset_id": "78219240344939370659624343044357637277229413594751787822700976899545661472427", "price": "0.81", "size": "2210", "side": "SELL", "hash": "882d1180648d470b358f35d8c3fb7b3f096cf196", "best_bid": "0.18", "best_ask": "0.19"}], "timestamp": "1769384257723", "event_type": "price_change"}}
{"_local_timestamp": "2026-01-25T23:37:53.933924+00:00", "data": {"market": "0x1735b95b08192800f7262274dc50b8b5e8de2f35b21997e7c335728d4151384c", "price_changes": [{"asset_id": "48162119676656612561189735231742221608290861173275138143165991563947969748435", "price": "0.18", "size": "125", "side": "BUY", "hash": "f8335940e79232501146de66ce3235b684e9566d", "best_bid": "0.81", "best_ask": "0.82"}, {"asset_id": "78219240344939370659624343044357637277229413594751787822700976899545661472427", "price": "0.82", "size": "125", "side": "SELL", "hash": "c2b1cee5af9a80383aa9efe99c8b92d2caadc90a", "best_bid": "0.18", "best_ask": "0.19"}], "timestamp": "1769384273805", "event_type": "price_change"}}
{"_local_timestamp": "2026-01-25T23:38:58.268795+00:00", "data": {"market": "0x1735b95b08192800f7262274dc50b8b5e8de2f35b21997e7c335728d4151384c", "price_changes": [{"asset_id": "48162119676656612561189735231742221608290861173275138143165991563947969748435", "price": "0.16", "size": "125", "side": "BUY", "hash": "9438c0d4440a00d3f65de2cc2745e6e160fe59af", "best_bid": "0.81", "best_ask": "0.82"}, {"asset_id": "78219240344939370659624343044357637277229413594751787822700976899545661472427", "price": "0.84", "size": "125", "side": "SELL", "hash": "db153815636c2d0c70517836967c823188938f09", "best_bid": "0.18", "best_ask": "0.19"}], "timestamp": "1769384338198", "event_type": "price_change"}}
{"_local_timestamp": "2026-01-25T23:38:58.897323+00:00", "data": {"market": "0x1735b95b08192800f7262274dc50b8b5e8de2f35b21997e7c335728d4151384c", "price_changes": [{"asset_id": "48162119676656612561189735231742221608290861173275138143165991563947969748435", "price": "0.18", "size": "225", "side": "BUY", "hash": "0a29ab50851429f5c4c874244a210c7d8391de4d", "best_bid": "0.81", "best_ask": "0.82"}, {"asset_id": "78219240344939370659624343044357637277229413594751787822700976899545661472427", "price": "0.82", "size": "225", "side": "SELL", "hash": "c52e5f3a6838f538daeb3bc15189a4c74b3ca2b6", "best_bid": "0.18", "best_ask": "0.19"}], "timestamp": "1769384338660", "event_type": "price_change"}}
