{"_local_timestamp": "2026-01-25T23:34:03.797822+00:00", "data": [{"market": "0x1735b95b08192800f7262274dc50b8b5e8de2f35b21997e7c335728d4151384c", "asset_id": "78219240344939370659624343044357637277229413594751787822700976899545661472427", "timestamp": "1769383921287", "hash": "f0a859c02027742d30aaba83f7c53e9b74744275", "bids": [{"price": "0.01", "size": "62.35"}, {"price": "0.02", "size": "77"}, {"price": "0.03", "size": "11.11"}, {"price": "0.04", "size": "100"}, {"price": "0.05", "size": "100"}, {"price": "0.06", "size": "200"}, {"price": "0.07", "size": "8.46"}, {"price": "0.08", "size": "97.82"}, {"price": "0.09", "size": "111.11"}, {"price": "0.1", "size": "240"}, {"price": "0.14", "size": "180"}, {"price": "0.15", "size": "110"}, {"price": "0.16", "size": "471"}, {"price": "0.17", "size": "980.25"}, {"price": "0.18", "size": "25"}], "asks": [{"price": "0.99", "size": "1164.71"}, {"price": "0.98", "size": "400"}, {"price": "0.97", "size": "10.14"}, {"price": "0.95", "size": "40"}, {"price": "0.94", "size": "66"}, {"price": "0.91", "size": "111.11"}, {"price": "0.9", "size": "500"}, {"price": "0.89", "size": "5.44"}, {"price": "0.85", "size": "325"}, {"price": "0.84", "size": "125"}, {"price": "0.83", "size": "2720"}, {"price": "0.73", "size": "400"}, {"price": "0.49", "size": "15.69"}, {"price": "0.45", "size": "10"}, {"price": "0.38", "size": "210.8"}, {"price": "0.27", "size": "200"}, {"price": "0.26", "size": "32.42"}, {"price": "0.22", "size": "410"}, {"price": "0.2", "size": "177"}, {"price": "0.19", "size": "267.36"}], "event_type": "book", "last_trade_price": "0.810"}, {"market": "0x1735b95b08192800f7262274dc50b8b5e8de2f35b21997e7c335728d4151384c", "asset_id": "48162119676656612561189735231742221608290861173275138143165991563947969748435", "timestamp": "1769383921287", "hash": "5b720ce0bf9ee99f777b08df61507eca46b7b5b1", "bids": [{"price": "0.01", "size": "1164.71"}, {"price": "0.02", "size": "400"}, {"price": "0.03", "size": "10.14"}, {"price": "0.05", "size": "40"}, {"price": "0.06", "size": "66"}, {"price": "0.09", "size": "111.11"}, {"price": "0.1", "size": "500"}, {"price": "0.11", "size": "5.44"}, {"price": "0.15", "size": "325"}, {"price": "0.16", "size": "125"}, {"price": "0.17", "size": "2720"}, {"price": "0.27", "size": "400"}, {"price": "0.51", "size": "15.69"}, {"price": "0.55", "size": "10"}, {"price": "0.62", "size": "210.8"}, {"price": "0.73", "size": "200"}, {"price": "0.74", "size": "32.42"}, {"price": "0.78", "size": "410"}, {"price": "0.8", "size": "177"}, {"price": "0.81", "size": "267.36"}], "asks": [{"price": "0.99", "size": "62.35"}, {"price": "0.98", "size": "77"}, {"price": "0.97", "size": "11.11"}, {"price": "0.96", "size": "100"}, {"price": "0.95", "size": "100"}, {"price": "0.94", "size": "200"}, {"price": "0.93", "size": "8.46"}, {"price": "0.92", "size": "97.82"}, {"price": "0.91", "size": "111.11"}, {"price": "0.9", "size": "240"}, {"price": "0.86", "size": "180"}, {"price": "0.85", "size": "110"}, {"price": "0.84", "size": "471"}, {"price": "0.83", "size": "980.25"}, {"price": "0.82", "size": "25"}], "event_type": "book", "last_trade_price": "0.810"}]}
{"_local_timestamp": "2026-01-25T23:34:19.896363+00:00", "data": {"market": "0x1735b95b08192800f7262274dc50b8b5e8de2f35b21997e7c335728d4151384c", "price_changes": [{"asset_id": "48162119676656612561189735231742221608290861173275138143165991563947969748435", "price": "0.17", "size": "250", "side": "BUY", "hash": "6c8bc8bea12a885c3c9810a1087227d54961e5db", "best_bid": "0.81", "best_ask": "0.82"}, {"asset_id": "78219240344939370659624343044357637277229413594751787822700976899545661472427", "price": "0.83", "size": "250", "side": "SELL", "hash": "590b58503d739c67bc6beec3b646771677220d8e", "best_bid": "0.18", "best_ask": "0.19"}], "timestamp": "1769384059759", "event_type": "price_change"}}
{"_local_timestamp": "2026-01-25T23:34:24.336455+00:00", "data": {"market": "0x1735b95b08192800f7262274dc50b8b5e8de2f35b21997e7c335728d4151384c", "price_changes": [{"asset_id": "48162119676656612561189735231742221608290861173275138143165991563947969748435", "price": "0.16", "size": "2749", "side": "BUY", "hash": "3ec5c0ef0174e398d20e77f5adc578dc95f728e9", "best_bid": "0.81", "best_ask": "0.82"}, {"asset_id": "78219240344939370659624343044357637277229413594751787822700976899545661472427", "price": "0.84", "size": "2749", "side": "SELL", "hash": "9c5221d032e4b64dec554be6931543badcd5e2e9", "best_bid": "0.18", "best_ask": "0.19"}], "timestamp": "1769384064270", "event_type": "price_change"}}
{"_local_timestamp": "2026-01-25T23:35:07.550615+00:00", "data": {"market": "0x1735b95b08192800f7262274dc50b8b5e8de2f35b21997e7c335728d4151384c", "price_changes": [{"asset_id": "48162119676656612561189735231742221608290861173275138143165991563947969748435", "price": "0.8", "size": "227", "side": "BUY", "hash": "d67d80f39cf3460bcd95beb081179434541c06d8", "best_bid": "0.81", "best_ask": "0.82"}, {"asset_id": "78219240344939370659624343044357637277229413594751787822700976899545661472427", "price": "0.2", "size": "227", "side": "SELL", "hash": "b34d0f335c7b419b3e56108b8008f54e476474b7", "best_bid": "0.18", "best_ask": "0.19"}], "timestamp": "1769384107468", "event_type": "price_change"}}
{"_local_timestamp": "2026-01-25T23:35:07.551647+00:00", "data": {"market": "0x1735b95b08192800f7262274dc50b8b5e8de2f35b21997e7c335728d4151384c", "price_changes": [{"asset_id": "78219240344939370659624343044357637277229413594751787822700976899545661472427", "price": "0.17", "size": "1030.25", "side": "BUY", "hash": "a07831d96cbc0ec2c5d0d5a1a1f613077041428b", "best_bid": "0.18", "best_ask": "0.19"}, {"asset_id": "48162119676656612561189735231742221608290861173275138143165991563947969748435", "price": "0.83", "size": "1030.25", "side": "SELL", "hash": "7db4e66d4c3aa1572322dfbb15b0fd1594ea02f5", "best_bid": "0.81", "best_ask": "0.82"}], "timestamp": "1769384107469", "event_type": "price_change"}}
