{"_local_timestamp": "2026-01-25T23:41:08.472822+00:00", "data": [{"market": "0x99b4f6582fbda0de6ce798a40dbeccf8dc02035d8443659527c8c51fabb9d104", "asset_id": "5829347946459078869484576694700395224539837037452688653806069117494504636483", "timestamp": "1769384440656", "hash": "01c358e000dc8441d5e287c3acfcb9ee84954c25", "bids": [{"price": "0.01", "size": "262.6"}, {"price": "0.02", "size": "177"}, {"price": "0.03", "size": "13.01"}, {"price": "0.04", "size": "100"}, {"price": "0.05", "size": "100"}, {"price": "0.06", "size": "300"}, {"price": "0.07", "size": "50"}, {"price": "0.08", "size": "100"}, {"price": "0.09", "size": "117.03"}, {"price": "0.12", "size": "108.33"}, {"price": "0.13", "size": "84.61"}, {"price": "0.18", "size": "30"}, {"price": "0.19", "size": "140"}, {"price": "0.21", "size": "320"}], "asks": [{"price": "0.99", "size": "1164.74"}, {"price": "0.98", "size": "400"}, {"price": "0.97", "size": "10.18"}, {"price": "0.95", "size": "30"}, {"price": "0.91", "size": "111.11"}, {"price": "0.9", "size": "500"}, {"price": "0.89", "size": "5.42"}, {"price": "0.85", "size": "325"}, {"price": "0.84", "size": "225"}, {"price": "0.83", "size": "150"}, {"price": "0.82", "size": "300"}, {"price": "0.81", "size": "2210"}, {"price": "0.75", "size": "150"}, {"price": "0.49", "size": "15.69"}, {"price": "0.35", "size": "292.96"}, {"price": "0.34", "size": "19.69"}, {"price": "0.33", "size": "16.41"}, {"price": "0.27", "size": "30"}, {"price": "0.26", "size": "240"}, {"price": "0.24", "size": "383.17"}], "event_type": "book", "last_trade_price": "0.230"}, {"market": "0x99b4f6582fbda0de6ce798a40dbeccf8dc02035d8443659527c8c51fabb9d104", "asset_id": "114998709916619094391929998433987044016961351442809471990601062396171492599078", "timestamp": "1769384440656", "hash": "34e9df2c6e03c8d353bcf0a9cbf73f95349b89a4", "bids": [{"price": "0.01", "size": "1164.74"}, {"price": "0.02", "size": "400"}, {"price": "0.03", "size": "10.18"}, {"price": "0.05", "size": "30"}, {"price": "0.09", "size": "111.11"}, {"price": "0.1", "size": "500"}, {"price": "0.11", "size": "5.42"}, {"price": "0.15", "size": "325"}, {"price": "0.16", "size": "225"}, {"price": "0.17", "size": "150"}, {"price": "0.18", "size": "300"}, {"price": "0.19", "size": "2210"}, {"price": "0.25", "size": "150"}, {"price": "0.51", "size": "15.69"}, {"price": "0.65", "size": "292.96"}, {"price": "0.66", "size": "19.69"}, {"price": "0.67", "size": "16.41"}, {"price": "0.73", "size": "30"}, {"price": "0.74", "size": "240"}, {"price": "0.76", "size": "383.17"}], "asks": [{"price": "0.99", "size": "262.6"}, {"price": "0.98", "size": "177"}, {"price": "0.97", "size": "13.01"}, {"price": "0.96", "size": "100"}, {"price": "0.95", "size": "100"}, {"price": "0.94", "size": "300"}, {"price": "0.93", "size": "50"}, {"price": "0.92", "size": "100"}, {"price": "0.91", "size": "117.03"}, {"price": "0.88", "size": "108.33"}, {"price": "0.87", "size": "84.61"}, {"price": "0.82", "size": "30"}, {"price": "0.81", "size": "140"}, {"price": "0.79", "size": "320"}], "event_type": "book", "last_trade_price": "0.230"}]}
{"_local_timestamp": "2026-01-25T23:41:50.927125+00:00", "data": {"market": "0x99b4f6582fbda0de6ce798a40dbeccf8dc02035d8443659527c8c51fabb9d104", "price_changes": [{"asset_id": "114998709916619094391929998433987044016961351442809471990601062396171492599078", "price": "0.17", "size": "0", "side": "BUY", "hash": "36d45b3ece8af0d616f8beb4efdc173114e064c2", "best_bid": "0.76", "best_ask": "0.79"}, {"asset_id": "5829347946459078869484576694700395224539837037452688653806069117494504636483", "price": "0.83", "size": "0", "side": "SELL", "hash": "6c7e47f2bb2291ccbcc80e510efff93231fc2ea9", "best_bid": "0.21", "best_ask": "0.24"}], "timestamp": "1769384510750", "event_type": "price_change"}}
{"_local_timestamp": "2026-01-25T23:41:52.569481+00:00", "data": {"market": "0x99b4f6582fbda0de6ce798a40dbeccf8dc02035d8443659527c8c51fabb9d104", "price_changes": [{"asset_id": "114998709916619094391929998433987044016961351442809471990601062396171492599078", "price": "0.18", "size": "450", "side": "BUY", "hash": "f32ee0473cc879b64fe7acbac993f70acfd1a2df", "best_bid": "0.76", "best_ask": "0.79"}, {"asset_id": "5829347946459078869484576694700395224539837037452688653806069117494504636483", "price": "0.82", "size": "450", "side": "SELL", "hash": "f6ed565c89e95b836e6501fcf72b32222cb16c1a", "best_bid": "0.21", "best_ask": "0.24"}], "timestamp": "1769384511762", "event_type": "price_change"}}
{"_local_timestamp": "2026-01-25T23:42:24.809701+00:00", "data": {"market": "0x99b4f6582fbda0de6ce798a40dbeccf8dc02035d8443659527c8c51fabb9d104", "price_changes": [{"asset_id": "114998709916619094391929998433987044016961351442809471990601062396171492599078", "price": "0.16", "size": "125", "side": "BUY", "hash": "ba50f0d421a252010c0f2e4245e84e4e5552eba9", "best_bid": "0.76", "best_ask": "0.79"}, {"asset_id": "5829347946459078869484576694700395224539837037452688653806069117494504636483", "price": "0.84", "size": "125", "side": "SELL", "hash": "2f7ba44456cff664db8682acf8ba93bc3927a1ee", "best_bid": "0.21", "best_ask": "0.24"}], "timestamp": "1769384544489", "event_type": "price_change"}}
{"_local_timestamp": "2026-01-25T23:42:25.188687+00:00", "data": {"market": "0x99b4f6582fbda0de6ce798a40dbeccf8dc02035d8443659527c8c51fabb9d104", "price_changes": [{"asset_id": "114998709916619094391929998433987044016961351442809471990601062396171492599078", "price": "0.19", "size": "2310", "side": "BUY", "hash": "3985daf7735c7b4f3d2adf9d13cb788d44728d5e", "best_bid": "0.76", "best_ask": "0.79"}, {"asset_id": "5829347946459078869484576694700395224539837037452688653806069117494504636483", "price": "0.81", "size": "2310", "side": "SELL", "hash": "68202605f50419dfb8f4cc2f323310d80373ae47", "best_bid": "0.21", "best_ask": "0.24"}], "timestamp": "1769384544916", "event_type": "price_change"}}
{"_local_timestamp": "2026-01-25T23:44:13.907599+00:00", "data": {"market": "0x99b4f6582fbda0de6ce798a40dbeccf8dc02035d8443659527c8c51fabb9d104", "price_changes": [{"asset_id": "5829347946459078869484576694700395224539837037452688653806069117494504636483", "price": "0.21", "size": "420", "side": "BUY", "hash": "80b880ac4c6e1d5b6ffcb699b9c5a3e36f996a90", "best_bid": "0.21", "best_ask": "0.24"}, {"asset_id": "114998709916619094391929998433987044016961351442809471990601062396171492599078", "price": "0.79", "size": "420", "side": "SELL", "hash": "8acec6d0abc0c8454d7be2208be5fb7c959b6ae2", "best_bid": "0.76", "best_ask": "0.79"}], "timestamp": "1769384653760", "event_type": "price_change"}}
{"_local_timestamp": "2026-01-25T23:44:13.908209+00:00", "data": {"market": "0x99b4f6582fbda0de6ce798a40dbeccf8dc02035d8443659527c8c51fabb9d104", "price_changes": [{"asset_id": "114998709916619094391929998433987044016961351442809471990601062396171492599078", "price": "0.76", "size": "483.17", "side": "BUY", "hash": "3455a50dbb7c8b7735e42cc850a79c61ae442c0e", "best_bid": "0.76", "best_ask": "0.79"}, {"asset_id": "5829347946459078869484576694700395224539837037452688653806069117494504636483", "price": "0.24", "size": "483.17", "side": "SELL", "hash": "196beea80b1b008e338281306420b0d045a585d1", "best_bid": "0.21", "best_ask": "0.24"}], "timestamp": "1769384653761", "event_type": "price_change"}}
{"_local_timestamp": "2026-01-25T23:44:20.559663+00:00", "data": {"market": "0x99b4f6582fbda0de6ce798a40dbeccf8dc02035d8443659527c8c51fabb9d104", "price_changes": [{"asset_id": "114998709916619094391929998433987044016961351442809471990601062396171492599078", "price": "0.18", "size": "300", "side": "BUY", "hash": "80f67e111edb676cedcab2f148d2d28856088e86", "best_bid": "0.76", "best_ask": "0.79"}, {"asset_id": "5829347946459078869484576694700395224539837037452688653806069117494504636483", "price": "0.82", "size": "300", "side": "SELL", "hash": "33a5bbb51dc618bf91295ead0513a4758fb2b9ab", "best_bid": "0.21", "best_ask": "0.24"}], "timestamp": "1769384660463", "event_type": "price_change"}}
{"_local_timestamp": "2026-01-25T23:44:21.506854+00:00", "data": {"market": "0x99b4f6582fbda0de6ce798a40dbeccf8dc02035d8443659527c8c51fabb9d104", "price_changes": [{"asset_id": "114998709916619094391929998433987044016961351442809471990601062396171492599078", "price": "0.19", "size": "2460", "side": "BUY", "hash": "7c5fc3d1aefa9a2db7f55f4aa1efc91b55318b2a", "best_bid": "0.76", "best_ask": "0.79"}, {"asset_id": "5829347946459078869484576694700395224539837037452688653806069117494504636483", "price": "0.81", "size": "2460", "side": "SELL", "hash": "6ba9e37ecacf367983d89ba0fc3c16c987bc198c", "best_bid": "0.21", "best_ask": "0.24"}], "timestamp": "1769384660919", "event_type": "price_change"}}
