{"_local_timestamp": "2026-01-25T23:40:43.465846+00:00", "data": [{"market": "0x02d056b4ecb79134657b5437bcdd964a7b4008def9f7623e8e1c3a2652996390", "asset_id": "75662091824125558301238389247455078817972039140363353111649504086477915930016", "timestamp": "1769384428730", "hash": "0dd2d148b1e4c0fd024740a10185581d18265979", "bids": [{"price": "0.01", "size": "19.72"}, {"price": "0.02", "size": "5.47"}], "asks": [{"price": "0.99", "size": "79.48"}, {"price": "0.97", "size": "50"}], "event_type": "book", "last_trade_price": "0.730"}, {"market": "0x8e8d315038e54eb4b3b7108ebfc48986e286dd3a53408a293263c73bb64040be", "asset_id": "45695296729134875133282986964941962331716131780439753949097910486621574361250", "timestamp": "1769384410811", "hash": "9e945b85ff77580fd3eca750be13302ba3d42e72", "bids": [{"price": "0.01", "size": "19.71"}, {"price": "0.02", "size": "5.47"}], "asks": [{"price": "0.99", "size": "58.97"}, {"price": "0.98", "size": "5.47"}], "event_type": "book", "last_trade_price": "0.520"}, {"market": "0xe4088389ccc112ce566307b0535326b545db27823876138c37abc36aa80f01b6", "asset_id": "111535201652442500376681045716896114819862357479074857390925141208753505497603", "timestamp": "1769384442610", "hash": "76bb08bd0bbb179dbe100ac9fcaf6162856b8343", "bids": [{"price": "0.001", "size": "856.14"}, {"price": "0.002", "size": "359.24"}, {"price": "0.01", "size": "10000"}, {"price": "0.05", "size": "5.47"}, {"price": "0.051", "size": "5.36"}, {"price": "0.85", "size": "16.99"}, {"price": "0.91", "size": "559"}, {"price": "0.911", "size": "30"}, {"price": "0.912", "size": "5.47"}, {"price": "0.98", "size": "244.94"}, {"price": "0.99", "size": "274"}], "asks": [{"price": "0.999", "size": "969"}], "event_type": "book", "last_trade_price": "0.010"}, {"market": "0x1172a9379540e31c463e178f08c87f67eb0011ba0deadcd67f78f0028d27f41a", "asset_id": "96693063570682405603148415870765547887123700438364743392828151015298561276130", "timestamp": "1769384442778", "hash": "bf5e7ff40d453fe8f8779b261ef0988512e13869", "bids": [{"price": "0.001", "size": "851"}, {"price": "0.002", "size": "192.3"}, {"price": "0.01", "size": "163.22"}], "asks": [{"price": "0.999", "size": "1256.4"}, {"price": "0.998", "size": "173.3"}, {"price": "0.99", "size": "800"}, {"price": "0.98", "size": "800"}, {"price": "0.95", "size": "1500"}, {"price": "0.92", "size": "600"}, {"price": "0.919", "size": "8"}, {"price": "0.86", "size": "1009"}, {"price": "0.859", "size": "30"}, {"price": "0.7", "size": "21.11"}, {"price": "0.46", "size": "26.69"}, {"price": "0.37", "size": "17.79"}, {"price": "0.2", "size": "30.83"}, {"price": "0.19", "size": "20"}, {"price": "0.17", "size": "123.72"}, {"price": "0.15", "size": "10"}, {"price": "0.14", "size": "6.67"}, {"price": "0.05", "size": "275.86"}], "event_type": "book", "last_trade_price": "0.950"}, {"market": "0x45c806ae01123f47e7f24fea279b8658a4112cdaa11eee2f9924838a8948bc98", "asset_id": "32694948455525029678981577699677214621056167573486416032284086638717669535526", "timestamp": "1769384438571", "hash": "3e085328fe43bacea98e0e01dcf48c284d658519", "bids": [{"price": "0.001", "size": "921"}], "asks": [{"price": "0.999", "size": "909.85"}, {"price": "0.998", "size": "470.57"}, {"price": "0.93", "size": "100"}, {"price": "0.929", "size": "91.79"}, {"price": "0.911", "size": "8.2"}, {"price": "0.91", "size": "5.47"}], "event_type": "book", "last_trade_price": "0.990"}, {"market": "0xe40aca7194b6ed6c98d54fcd1338d41c30d5265d68d7468fdb3afcca62e8d6c3", "asset_id": "82306081970048077348294633861982165617205411236349395805461913184457941025697", "timestamp": "1769384419099", "hash": "136a1d91ec8252816c193dba378a48030d526b5a", "bids": [{"price": "0.01", "size": "20"}, {"price": "0.02", "size": "5.47"}], "asks": [{"price": "0.99", "size": "38.46"}], "event_type": "book", "last_trade_price": ""}, {"market": "0xe40aca7194b6ed6c98d54fcd1338d41c30d5265d68d7468fdb3afcca62e8d6c3", "asset_id": "21516192838799393436877283935602059956906510510942747966420810813105259210660", "timestamp": "1769384419099", "hash": "10f63b36a8a7a6c17e4f0843669310edca98169d", "bids": [{"price": "0.01", "size": "38.46"}], "asks": [{"price": "0.99", "size": "20"}, {"price": "0.98", "size": "5.47"}], "event_type": "book", "last_trade_price": ""}, {"market": "0xe4088389ccc112ce566307b0535326b545db27823876138c37abc36aa80f01b6", "asset_id": "68036185336858618606129914327232954729196470841777365764843049597359907094650", "timestamp": "1769384442610", "hash": "f0d5bf079928063bfe377f9aa7993c2251a2e870", "bids": [{"price": "0.001", "size": "969"}], "asks": [{"price": "0.999", "size": "856.14"}, {"price": "0.998", "size": "359.24"}, {"price": "0.99", "size": "10000"}, {"price": "0.95", "size": "5.47"}, {"price": "0.949", "size": "5.36"}, {"price": "0.15", "size": "16.99"}, {"price": "0.09", "size": "559"}, {"price": "0.089", "size": "30"}, {"price": "0.088", "size": "5.47"}, {"price": "0.02", "size": "244.94"}, {"price": "0.01", "size": "274"}], "event_type": "book", "last_trade_price": "0.010"}, {"market": "0x4d351854a5011cdb0c141ef8d87a8321213d1e0a3b258a3745c03d34dd85d7a7", "asset_id": "89397257210211231854366309279840798542964120041524548078365395989129276413393", "timestamp": "1769384417723", "hash": "4a4a73ae7596c6e2a74efce1faa511d395bbfb4e", "bids": [{"price": "0.01", "size": "20"}, {"price": "0.02", "size": "5.47"}], "asks": [{"price": "0.99", "size": "38.46"}], "event_type": "book", "last_trade_price": ""}, {"market": "0x45c806ae01123f47e7f24fea279b8658a4112cdaa11eee2f9924838a8948bc98", "asset_id": "56387091315659274606744882547186473603552761496368462985420229575757384495074", "timestamp": "1769384438571", "hash": "4099144d5de1afbdb1b781fb9fab3b8ed20bc21b", "bids": [{"price": "0.001", "size": "909.85"}, {"price": "0.002", "size": "470.57"}, {"price": "0.07", "size": "100"}, {"price": "0.071", "size": "91.79"}, {"price": "0.089", "size": "8.2"}, {"price": "0.09", "size": "5.47"}], "asks": [{"price": "0.999", "size": "921"}], "event_type": "book", "last_trade_price": "0.990"}, {"market": "0x4d351854a5011cdb0c141ef8d87a8321213d1e0a3b258a3745c03d34dd85d7a7", "asset_id": "30230407831690929960155342999106742333605054613110743527797581940998715084536", "timestamp": "1769384417723", "hash": "fc816cdd9637e1a340d265537c100d63a4d6ec82", "bids": [{"price": "0.01", "size": "38.46"}], "asks": [{"price": "0.99", "size": "20"}, {"price": "0.98", "size": "5.47"}], "event_type": "book", "last_trade_price": ""}, {"market": "0x1034c0e02d8dfd2ab20e470f52ca04b68522fae5d494fc572ca5d3590b02835f", "asset_id": "109653806991348106381704906477880080588164300975962366805991276498248359611032", "timestamp": "1769382581557", "hash": "dd067fdeb4e652e2ace1137dcba48d1fa9b62a03", "bids": [{"price": "0.01", "size": "20"}, {"price": "0.02", "size": "5.47"}], "asks": [{"price": "0.99", "size": "14.3"}], "event_type": "book", "last_trade_price": ""}, {"market": "0x1172a9379540e31c463e178f08c87f67eb0011ba0deadcd67f78f0028d27f41a", "asset_id": "108433110821297511084165806800149498872896490798393090117171505493034184915983", "timestamp": "1769384442778", "hash": "c156f9e9af181d7d2b974df61ca6c59fcc4a4f95", "bids": [{"price": "0.001", "size": "1256.4"}, {"price": "0.002", "size": "173.3"}, {"price": "0.01", "size": "800"}, {"price": "0.02", "size": "800"}, {"price": "0.05", "size": "1500"}, {"price": "0.08", "size": "600"}, {"price": "0.081", "size": "8"}, {"price": "0.14", "size": "1009"}, {"price": "0.141", "size": "30"}, {"price": "0.3", "size": "21.11"}, {"price": "0.54", "size": "26.69"}, {"price": "0.63", "size": "17.79"}, {"price": "0.8", "size": "30.83"}, {"price": "0.81", "size": "20"}, {"price": "0.83", "size": "123.72"}, {"price": "0.85", "size": "10"}, {"price": "0.86", "size": "6.67"}, {"price": "0.95", "size": "275.86"}], "asks": [{"price": "0.999", "size": "851"}, {"price": "0.998", "size": "192.3"}, {"price": "0.99", "size": "163.22"}], "event_type": "book", "last_trade_price": "0.950"}, {"market": "0x1034c0e02d8dfd2ab20e470f52ca04b68522fae5d494fc572ca5d3590b02835f", "asset_id": "19434406161610449353542690506540715576604788497292816963861301483950307829394", "timestamp": "1769382581557", "hash": "9b4a00dab337ef704c611793adfcbff41d02b5c2", "bids": [{"price": "0.01", "size": "14.3"}], "asks": [{"price": "0.99", "size": "20"}, {"price": "0.98", "size": "5.47"}], "event_type": "book", "last_trade_price": ""}, {"market": "0x8e8d315038e54eb4b3b7108ebfc48986e286dd3a53408a293263c73bb64040be", "asset_id": "73877455263924215947237673601962666377355671254828449751196120845554792983538", "timestamp": "1769384410811", "hash": "e90601bedd6ea1f54437a831bd19ac0bef39af86", "bids": [{"price": "0.01", "size": "58.97"}, {"price": "0.02", "size": "5.47"}], "asks": [{"price": "0.99", "size": "19.71"}, {"price": "0.98", "size": "5.47"}], "event_type": "book", "last_trade_price": "0.520"}, {"market": "0x02d056b4ecb79134657b5437bcdd964a7b4008def9f7623e8e1c3a2652996390", "asset_id": "75572739037384917026708802532724608493252666334200100326455332920422495907885", "timestamp": "1769384428730", "hash": "fff4f60479c37a8f358c6227408df8926c277a0c", "bids": [{"price": "0.01", "size": "79.48"}, {"price": "0.03", "size": "50"}], "asks": [{"price": "0.99", "size": "19.72"}, {"price": "0.98", "size": "5.47"}], "event_type": "book", "last_trade_price": "0.730"}]}
{"_local_timestamp": "2026-01-25T23:40:43.811349+00:00", "data": {"market": "0x1172a9379540e31c463e178f08c87f67eb0011ba0deadcd67f78f0028d27f41a", "price_changes": [{"asset_id": "108433110821297511084165806800149498872896490798393090117171505493034184915983", "price": "0.83", "size": "23.72", "side": "BUY", "hash": "b2c9e2333d2ad00c99566525789f20e99c4fc36f", "best_bid": "0.95", "best_ask": "0.99"}, {"asset_id": "96693063570682405603148415870765547887123700438364743392828151015298561276130", "price": "0.17", "size": "23.72", "side": "SELL", "hash": "ab135dc474bdd7de8396f0ad8347e512518bcb47", "best_bid": "0.01", "best_ask": "0.05"}], "timestamp": "1769384443724", "event_type": "price_change"}}
{"_local_timestamp": "2026-01-25T23:40:43.850677+00:00", "data": {"market": "0x1172a9379540e31c463e178f08c87f67eb0011ba0deadcd67f78f0028d27f41a", "price_changes": [{"asset_id": "108433110821297511084165806800149498872896490798393090117171505493034184915983", "price": "0.83", "size": "123.72", "side": "BUY", "hash": "475ada3985b5de3070f262c27643af42486c4536", "best_bid": "0.95", "best_ask": "0.99"}, {"asset_id": "96693063570682405603148415870765547887123700438364743392828151015298561276130", "price": "0.17", "size": "123.72", "side": "SELL", "hash": "6e1514b1f621b56fed653c7476b5568b31515886", "best_bid": "0.01", "best_ask": "0.05"}], "timestamp": "1769384443775", "event_type": "price_change"}}
{"_local_timestamp": "2026-01-25T23:40:43.976392+00:00", "data": {"market": "0xe4088389ccc112ce566307b0535326b545db27823876138c37abc36aa80f01b6", "price_changes": [{"asset_id": "111535201652442500376681045716896114819862357479074857390925141208753505497603", "price": "0.002", "size": "30.08", "side": "BUY", "hash": "f7818201dce028e116eeabd6124a08ee3d0c1282", "best_bid": "0.99", "best_ask": "0.999"}, {"asset_id": "68036185336858618606129914327232954729196470841777365764843049597359907094650", "price": "0.998", "size": "30.08", "side": "SELL", "hash": "04b7eb88809cf246aaad6ed384cc751a61dba9a4", "best_bid": "0.001", "best_ask": "0.01"}], "timestamp": "1769384443910", "event_type": "price_change"}}
{"_local_timestamp": "2026-01-25T23:40:44.157275+00:00", "data": {"market": "0xe4088389ccc112ce566307b0535326b545db27823876138c37abc36aa80f01b6", "price_changes": [{"asset_id": "111535201652442500376681045716896114819862357479074857390925141208753505497603", "price": "0.011", "size": "29.92", "side": "BUY", "hash": "023e01ba7022e2f142ed981c91b965ced71025cd", "best_bid": "0.99", "best_ask": "0.999"}, {"asset_id": "68036185336858618606129914327232954729196470841777365764843049597359907094650", "price": "0.989", "size": "29.92", "side": "SELL", "hash": "0addc4d5bdbc8e85b4ac80fa6d6026b32d3ce5ae", "best_bid": "0.001", "best_ask": "0.01"}], "timestamp": "1769384444083", "event_type": "price_change"}}
{"_local_timestamp": "2026-01-25T23:40:44.159592+00:00", "data": {"market": "0xe4088389ccc112ce566307b0535326b545db27823876138c37abc36aa80f01b6", "price_changes": [{"asset_id": "111535201652442500376681045716896114819862357479074857390925141208753505497603", "price": "0.011", "size": "59.84", "side": "BUY", "hash": "669bb7d2bfee60f10d79ac494800ef53cf937b87", "best_bid": "0.99", "best_ask": "0.999"}, {"asset_id": "68036185336858618606129914327232954729196470841777365764843049597359907094650", "price": "0.989", "size": "59.84", "side": "SELL", "hash": "21d1560b28aa44b0f40d3f8bfaead78987a1b57c", "best_bid": "0.001", "best_ask": "0.01"}], "timestamp": "1769384444084", "event_type": "price_change"}}
{"_local_timestamp": "2026-01-25T23:40:45.759541+00:00", "data": {"market": "0x1172a9379540e31c463e178f08c87f67eb0011ba0deadcd67f78f0028d27f41a", "price_changes": [{"asset_id": "108433110821297511084165806800149498872896490798393090117171505493034184915983", "price": "0.002", "size": "23.63", "side": "BUY", "hash": "b8b36a836816e8cf458c0d46a571794cbcac6ad0", "best_bid": "0.95", "best_ask": "0.99"}, {"asset_id": "96693063570682405603148415870765547887123700438364743392828151015298561276130", "price": "0.998", "size": "23.63", "side": "SELL", "hash": "0f6a97e50aef559c8c8ae4df4b5b8020349a4657", "best_bid": "0.01", "best_ask": "0.05"}], "timestamp": "1769384445684", "event_type": "price_change"}}
{"_local_timestamp": "2026-01-25T23:40:46.565962+00:00", "data": {"market": "0x1172a9379540e31c463e178f08c87f67eb0011ba0deadcd67f78f0028d27f41a", "price_changes": [{"asset_id": "108433110821297511084165806800149498872896490798393090117171505493034184915983", "price": "0.002", "size": "48.55", "side": "BUY", "hash": "0d25442ecd0ea7edc8f9260697ad68090c0b5a3d", "best_bid": "0.95", "best_ask": "0.99"}, {"asset_id": "96693063570682405603148415870765547887123700438364743392828151015298561276130", "price": "0.998", "size": "48.55", "side": "SELL", "hash": "cd7ef40b2a6a441d40b621a8d1bda31e0e7e2d3c", "best_bid": "0.01", "best_ask": "0.05"}], "timestamp": "1769384446498", "event_type": "price_change"}}
{"_local_timestamp": "2026-01-25T23:40:46.566503+00:00", "data": {"market": "0x1172a9379540e31c463e178f08c87f67eb0011ba0deadcd67f78f0028d27f41a", "price_changes": [{"asset_id": "108433110821297511084165806800149498872896490798393090117171505493034184915983", "price": "0.021", "size": "11.88", "side": "BUY", "hash": "1fdc84ea6c16d2211b2719b4994736b265375415", "best_bid": "0.95", "best_ask": "0.99"}, {"asset_id": "96693063570682405603148415870765547887123700438364743392828151015298561276130", "price": "0.979", "size": "11.88", "side": "SELL", "hash": "70b8f242783d5dbc0b79fd2d050c1ff37e26cd65", "best_bid": "0.01", "best_ask": "0.05"}], "timestamp": "1769384446499", "event_type": "price_change"}}
{"_local_timestamp": "2026-01-25T23:40:46.797327+00:00", "data": {"market": "0x1172a9379540e31c463e178f08c87f67eb0011ba0deadcd67f78f0028d27f41a", "price_changes": [{"asset_id": "96693063570682405603148415870765547887123700438364743392828151015298561276130", "price": "0.002", "size": "144.23", "side": "BUY", "hash": "759f55ef58716c56015f72102b7f2823c5a18e33", "best_bid": "0.01", "best_ask": "0.05"}, {"asset_id": "108433110821297511084165806800149498872896490798393090117171505493034184915983", "price": "0.998", "size": "144.23", "side": "SELL", "hash": "d24b26cbbb5425e238ea01cc9e907188c151fd44", "best_bid": "0.95", "best_ask": "0.99"}], "timestamp": "1769384446730", "event_type": "price_change"}}
{"_local_timestamp": "2026-01-25T23:40:47.084472+00:00", "data": {"market": "0x1172a9379540e31c463e178f08c87f67eb0011ba0deadcd67f78f0028d27f41a", "price_changes": [{"asset_id": "108433110821297511084165806800149498872896490798393090117171505493034184915983", "price": "0.14", "size": "300", "side": "BUY", "hash": "c1d49872e9f518dbfd0140dc3e1cf5f8418a766c", "best_bid": "0.95", "best_ask": "0.99"}, {"asset_id": "96693063570682405603148415870765547887123700438364743392828151015298561276130", "price": "0.86", "size": "300", "side": "SELL", "hash": "18655c6a364de26c4d69d04a259bc2f05ea9e919", "best_bid": "0.01", "best_ask": "0.05"}], "timestamp": "1769384447001", "event_type": "price_change"}}
{"_local_timestamp": "2026-01-25T23:40:47.106925+00:00", "data": {"market": "0xe4088389ccc112ce566307b0535326b545db27823876138c37abc36aa80f01b6", "price_changes": [{"asset_id": "111535201652442500376681045716896114819862357479074857390925141208753505497603", "price": "0.01", "size": "0", "side": "BUY", "hash": "0e6a244ff30f2d7abfd10d6ed7651a05dfeffb7c", "best_bid": "0.99", "best_ask": "0.999"}, {"asset_id": "68036185336858618606129914327232954729196470841777365764843049597359907094650", "price": "0.99", "size": "0", "side": "SELL", "hash": "bba227d275402b6c53334c1e04a5fb494e909034", "best_bid": "0.001", "best_ask": "0.01"}], "timestamp": "1769384447001", "event_type": "price_change"}}
{"_local_timestamp": "2026-01-25T23:40:47.115803+00:00", "data": {"market": "0x1172a9379540e31c463e178f08c87f67eb0011ba0deadcd67f78f0028d27f41a", "price_changes": [{"asset_id": "96693063570682405603148415870765547887123700438364743392828151015298561276130", "price": "0.002", "size": "192.3", "side": "BUY", "hash": "c33a339d4a4e09fdce99502599c95202538e4b75", "best_bid": "0.01", "best_ask": "0.05"}, {"asset_id": "108433110821297511084165806800149498872896490798393090117171505493034184915983", "price": "0.998", "size": "192.3", "side": "SELL", "hash": "0beea4a4cb228b36a2384848c9af7974e0769700", "best_bid": "0.95", "best_ask": "0.99"}], "timestamp": "1769384447021", "event_type": "price_change"}}
{"_local_timestamp": "2026-01-25T23:40:47.661407+00:00", "data": {"market": "0x1172a9379540e31c463e178f08c87f67eb0011ba0deadcd67f78f0028d27f41a", "price_changes": [{"asset_id": "96693063570682405603148415870765547887123700438364743392828151015298561276130", "price": "0.011", "size": "5.47", "side": "BUY", "hash": "8ba5d2474c5693c829f7417eb1132de286a3285b", "best_bid": "0.011", "best_ask": "0.05"}, {"asset_id": "108433110821297511084165806800149498872896490798393090117171505493034184915983", "price": "0.989", "size": "5.47", "side": "SELL", "hash": "fb6ecb24a5d7e9a5226855d9585afb9eb2b72118", "best_bid": "0.95", "best_ask": "0.989"}], "timestamp": "1769384447587", "event_type": "price_change"}}
{"_local_timestamp": "2026-01-25T23:40:47.681565+00:00", "data": {"market": "0xe4088389ccc112ce566307b0535326b545db27823876138c37abc36aa80f01b6", "price_changes": [{"asset_id": "111535201652442500376681045716896114819862357479074857390925141208753505497603", "price": "0.002", "size": "22.33", "side": "BUY", "hash": "bcdacac96282e3f8591407b1ef187dead59858cd", "best_bid": "0.99", "best_ask": "0.999"}, {"asset_id": "68036185336858618606129914327232954729196470841777365764843049597359907094650", "price": "0.998", "size": "22.33", "side": "SELL", "hash": "25a7e8b828216a0dea0fe21c14a7e9589500b36a", "best_bid": "0.001", "best_ask": "0.01"}], "timestamp": "1769384447606", "event_type": "price_change"}}
{"_local_timestamp": "2026-01-25T23:40:47.970335+00:00", "data": {"market": "0xe4088389ccc112ce566307b0535326b545db27823876138c37abc36aa80f01b6", "price_changes": [{"asset_id": "111535201652442500376681045716896114819862357479074857390925141208753505497603", "price": "0.002", "size": "30.13", "side": "BUY", "hash": "83b251fefc3d525c92627bb95ee9db71f1458be2", "best_bid": "0.99", "best_ask": "0.999"}, {"asset_id": "68036185336858618606129914327232954729196470841777365764843049597359907094650", "price": "0.998", "size": "30.13", "side": "SELL", "hash": "80d3e9399ca72c8857adcff832d8c59f6529d785", "best_bid": "0.001", "best_ask": "0.01"}], "timestamp": "1769384447899", "event_type": "price_change"}}
{"_local_timestamp": "2026-01-25T23:40:48.276523+00:00", "data": {"market": "0xe4088389ccc112ce566307b0535326b545db27823876138c37abc36aa80f01b6", "price_changes": [{"asset_id": "111535201652442500376681045716896114819862357479074857390925141208753505497603", "price": "0.01", "size": "8333", "side": "BUY", "hash": "9cc4730ec9b779fdc4d8286639f4293b8c2e6309", "best_bid": "0.99", "best_ask": "0.999"}, {"asset_id": "68036185336858618606129914327232954729196470841777365764843049597359907094650", "price": "0.99", "size": "8333", "side": "SELL", "hash": "bf19422bfdd5193570b8172ad9a4261b82a871a3", "best_bid": "0.001", "best_ask": "0.01"}], "timestamp": "1769384448205", "event_type": "price_change"}}
{"_local_timestamp": "2026-01-25T23:40:48.276983+00:00", "data": {"market": "0x1172a9379540e31c463e178f08c87f67eb0011ba0deadcd67f78f0028d27f41a", "price_changes": [{"asset_id": "108433110821297511084165806800149498872896490798393090117171505493034184915983", "price": "0.14", "size": "1009", "side": "BUY", "hash": "891c93c8a7c134a42c40090a31656c70b0733a8a", "best_bid": "0.95", "best_ask": "0.989"}, {"asset_id": "96693063570682405603148415870765547887123700438364743392828151015298561276130", "price": "0.86", "size": "1009", "side": "SELL", "hash": "6ca836cd5c0b298de6b813eadb6e05cc0b6cb3e8", "best_bid": "0.011", "best_ask": "0.05"}], "timestamp": "1769384448205", "event_type": "price_change"}}
{"_local_timestamp": "2026-01-25T23:40:48.528326+00:00", "data": {"market": "0x45c806ae01123f47e7f24fea279b8658a4112cdaa11eee2f9924838a8948bc98", "price_changes": [{"asset_id": "32694948455525029678981577699677214621056167573486416032284086638717669535526", "price": "0.911", "size": "0", "side": "SELL", "hash": "3d3b5c8884fcfd0fedc608c840cb9d2c3a5b1bc5", "best_bid": "0.001", "best_ask": "0.91"}, {"asset_id": "56387091315659274606744882547186473603552761496368462985420229575757384495074", "price": "0.089", "size": "0", "side": "BUY", "hash": "c5e5b8938d847030faef7f1183e726fa42541c95", "best_bid": "0.09", "best_ask": "0.999"}], "timestamp": "1769384448450", "event_type": "price_change"}}
{"_local_timestamp": "2026-01-25T23:40:48.528846+00:00", "data": {"market": "0xe4088389ccc112ce566307b0535326b545db27823876138c37abc36aa80f01b6", "price_changes": [{"asset_id": "111535201652442500376681045716896114819862357479074857390925141208753505497603", "price": "0.011", "size": "29.92", "side": "BUY", "hash": "42cbcd78a1271c850c54caf0eb8b4131b4f0358e", "best_bid": "0.99", "best_ask": "0.999"}, {"asset_id": "68036185336858618606129914327232954729196470841777365764843049597359907094650", "price": "0.989", "size": "29.92", "side": "SELL", "hash": "7f5fee3e00d93c954e525bbc0ed83fbd1bf317b9", "best_bid": "0.001", "best_ask": "0.01"}], "timestamp": "1769384448450", "event_type": "price_change"}}
{"_local_timestamp": "2026-01-25T23:40:48.689846+00:00", "data": {"market": "0x1172a9379540e31c463e178f08c87f67eb0011ba0deadcd67f78f0028d27f41a", "price_changes": [{"asset_id": "108433110821297511084165806800149498872896490798393090117171505493034184915983", "price": "0.83", "size": "23.72", "side": "BUY", "hash": "04c543ef3a72d70a3c00310d11a2e7d3839927b5", "best_bid": "0.95", "best_ask": "0.989"}, {"asset_id": "96693063570682405603148415870765547887123700438364743392828151015298561276130", "price": "0.17", "size": "23.72", "side": "SELL", "hash": "472b9fce4682c40917be87d4a9c8dc7810e5f688", "best_bid": "0.011", "best_ask": "0.05"}], "timestamp": "1769384448614", "event_type": "price_change"}}
{"_local_timestamp": "2026-01-25T23:40:48.789449+00:00", "data": {"market": "0xe4088389ccc112ce566307b0535326b545db27823876138c37abc36aa80f01b6", "price_changes": [{"asset_id": "111535201652442500376681045716896114819862357479074857390925141208753505497603", "price": "0.011", "size": "44.88", "side": "BUY", "hash": "4f67f3dd3ba5c697e5bba338a26bcaa95d7286b8", "best_bid": "0.99", "best_ask": "0.999"}, {"asset_id": "68036185336858618606129914327232954729196470841777365764843049597359907094650", "price": "0.989", "size": "44.88", "side": "SELL", "hash": "0818325f18d9120a0adebf30cce0da48d0dac052", "best_bid": "0.001", "best_ask": "0.01"}], "timestamp": "1769384448710", "event_type": "price_change"}}
{"_local_timestamp": "2026-01-25T23:40:48.789955+00:00", "data": {"market": "0x45c806ae01123f47e7f24fea279b8658a4112cdaa11eee2f9924838a8948bc98", "price_changes": [{"asset_id": "32694948455525029678981577699677214621056167573486416032284086638717669535526", "price": "0.909", "size": "8.2", "side": "SELL", "hash": "12a46a785e5923d9144c761f98938051f5f7efe1", "best_bid": "0.001", "best_ask": "0.909"}, {"asset_id": "56387091315659274606744882547186473603552761496368462985420229575757384495074", "price": "0.091", "size": "8.2", "side": "BUY", "hash": "bba976d9483c01d52559d5c1b2cd58fb26fa1c31", "best_bid": "0.091", "best_ask": "0.999"}], "timestamp": "1769384448710", "event_type": "price_change"}}
{"_local_timestamp": "2026-01-25T23:40:48.793864+00:00", "data": {"market": "0xe4088389ccc112ce566307b0535326b545db27823876138c37abc36aa80f01b6", "price_changes": [{"asset_id": "111535201652442500376681045716896114819862357479074857390925141208753505497603", "price": "0.011", "size": "59.84", "side": "BUY", "hash": "f96228165d10fc5c7209bd61c47e138db27cc3a0", "best_bid": "0.99", "best_ask": "0.999"}, {"asset_id": "68036185336858618606129914327232954729196470841777365764843049597359907094650", "price": "0.989", "size": "59.84", "side": "SELL", "hash": "b6963d1f87311871cf4bba8347ad7d5708b72a9a", "best_bid": "0.001", "best_ask": "0.01"}], "timestamp": "1769384448711", "event_type": "price_change"}}
{"_local_timestamp": "2026-01-25T23:40:48.828314+00:00", "data": {"market": "0x1172a9379540e31c463e178f08c87f67eb0011ba0deadcd67f78f0028d27f41a", "price_changes": [{"asset_id": "108433110821297511084165806800149498872896490798393090117171505493034184915983", "price": "0.84", "size": "100", "side": "BUY", "hash": "0b679fe80909cab9e7fc84358ec8b43c42b3f4f7", "best_bid": "0.95", "best_ask": "0.989"}, {"asset_id": "96693063570682405603148415870765547887123700438364743392828151015298561276130", "price": "0.16", "size": "100", "side": "SELL", "hash": "629f8447d6ba82697a4831c5aa20bdd411c5d91c", "best_bid": "0.011", "best_ask": "0.05"}], "timestamp": "1769384448753", "event_type": "price_change"}}
{"_local_timestamp": "2026-01-25T23:40:48.947125+00:00", "data": {"market": "0x1172a9379540e31c463e178f08c87f67eb0011ba0deadcd67f78f0028d27f41a", "price_changes": [{"asset_id": "108433110821297511084165806800149498872896490798393090117171505493034184915983", "price": "0.84", "size": "0", "side": "BUY", "hash": "6b36bb59676f84824c9d3ead04a41e19755861ab", "best_bid": "0.95", "best_ask": "0.989"}, {"asset_id": "96693063570682405603148415870765547887123700438364743392828151015298561276130", "price": "0.16", "size": "0", "side": "SELL", "hash": "509f3aad5715c5396e81c21d8c486bdd01ce7e4a", "best_bid": "0.011", "best_ask": "0.05"}], "timestamp": "1769384448876", "event_type": "price_change"}}
{"_local_timestamp": "2026-01-25T23:40:48.991646+00:00", "data": {"market": "0x1172a9379540e31c463e178f08c87f67eb0011ba0deadcd67f78f0028d27f41a", "price_changes": [{"asset_id": "108433110821297511084165806800149498872896490798393090117171505493034184915983", "price": "0.83", "size": "123.72", "side": "BUY", "hash": "96d847f5a45fbcf8906c380c6b71512a36ee5d45", "best_bid": "0.95", "best_ask": "0.989"}, {"asset_id": "96693063570682405603148415870765547887123700438364743392828151015298561276130", "price": "0.17", "size": "123.72", "side": "SELL", "hash": "57ccb766eadb70d5c11ea54b256b9a4a7f85a8b8", "best_bid": "0.011", "best_ask": "0.05"}], "timestamp": "1769384448916", "event_type": "price_change"}}
{"_local_timestamp": "2026-01-25T23:40:49.021084+00:00", "data": {"market": "0x1172a9379540e31c463e178f08c87f67eb0011ba0deadcd67f78f0028d27f41a", "price_changes": [{"asset_id": "108433110821297511084165806800149498872896490798393090117171505493034184915983", "price": "0.83", "size": "23.72", "side": "BUY", "hash": "82669b15a9d72dc4f1bb1b93709606ef3d2e3a8b", "best_bid": "0.95", "best_ask": "0.989"}, {"asset_id": "96693063570682405603148415870765547887123700438364743392828151015298561276130", "price": "0.17", "size": "23.72", "side": "SELL", "hash": "ea5b5ddb381d154c496ce69b40ff44c27fe3558b", "best_bid": "0.011", "best_ask": "0.05"}], "timestamp": "1769384448951", "event_type": "price_change"}}
{"_local_timestamp": "2026-01-25T23:40:49.384965+00:00", "data": {"market": "0xe4088389ccc112ce566307b0535326b545db27823876138c37abc36aa80f01b6", "price_changes": [{"asset_id": "111535201652442500376681045716896114819862357479074857390925141208753505497603", "price": "0.002", "size": "22.33", "side": "BUY", "hash": "55031f9293d85f9bbcfb1bb022998c77e18407a7", "best_bid": "0.99", "best_ask": "0.999"}, {"asset_id": "68036185336858618606129914327232954729196470841777365764843049597359907094650", "price": "0.998", "size": "22.33", "side": "SELL", "hash": "ed2fdfb1dd7807c2da0f34b7ef4c5172b83ac203", "best_bid": "0.001", "best_ask": "0.01"}], "timestamp": "1769384449316", "event_type": "price_change"}}
{"_local_timestamp": "2026-01-25T23:40:49.513373+00:00", "data": {"market": "0x45c806ae01123f47e7f24fea279b8658a4112cdaa11eee2f9924838a8948bc98", "price_changes": [{"asset_id": "32694948455525029678981577699677214621056167573486416032284086638717669535526", "price": "0.91", "size": "0", "side": "SELL", "hash": "6fbd9da0d75b0e022beb9e1c8b19405ba5b5f279", "best_bid": "0.001", "best_ask": "0.909"}, {"asset_id": "56387091315659274606744882547186473603552761496368462985420229575757384495074", "price": "0.09", "size": "0", "side": "BUY", "hash": "5c50642000fd8ee18650365a10db4b07729828a2", "best_bid": "0.091", "best_ask": "0.999"}], "timestamp": "1769384449440", "event_type": "price_change"}}
{"_local_timestamp": "2026-01-25T23:40:49.617653+00:00", "data": {"market": "0x45c806ae01123f47e7f24fea279b8658a4112cdaa11eee2f9924838a8948bc98", "price_changes": [{"asset_id": "32694948455525029678981577699677214621056167573486416032284086638717669535526", "price": "0.908", "size": "5.47", "side": "SELL", "hash": "e971b07b6f4277e4f3b888bd34b3a76414780510", "best_bid": "0.001", "best_ask": "0.908"}, {"asset_id": "56387091315659274606744882547186473603552761496368462985420229575757384495074", "price": "0.092", "size": "5.47", "side": "BUY", "hash": "f6bb4e3241290d0893efff56dba8942005382b65", "best_bid": "0.092", "best_ask": "0.999"}], "timestamp": "1769384449538", "event_type": "price_change"}}
{"_local_timestamp": "2026-01-25T23:40:49.619385+00:00", "data": {"market": "0xe4088389ccc112ce566307b0535326b545db27823876138c37abc36aa80f01b6", "price_changes": [{"asset_id": "111535201652442500376681045716896114819862357479074857390925141208753505497603", "price": "0.002", "size": "30.13", "side": "BUY", "hash": "943ebda374bffc116442719e069ef849a3e33fee", "best_bid": "0.99", "best_ask": "0.999"}, {"asset_id": "68036185336858618606129914327232954729196470841777365764843049597359907094650", "price": "0.998", "size": "30.13", "side": "SELL", "hash": "2558ac4a9e21aabb863af8291140e4206d46d734", "best_bid": "0.001", "best_ask": "0.01"}], "timestamp": "1769384449546", "event_type": "price_change"}}
{"_local_timestamp": "2026-01-25T23:40:49.811714+00:00", "data": {"market": "0x8e8d315038e54eb4b3b7108ebfc48986e286dd3a53408a293263c73bb64040be", "price_changes": [{"asset_id": "73877455263924215947237673601962666377355671254828449751196120845554792983538", "price": "0.01", "size": "19.31", "side": "BUY", "hash": "bf578a680a886740163e20718e2b9e783806ee8f", "best_bid": "0.02", "best_ask": "0.98"}, {"asset_id": "45695296729134875133282986964941962331716131780439753949097910486621574361250", "price": "0.99", "size": "19.31", "side": "SELL", "hash": "2cdaa42c02d5bcbc7de148ca04d9b7557b88e833", "best_bid": "0.02", "best_ask": "0.98"}], "timestamp": "1769384449742", "event_type": "price_change"}}
{"_local_timestamp": "2026-01-25T23:40:50.088432+00:00", "data": {"market": "0x8e8d315038e54eb4b3b7108ebfc48986e286dd3a53408a293263c73bb64040be", "price_changes": [{"asset_id": "73877455263924215947237673601962666377355671254828449751196120845554792983538", "price": "0.01", "size": "58.97", "side": "BUY", "hash": "5ac283b3ab0c2361b6aba35767fd0d34439d8591", "best_bid": "0.02", "best_ask": "0.98"}, {"asset_id": "45695296729134875133282986964941962331716131780439753949097910486621574361250", "price": "0.99", "size": "58.97", "side": "SELL", "hash": "b0c9f0dc93d9f9ad3e6e7ceb131804a9b0a06ecd", "best_bid": "0.02", "best_ask": "0.98"}], "timestamp": "1769384449974", "event_type": "price_change"}}
{"_local_timestamp": "2026-01-25T23:40:50.133925+00:00", "data": {"market": "0x02d056b4ecb79134657b5437bcdd964a7b4008def9f7623e8e1c3a2652996390", "price_changes": [{"asset_id": "75572739037384917026708802532724608493252666334200100326455332920422495907885", "price": "0.03", "size": "0", "side": "BUY", "hash": "1a2588f8323e77f281418c3c96270daa7bca8ca8", "best_bid": "0.01", "best_ask": "0.98"}, {"asset_id": "75662091824125558301238389247455078817972039140363353111649504086477915930016", "price": "0.97", "size": "0", "side": "SELL", "hash": "59ad2217053fb061bc2ed491637dc66071ff02aa", "best_bid": "0.02", "best_ask": "0.99"}], "timestamp": "1769384450001", "event_type": "price_change"}}
{"_local_timestamp": "2026-01-25T23:40:51.105450+00:00", "data": {"market": "0xe4088389ccc112ce566307b0535326b545db27823876138c37abc36aa80f01b6", "price_changes": [{"asset_id": "111535201652442500376681045716896114819862357479074857390925141208753505497603", "price": "0.002", "size": "22.33", "side": "BUY", "hash": "cdf1efac34079961de3bb3cf0769f719328249ec", "best_bid": "0.99", "best_ask": "0.999"}, {"asset_id": "68036185336858618606129914327232954729196470841777365764843049597359907094650", "price": "0.998", "size": "22.33", "side": "SELL", "hash": "98288d50f8b7b4e25d67503ad0b654a920d54060", "best_bid": "0.001", "best_ask": "0.01"}], "timestamp": "1769384451017", "event_type": "price_change"}}
{"_local_timestamp": "2026-01-25T23:40:51.363459+00:00", "data": {"market": "0xe4088389ccc112ce566307b0535326b545db27823876138c37abc36aa80f01b6", "price_changes": [{"asset_id": "111535201652442500376681045716896114819862357479074857390925141208753505497603", "price": "0.002", "size": "30.13", "side": "BUY", "hash": "7a7b9c8a3eea9ac0118cbc4eac2345842c70965e", "best_bid": "0.99", "best_ask": "0.999"}, {"asset_id": "68036185336858618606129914327232954729196470841777365764843049597359907094650", "price": "0.998", "size": "30.13", "side": "SELL", "hash": "d0e84a0fe999ef49866e223b9721572ddfb573a5", "best_bid": "0.001", "best_ask": "0.01"}], "timestamp": "1769384451290", "event_type": "price_change"}}
{"_local_timestamp": "2026-01-25T23:40:52.060290+00:00", "data": {"market": "0x02d056b4ecb79134657b5437bcdd964a7b4008def9f7623e8e1c3a2652996390", "price_changes": [{"asset_id": "75572739037384917026708802532724608493252666334200100326455332920422495907885", "price": "0.03", "size": "50", "side": "BUY", "hash": "2f71483c2cb55bb8809532e2b667ed682b109955", "best_bid": "0.03", "best_ask": "0.98"}, {"asset_id": "75662091824125558301238389247455078817972039140363353111649504086477915930016", "price": "0.97", "size": "50", "side": "SELL", "hash": "add7ad38b435f199e17f5160d7ab230d5466f93a", "best_bid": "0.02", "best_ask": "0.97"}], "timestamp": "1769384451982", "event_type": "price_change"}}
{"_local_timestamp": "2026-01-25T23:40:52.389136+00:00", "data": {"market": "0xe4088389ccc112ce566307b0535326b545db27823876138c37abc36aa80f01b6", "price_changes": [{"asset_id": "111535201652442500376681045716896114819862357479074857390925141208753505497603", "price": "0.002", "size": "22.33", "side": "BUY", "hash": "632fe490fd2081f1b387f26220d945d628044749", "best_bid": "0.99", "best_ask": "0.999"}, {"asset_id": "68036185336858618606129914327232954729196470841777365764843049597359907094650", "price": "0.998", "size": "22.33", "side": "SELL", "hash": "36edc24186eb86eb490b6216181db46f0a2d2fab", "best_bid": "0.001", "best_ask": "0.01"}], "timestamp": "1769384452320", "event_type": "price_change"}}
{"_local_timestamp": "2026-01-25T23:40:53.028353+00:00", "data": {"market": "0xe4088389ccc112ce566307b0535326b545db27823876138c37abc36aa80f01b6", "price_changes": [{"asset_id": "111535201652442500376681045716896114819862357479074857390925141208753505497603", "price": "0.002", "size": "30.13", "side": "BUY", "hash": "246b2de81d0d992caa5d3a653966f5fbeccf103c", "best_bid": "0.99", "best_ask": "0.999"}, {"asset_id": "68036185336858618606129914327232954729196470841777365764843049597359907094650", "price": "0.998", "size": "30.13", "side": "SELL", "hash": "e9fa39fa553fd1dc38c429a6debf48e5db405e1d", "best_bid": "0.001", "best_ask": "0.01"}], "timestamp": "1769384452946", "event_type": "price_change"}}
{"_local_timestamp": "2026-01-25T23:40:53.080667+00:00", "data": {"market": "0xe4088389ccc112ce566307b0535326b545db27823876138c37abc36aa80f01b6", "price_changes": [{"asset_id": "111535201652442500376681045716896114819862357479074857390925141208753505497603", "price": "0.01", "size": "0", "side": "BUY", "hash": "dade69aad8ace68757acddadc3a02e3e12db7548", "best_bid": "0.99", "best_ask": "0.999"}, {"asset_id": "68036185336858618606129914327232954729196470841777365764843049597359907094650", "price": "0.99", "size": "0", "side": "SELL", "hash": "b6dab1dcfb5ef7a6eae0d9452fa65f27a1488f1c", "best_bid": "0.001", "best_ask": "0.01"}], "timestamp": "1769384453001", "event_type": "price_change"}}
{"_local_timestamp": "2026-01-25T23:40:53.095577+00:00", "data": {"market": "0x1172a9379540e31c463e178f08c87f67eb0011ba0deadcd67f78f0028d27f41a", "price_changes": [{"asset_id": "108433110821297511084165806800149498872896490798393090117171505493034184915983", "price": "0.14", "size": "300", "side": "BUY", "hash": "79a56d859dd9606500bd48e85fdf44ec00f90438", "best_bid": "0.95", "best_ask": "0.989"}, {"asset_id": "96693063570682405603148415870765547887123700438364743392828151015298561276130", "price": "0.86", "size": "300", "side": "SELL", "hash": "3118a879b8d79834e6f889103c04340e1a64c797", "best_bid": "0.011", "best_ask": "0.05"}], "timestamp": "1769384453002", "event_type": "price_change"}}
{"_local_timestamp": "2026-01-25T23:40:53.416745+00:00", "data": {"market": "0x4d351854a5011cdb0c141ef8d87a8321213d1e0a3b258a3745c03d34dd85d7a7", "price_changes": [{"asset_id": "30230407831690929960155342999106742333605054613110743527797581940998715084536", "price": "0.01", "size": "11.24", "side": "BUY", "hash": "2ee284d2e2cf8086e35f78d497d46bef53858600", "best_bid": "0.01", "best_ask": "0.98"}, {"asset_id": "89397257210211231854366309279840798542964120041524548078365395989129276413393", "price": "0.99", "size": "11.24", "side": "SELL", "hash": "e940d4857fbd8cd889ec31392e7889e7211495da", "best_bid": "0.02", "best_ask": "0.99"}], "timestamp": "1769384453347", "event_type": "price_change"}}
{"_local_timestamp": "2026-01-25T23:40:53.670977+00:00", "data": {"market": "0x1172a9379540e31c463e178f08c87f67eb0011ba0deadcd67f78f0028d27f41a", "price_changes": [{"asset_id": "108433110821297511084165806800149498872896490798393090117171505493034184915983", "price": "0.14", "size": "1009", "side": "BUY", "hash": "84c361017cf9ed6eac164147d427e3f2e5495489", "best_bid": "0.95", "best_ask": "0.989"}, {"asset_id": "96693063570682405603148415870765547887123700438364743392828151015298561276130", "price": "0.86", "size": "1009", "side": "SELL", "hash": "be87ce0d79e167c2e59fecaec8e91e3e3578744b", "best_bid": "0.011", "best_ask": "0.05"}], "timestamp": "1769384453598", "event_type": "price_change"}}
{"_local_timestamp": "2026-01-25T23:40:53.671554+00:00", "data": {"market": "0xe4088389ccc112ce566307b0535326b545db27823876138c37abc36aa80f01b6", "price_changes": [{"asset_id": "111535201652442500376681045716896114819862357479074857390925141208753505497603", "price": "0.01", "size": "8333", "side": "BUY", "hash": "32ce1eeccde9d0e0d750db2c7acc553e9ecaa0f2", "best_bid": "0.99", "best_ask": "0.999"}, {"asset_id": "68036185336858618606129914327232954729196470841777365764843049597359907094650", "price": "0.99", "size": "8333", "side": "SELL", "hash": "3d17dfde213b51fb156330f6089335bc31be65ea", "best_bid": "0.001", "best_ask": "0.01"}], "timestamp": "1769384453598", "event_type": "price_change"}}
{"_local_timestamp": "2026-01-25T23:40:53.677731+00:00", "data": {"market": "0x4d351854a5011cdb0c141ef8d87a8321213d1e0a3b258a3745c03d34dd85d7a7", "price_changes": [{"asset_id": "30230407831690929960155342999106742333605054613110743527797581940998715084536", "price": "0.01", "size": "38.46", "side": "BUY", "hash": "7a856cc49a35da0aa879054631f648d203ba3412", "best_bid": "0.01", "best_ask": "0.98"}, {"asset_id": "89397257210211231854366309279840798542964120041524548078365395989129276413393", "price": "0.99", "size": "38.46", "side": "SELL", "hash": "67b262d10904cd4dc4c0a4e0bde9e41b5d75e84d", "best_bid": "0.02", "best_ask": "0.99"}], "timestamp": "1769384453600", "event_type": "price_change"}}
{"_local_timestamp": "2026-01-25T23:40:55.176524+00:00", "data": {"market": "0x45c806ae01123f47e7f24fea279b8658a4112cdaa11eee2f9924838a8948bc98", "price_changes": [{"asset_id": "56387091315659274606744882547186473603552761496368462985420229575757384495074", "price": "0.002", "size": "285", "side": "BUY", "hash": "2312911d47b47ece682396ba56657ec46f13f8d8", "best_bid": "0.092", "best_ask": "0.999"}, {"asset_id": "32694948455525029678981577699677214621056167573486416032284086638717669535526", "price": "0.998", "size": "285", "side": "SELL", "hash": "d2e78ca17f78fff53a98660cc79edb5c21c6a713", "best_bid": "0.001", "best_ask": "0.908"}], "timestamp": "1769384455099", "event_type": "price_change"}}
{"_local_timestamp": "2026-01-25T23:40:55.478320+00:00", "data": {"market": "0x45c806ae01123f47e7f24fea279b8658a4112cdaa11eee2f9924838a8948bc98", "price_changes": [{"asset_id": "56387091315659274606744882547186473603552761496368462985420229575757384495074", "price": "0.07", "size": "0", "side": "BUY", "hash": "7315e39f8a57e06e097fcc8a5ad4b1dc2b648ac0", "best_bid": "0.092", "best_ask": "0.999"}, {"asset_id": "32694948455525029678981577699677214621056167573486416032284086638717669535526", "price": "0.93", "size": "0", "side": "SELL", "hash": "93c16170dba60a2848115eaacddbc64d8e85be68", "best_bid": "0.001", "best_ask": "0.908"}], "timestamp": "1769384455404", "event_type": "price_change"}}
{"_local_timestamp": "2026-01-25T23:40:55.553029+00:00", "data": {"market": "0x45c806ae01123f47e7f24fea279b8658a4112cdaa11eee2f9924838a8948bc98", "price_changes": [{"asset_id": "56387091315659274606744882547186473603552761496368462985420229575757384495074", "price": "0.001", "size": "1000", "side": "BUY", "hash": "875fbf2730d5319c4bc51c9cece0c3b0f9a78330", "best_bid": "0.092", "best_ask": "0.999"}, {"asset_id": "32694948455525029678981577699677214621056167573486416032284086638717669535526", "price": "0.999", "size": "1000", "side": "SELL", "hash": "aeb24b1011676506abe17b857ebe03d0cf92a3a8", "best_bid": "0.001", "best_ask": "0.908"}], "timestamp": "1769384455481", "event_type": "price_change"}}
{"_local_timestamp": "2026-01-25T23:40:55.559565+00:00", "data": {"market": "0x45c806ae01123f47e7f24fea279b8658a4112cdaa11eee2f9924838a8948bc98", "price_changes": [{"asset_id": "56387091315659274606744882547186473603552761496368462985420229575757384495074", "price": "0.002", "size": "425.49", "side": "BUY", "hash": "c0ffbce570605e98ce4bb76119e4dbf1c138bea4", "best_bid": "0.092", "best_ask": "0.999"}, {"asset_id": "32694948455525029678981577699677214621056167573486416032284086638717669535526", "price": "0.998", "size": "425.49", "side": "SELL", "hash": "693a7dbc74cde429a20b4a9e0c6f099b6c0bfa19", "best_bid": "0.001", "best_ask": "0.908"}], "timestamp": "1769384455482", "event_type": "price_change"}}
{"_local_timestamp": "2026-01-25T23:40:56.476513+00:00", "data": {"market": "0x45c806ae01123f47e7f24fea279b8658a4112cdaa11eee2f9924838a8948bc98", "price_changes": [{"asset_id": "32694948455525029678981577699677214621056167573486416032284086638717669535526", "price": "0.909", "size": "0", "side": "SELL", "hash": "abde35214f9cb781904a12c1c6a8d2e3550ed550", "best_bid": "0.001", "best_ask": "0.908"}, {"asset_id": "56387091315659274606744882547186473603552761496368462985420229575757384495074", "price": "0.091", "size": "0", "side": "BUY", "hash": "100d98976d149473bc57eccf80fef0d0831043ba", "best_bid": "0.092", "best_ask": "0.999"}], "timestamp": "1769384456400", "event_type": "price_change"}}
{"_local_timestamp": "2026-01-25T23:40:56.477703+00:00", "data": {"market": "0x45c806ae01123f47e7f24fea279b8658a4112cdaa11eee2f9924838a8948bc98", "price_changes": [{"asset_id": "32694948455525029678981577699677214621056167573486416032284086638717669535526", "price": "0.929", "size": "0", "side": "SELL", "hash": "abde35214f9cb781904a12c1c6a8d2e3550ed550", "best_bid": "0.001", "best_ask": "0.908"}, {"asset_id": "56387091315659274606744882547186473603552761496368462985420229575757384495074", "price": "0.071", "size": "0", "side": "BUY", "hash": "100d98976d149473bc57eccf80fef0d0831043ba", "best_bid": "0.092", "best_ask": "0.999"}], "timestamp": "1769384456400", "event_type": "price_change"}}
{"_local_timestamp": "2026-01-25T23:40:56.744729+00:00", "data": {"market": "0x45c806ae01123f47e7f24fea279b8658a4112cdaa11eee2f9924838a8948bc98", "price_changes": [{"asset_id": "32694948455525029678981577699677214621056167573486416032284086638717669535526", "price": "0.998", "size": "517.28", "side": "SELL", "hash": "2ff15dc55486ea0632addbe2837cc41fc482bead", "best_bid": "0.001", "best_ask": "0.908"}, {"asset_id": "56387091315659274606744882547186473603552761496368462985420229575757384495074", "price": "0.002", "size": "517.28", "side": "BUY", "hash": "c81f8b17ee6efc108d690f668f7bd945541af88f", "best_bid": "0.092", "best_ask": "0.999"}], "timestamp": "1769384456676", "event_type": "price_change"}}
{"_local_timestamp": "2026-01-25T23:40:56.745317+00:00", "data": {"market": "0x45c806ae01123f47e7f24fea279b8658a4112cdaa11eee2f9924838a8948bc98", "price_changes": [{"asset_id": "32694948455525029678981577699677214621056167573486416032284086638717669535526", "price": "0.907", "size": "8.2", "side": "SELL", "hash": "bd5f7374ebe5417ae4baffd9b83a5a18058b60a3", "best_bid": "0.001", "best_ask": "0.907"}, {"asset_id": "56387091315659274606744882547186473603552761496368462985420229575757384495074", "price": "0.093", "size": "8.2", "side": "BUY", "hash": "b51212757702536e7b6939905c901af0a16d2092", "best_bid": "0.093", "best_ask": "0.999"}], "timestamp": "1769384456677", "event_type": "price_change"}}
{"_local_timestamp": "2026-01-25T23:40:56.910318+00:00", "data": {"market": "0xe4088389ccc112ce566307b0535326b545db27823876138c37abc36aa80f01b6", "price_changes": [{"asset_id": "111535201652442500376681045716896114819862357479074857390925141208753505497603", "price": "0.002", "size": "22.33", "side": "BUY", "hash": "d292ace9735d798da05e3e624c429cd9ede17674", "best_bid": "0.99", "best_ask": "0.999"}, {"asset_id": "68036185336858618606129914327232954729196470841777365764843049597359907094650", "price": "0.998", "size": "22.33", "side": "SELL", "hash": "8d1be8369a5576d8d1e8cf1a2dd9960c116c634d", "best_bid": "0.001", "best_ask": "0.01"}], "timestamp": "1769384456838", "event_type": "price_change"}}
{"_local_timestamp": "2026-01-25T23:40:57.189246+00:00", "data": {"market": "0xe4088389ccc112ce566307b0535326b545db27823876138c37abc36aa80f01b6", "price_changes": [{"asset_id": "111535201652442500376681045716896114819862357479074857390925141208753505497603", "price": "0.002", "size": "30.13", "side": "BUY", "hash": "227b8424e729a6f413dd2c4499f26aac21dacd45", "best_bid": "0.99", "best_ask": "0.999"}, {"asset_id": "68036185336858618606129914327232954729196470841777365764843049597359907094650", "price": "0.998", "size": "30.13", "side": "SELL", "hash": "ad8f91f377fb0cb7a37b961a4a685adc958b7546", "best_bid": "0.001", "best_ask": "0.01"}], "timestamp": "1769384457107", "event_type": "price_change"}}
{"_local_timestamp": "2026-01-25T23:40:59.075501+00:00", "data": {"market": "0x45c806ae01123f47e7f24fea279b8658a4112cdaa11eee2f9924838a8948bc98", "price_changes": [{"asset_id": "56387091315659274606744882547186473603552761496368462985420229575757384495074", "price": "0.09", "size": "100", "side": "BUY", "hash": "c2499907bd7c663791151c73ea54ecba0be15f72", "best_bid": "0.093", "best_ask": "0.999"}, {"asset_id": "32694948455525029678981577699677214621056167573486416032284086638717669535526", "price": "0.91", "size": "100", "side": "SELL", "hash": "b4252c137ccaaec3804507b7b48cb55e4991be02", "best_bid": "0.001", "best_ask": "0.907"}], "timestamp": "1769384457996", "event_type": "price_change"}}
{"_local_timestamp": "2026-01-25T23:40:59.076076+00:00", "data": {"market": "0xe4088389ccc112ce566307b0535326b545db27823876138c37abc36aa80f01b6", "price_changes": [{"asset_id": "111535201652442500376681045716896114819862357479074857390925141208753505497603", "price": "0.01", "size": "0", "side": "BUY", "hash": "8ec6a2bd8c3aa3dc9a622a9e236a18311a4c489a", "best_bid": "0.99", "best_ask": "0.999"}, {"asset_id": "68036185336858618606129914327232954729196470841777365764843049597359907094650", "price": "0.99", "size": "0", "side": "SELL", "hash": "ff8a5a1e150c77ac3456863ad3955bc8eb3fefd0", "best_bid": "0.001", "best_ask": "0.01"}], "timestamp": "1769384458002", "event_type": "price_change"}}
{"_local_timestamp": "2026-01-25T23:40:59.076531+00:00", "data": {"market": "0x1172a9379540e31c463e178f08c87f67eb0011ba0deadcd67f78f0028d27f41a", "price_changes": [{"asset_id": "108433110821297511084165806800149498872896490798393090117171505493034184915983", "price": "0.14", "size": "300", "side": "BUY", "hash": "80a306e14b9d196426e6fcee5025d996985008c2", "best_bid": "0.95", "best_ask": "0.989"}, {"asset_id": "96693063570682405603148415870765547887123700438364743392828151015298561276130", "price": "0.86", "size": "300", "side": "SELL", "hash": "f665dba0ad9eeeda037e755fb2f78748fff377fc", "best_bid": "0.011", "best_ask": "0.05"}], "timestamp": "1769384458002", "event_type": "price_change"}}
{"_local_timestamp": "2026-01-25T23:40:59.076935+00:00", "data": {"market": "0x1172a9379540e31c463e178f08c87f67eb0011ba0deadcd67f78f0028d27f41a", "price_changes": [{"asset_id": "108433110821297511084165806800149498872896490798393090117171505493034184915983", "price": "0.84", "size": "100", "side": "BUY", "hash": "abfbe7c98cb44ce056668f13890aaf6cfcb464b9", "best_bid": "0.95", "best_ask": "0.989"}, {"asset_id": "96693063570682405603148415870765547887123700438364743392828151015298561276130", "price": "0.16", "size": "100", "side": "SELL", "hash": "7ca1c8bdd5179d27017247b12026e94222a08f00", "best_bid": "0.011", "best_ask": "0.05"}], "timestamp": "1769384458771", "event_type": "price_change"}}
{"_local_timestamp": "2026-01-25T23:40:59.077330+00:00", "data": {"market": "0x1172a9379540e31c463e178f08c87f67eb0011ba0deadcd67f78f0028d27f41a", "price_changes": [{"asset_id": "108433110821297511084165806800149498872896490798393090117171505493034184915983", "price": "0.84", "size": "0", "side": "BUY", "hash": "ed5351235c125fd1a8e86121a755d5326ce7af1c", "best_bid": "0.95", "best_ask": "0.989"}, {"asset_id": "96693063570682405603148415870765547887123700438364743392828151015298561276130", "price": "0.16", "size": "0", "side": "SELL", "hash": "74c88953fddbfd04b595b04c5b1c23068508cac3", "best_bid": "0.011", "best_ask": "0.05"}], "timestamp": "1769384458911", "event_type": "price_change"}}
{"_local_timestamp": "2026-01-25T23:40:59.077787+00:00", "data": {"market": "0x1172a9379540e31c463e178f08c87f67eb0011ba0deadcd67f78f0028d27f41a", "price_changes": [{"asset_id": "108433110821297511084165806800149498872896490798393090117171505493034184915983", "price": "0.83", "size": "123.72", "side": "BUY", "hash": "f83ef5d0cf003fa1f4efe9b9e074d3ae87486de3", "best_bid": "0.95", "best_ask": "0.989"}, {"asset_id": "96693063570682405603148415870765547887123700438364743392828151015298561276130", "price": "0.17", "size": "123.72", "side": "SELL", "hash": "e36ad10b493b414485754cf63e54cfbba6ce7b88", "best_bid": "0.011", "best_ask": "0.05"}], "timestamp": "1769384458962", "event_type": "price_change"}}
{"_local_timestamp": "2026-01-25T23:40:59.120972+00:00", "data": {"market": "0x1172a9379540e31c463e178f08c87f67eb0011ba0deadcd67f78f0028d27f41a", "price_changes": [{"asset_id": "108433110821297511084165806800149498872896490798393090117171505493034184915983", "price": "0.83", "size": "23.72", "side": "BUY", "hash": "3639f4fac12fb5f56ae9655440ef965383ed621e", "best_bid": "0.95", "best_ask": "0.989"}, {"asset_id": "96693063570682405603148415870765547887123700438364743392828151015298561276130", "price": "0.17", "size": "23.72", "side": "SELL", "hash": "8173e5ca13ce9eb8b2aba201c37da3859461cecd", "best_bid": "0.011", "best_ask": "0.05"}], "timestamp": "1769384459038", "event_type": "price_change"}}
{"_local_timestamp": "2026-01-25T23:40:59.141305+00:00", "data": {"market": "0x1172a9379540e31c463e178f08c87f67eb0011ba0deadcd67f78f0028d27f41a", "price_changes": [{"asset_id": "108433110821297511084165806800149498872896490798393090117171505493034184915983", "price": "0.14", "size": "1009", "side": "BUY", "hash": "fca425344b1bdba50c1aff861ef4fbbad6b55782", "best_bid": "0.95", "best_ask": "0.989"}, {"asset_id": "96693063570682405603148415870765547887123700438364743392828151015298561276130", "price": "0.86", "size": "1009", "side": "SELL", "hash": "11f551700022f1b24afd76f3dba936104cdda405", "best_bid": "0.011", "best_ask": "0.05"}], "timestamp": "1769384459069", "event_type": "price_change"}}
{"_local_timestamp": "2026-01-25T23:40:59.143534+00:00", "data": {"market": "0xe4088389ccc112ce566307b0535326b545db27823876138c37abc36aa80f01b6", "price_changes": [{"asset_id": "111535201652442500376681045716896114819862357479074857390925141208753505497603", "price": "0.01", "size": "8333", "side": "BUY", "hash": "678d41f1b0d391dbd4b9a6d13dafe6dd4e7753c9", "best_bid": "0.99", "best_ask": "0.999"}, {"asset_id": "68036185336858618606129914327232954729196470841777365764843049597359907094650", "price": "0.99", "size": "8333", "side": "SELL", "hash": "86777e0ca7b091f43256385e8ca344bcca679803", "best_bid": "0.001", "best_ask": "0.01"}], "timestamp": "1769384459069", "event_type": "price_change"}}
{"_local_timestamp": "2026-01-25T23:40:59.228533+00:00", "data": {"market": "0x1172a9379540e31c463e178f08c87f67eb0011ba0deadcd67f78f0028d27f41a", "price_changes": [{"asset_id": "108433110821297511084165806800149498872896490798393090117171505493034184915983", "price": "0.83", "size": "123.72", "side": "BUY", "hash": "ba656bb36ad60f62871c683f792b66829dfa1977", "best_bid": "0.95", "best_ask": "0.989"}, {"asset_id": "96693063570682405603148415870765547887123700438364743392828151015298561276130", "price": "0.17", "size": "123.72", "side": "SELL", "hash": "7cb990568c4b05cbca375617845aa2254c45021b", "best_bid": "0.011", "best_ask": "0.05"}], "timestamp": "1769384459126", "event_type": "price_change"}}
{"_local_timestamp": "2026-01-25T23:40:59.330069+00:00", "data": {"market": "0x1172a9379540e31c463e178f08c87f67eb0011ba0deadcd67f78f0028d27f41a", "price_changes": [{"asset_id": "108433110821297511084165806800149498872896490798393090117171505493034184915983", "price": "0.83", "size": "23.72", "side": "BUY", "hash": "42d7b4f93517ddca29af0e1740240553f7bcdd9a", "best_bid": "0.95", "best_ask": "0.989"}, {"asset_id": "96693063570682405603148415870765547887123700438364743392828151015298561276130", "price": "0.17", "size": "23.72", "side": "SELL", "hash": "f4a8ed89eb401de51b23463e4e96aa6064b84ac2", "best_bid": "0.011", "best_ask": "0.05"}], "timestamp": "1769384459256", "event_type": "price_change"}}
{"_local_timestamp": "2026-01-25T23:40:59.545503+00:00", "data": {"market": "0xe40aca7194b6ed6c98d54fcd1338d41c30d5265d68d7468fdb3afcca62e8d6c3", "price_changes": [{"asset_id": "21516192838799393436877283935602059956906510510942747966420810813105259210660", "price": "0.01", "size": "9.85", "side": "BUY", "hash": "5e9fdd342d71b4e1834099d4ee89831a088b2e69", "best_bid": "0.01", "best_ask": "0.98"}, {"asset_id": "82306081970048077348294633861982165617205411236349395805461913184457941025697", "price": "0.99", "size": "9.85", "side": "SELL", "hash": "ace5725cfc000d28be4f157c2dcd473a92bbee6d", "best_bid": "0.02", "best_ask": "0.99"}], "timestamp": "1769384459445", "event_type": "price_change"}}
{"_local_timestamp": "2026-01-25T23:40:59.736692+00:00", "data": {"market": "0xe40aca7194b6ed6c98d54fcd1338d41c30d5265d68d7468fdb3afcca62e8d6c3", "price_changes": [{"asset_id": "21516192838799393436877283935602059956906510510942747966420810813105259210660", "price": "0.01", "size": "38.46", "side": "BUY", "hash": "07bd4584d9eca2bca15441a796dbb08c02ee7ff1", "best_bid": "0.01", "best_ask": "0.98"}, {"asset_id": "82306081970048077348294633861982165617205411236349395805461913184457941025697", "price": "0.99", "size": "38.46", "side": "SELL", "hash": "0a9629af6dd0c8f0701eaabf13db6cf78ef876af", "best_bid": "0.02", "best_ask": "0.99"}], "timestamp": "1769384459663", "event_type": "price_change"}}
{"_local_timestamp": "2026-01-25T23:40:59.948030+00:00", "data": {"market": "0xe4088389ccc112ce566307b0535326b545db27823876138c37abc36aa80f01b6", "price_changes": [{"asset_id": "111535201652442500376681045716896114819862357479074857390925141208753505497603", "price": "0.002", "size": "22.33", "side": "BUY", "hash": "b884284355cb587cf8b1e8bd70da7b76458276f5", "best_bid": "0.99", "best_ask": "0.999"}, {"asset_id": "68036185336858618606129914327232954729196470841777365764843049597359907094650", "price": "0.998", "size": "22.33", "side": "SELL", "hash": "5515e5733c05ac4df0c16ac9a5c63de3d09a4236", "best_bid": "0.001", "best_ask": "0.01"}], "timestamp": "1769384459868", "event_type": "price_change"}}
{"_local_timestamp": "2026-01-25T23:41:00.179318+00:00", "data": {"market": "0xe4088389ccc112ce566307b0535326b545db27823876138c37abc36aa80f01b6", "price_changes": [{"asset_id": "111535201652442500376681045716896114819862357479074857390925141208753505497603", "price": "0.002", "size": "30.13", "side": "BUY", "hash": "97afca1960be6a763d5b122336c8d38b31ba2c4b", "best_bid": "0.99", "best_ask": "0.999"}, {"asset_id": "68036185336858618606129914327232954729196470841777365764843049597359907094650", "price": "0.998", "size": "30.13", "side": "SELL", "hash": "12ecc1ee69514038b740c9b2a62a00bf9ad42506", "best_bid": "0.001", "best_ask": "0.01"}], "timestamp": "1769384460096", "event_type": "price_change"}}
{"_local_timestamp": "2026-01-25T23:41:00.328755+00:00", "data": {"market": "0x45c806ae01123f47e7f24fea279b8658a4112cdaa11eee2f9924838a8948bc98", "price_changes": [{"asset_id": "32694948455525029678981577699677214621056167573486416032284086638717669535526", "price": "0.908", "size": "0", "side": "SELL", "hash": "e3d9f4487f8d6edacd8f8f7749c7f0a94eb21bf5", "best_bid": "0.001", "best_ask": "0.907"}, {"asset_id": "56387091315659274606744882547186473603552761496368462985420229575757384495074", "price": "0.092", "size": "0", "side": "BUY", "hash": "bc2b253400a84748a4ce589c4db044c9a6a3edd6", "best_bid": "0.093", "best_ask": "0.999"}], "timestamp": "1769384460257", "event_type": "price_change"}}
{"_local_timestamp": "2026-01-25T23:41:00.462728+00:00", "data": {"market": "0x45c806ae01123f47e7f24fea279b8658a4112cdaa11eee2f9924838a8948bc98", "price_changes": [{"asset_id": "32694948455525029678981577699677214621056167573486416032284086638717669535526", "price": "0.906", "size": "5.47", "side": "SELL", "hash": "03d05004c71c573ad2be5c6dd406d3e56532f27a", "best_bid": "0.001", "best_ask": "0.906"}, {"asset_id": "56387091315659274606744882547186473603552761496368462985420229575757384495074", "price": "0.094", "size": "5.47", "side": "BUY", "hash": "4cba49e8dbbc763e1775ab10b8f08597b4c41e6c", "best_bid": "0.094", "best_ask": "0.999"}], "timestamp": "1769384460384", "event_type": "price_change"}}
{"_local_timestamp": "2026-01-25T23:41:00.787717+00:00", "data": {"market": "0x45c806ae01123f47e7f24fea279b8658a4112cdaa11eee2f9924838a8948bc98", "price_changes": [{"asset_id": "32694948455525029678981577699677214621056167573486416032284086638717669535526", "price": "0.998", "size": "425.49", "side": "SELL", "hash": "2371797c33ae20345d952a29a8f78b9d9e01bf1e", "best_bid": "0.001", "best_ask": "0.906"}, {"asset_id": "56387091315659274606744882547186473603552761496368462985420229575757384495074", "price": "0.002", "size": "425.49", "side": "BUY", "hash": "d06739d37b20040510b66bcc1320fcce11360c39", "best_bid": "0.094", "best_ask": "0.999"}], "timestamp": "1769384460714", "event_type": "price_change"}}
{"_local_timestamp": "2026-01-25T23:41:01.027426+00:00", "data": {"market": "0x45c806ae01123f47e7f24fea279b8658a4112cdaa11eee2f9924838a8948bc98", "price_changes": [{"asset_id": "32694948455525029678981577699677214621056167573486416032284086638717669535526", "price": "0.909", "size": "84.26", "side": "SELL", "hash": "110c0acc232ef23114d7511e2420def248fe3c71", "best_bid": "0.001", "best_ask": "0.906"}, {"asset_id": "56387091315659274606744882547186473603552761496368462985420229575757384495074", "price": "0.091", "size": "84.26", "side": "BUY", "hash": "2cdcbf36e2f3bb57e9a7726ef84542e134532683", "best_bid": "0.094", "best_ask": "0.999"}], "timestamp": "1769384460956", "event_type": "price_change"}}
{"_local_timestamp": "2026-01-25T23:41:01.028094+00:00", "data": {"market": "0x45c806ae01123f47e7f24fea279b8658a4112cdaa11eee2f9924838a8948bc98", "price_changes": [{"asset_id": "32694948455525029678981577699677214621056167573486416032284086638717669535526", "price": "0.905", "size": "7.53", "side": "SELL", "hash": "df97f91b483fe67bb66616462a50dedd88610dc7", "best_bid": "0.001", "best_ask": "0.905"}, {"asset_id": "56387091315659274606744882547186473603552761496368462985420229575757384495074", "price": "0.095", "size": "7.53", "side": "BUY", "hash": "20c2bee2b38773542d08418d240fea60dd4c9ded", "best_bid": "0.095", "best_ask": "0.999"}], "timestamp": "1769384460957", "event_type": "price_change"}}
{"_local_timestamp": "2026-01-25T23:41:02.115389+00:00", "data": {"market": "0x45c806ae01123f47e7f24fea279b8658a4112cdaa11eee2f9924838a8948bc98", "price_changes": [{"asset_id": "32694948455525029678981577699677214621056167573486416032284086638717669535526", "price": "0.906", "size": "0", "side": "SELL", "hash": "c0804327c3439dde925e7eb8082cdb50c6dfedb2", "best_bid": "0.001", "best_ask": "0.905"}, {"asset_id": "56387091315659274606744882547186473603552761496368462985420229575757384495074", "price": "0.094", "size": "0", "side": "BUY", "hash": "cfe0c96cc644564f326417412b47f194f42a8d22", "best_bid": "0.095", "best_ask": "0.999"}], "timestamp": "1769384462035", "event_type": "price_change"}}
{"_local_timestamp": "2026-01-25T23:41:02.219050+00:00", "data": {"market": "0x45c806ae01123f47e7f24fea279b8658a4112cdaa11eee2f9924838a8948bc98", "price_changes": [{"asset_id": "32694948455525029678981577699677214621056167573486416032284086638717669535526", "price": "0.904", "size": "5.47", "side": "SELL", "hash": "2a7f9d18c0ec19cede0971e26319a577f418b21a", "best_bid": "0.001", "best_ask": "0.904"}, {"asset_id": "56387091315659274606744882547186473603552761496368462985420229575757384495074", "price": "0.096", "size": "5.47", "side": "BUY", "hash": "c2ff914bd959e5dba04e416982b71fde3bd3c1a5", "best_bid": "0.096", "best_ask": "0.999"}], "timestamp": "1769384462143", "event_type": "price_change"}}
{"_local_timestamp": "2026-01-25T23:41:02.923062+00:00", "data": {"market": "0xe4088389ccc112ce566307b0535326b545db27823876138c37abc36aa80f01b6", "price_changes": [{"asset_id": "111535201652442500376681045716896114819862357479074857390925141208753505497603", "price": "0.002", "size": "22.33", "side": "BUY", "hash": "3ba5233c6386b02a31d3d5aaa58706ea57a071e9", "best_bid": "0.99", "best_ask": "0.999"}, {"asset_id": "68036185336858618606129914327232954729196470841777365764843049597359907094650", "price": "0.998", "size": "22.33", "side": "SELL", "hash": "39246e5b9499ec243308853918624e7c48974190", "best_bid": "0.001", "best_ask": "0.01"}], "timestamp": "1769384462845", "event_type": "price_change"}}
{"_local_timestamp": "2026-01-25T23:41:03.070490+00:00", "data": {"market": "0xe4088389ccc112ce566307b0535326b545db27823876138c37abc36aa80f01b6", "price_changes": [{"asset_id": "111535201652442500376681045716896114819862357479074857390925141208753505497603", "price": "0.01", "size": "0", "side": "BUY", "hash": "b49208a6efef9f99e756345625812b4bda474439", "best_bid": "0.99", "best_ask": "0.999"}, {"asset_id": "68036185336858618606129914327232954729196470841777365764843049597359907094650", "price": "0.99", "size": "0", "side": "SELL", "hash": "fba97e6773bf3366ab0e7609d2c555c2c6b3c1ff", "best_bid": "0.001", "best_ask": "0.01"}], "timestamp": "1769384463001", "event_type": "price_change"}}
{"_local_timestamp": "2026-01-25T23:41:03.084082+00:00", "data": {"market": "0x1172a9379540e31c463e178f08c87f67eb0011ba0deadcd67f78f0028d27f41a", "price_changes": [{"asset_id": "108433110821297511084165806800149498872896490798393090117171505493034184915983", "price": "0.14", "size": "300", "side": "BUY", "hash": "a19e62dc66491261bfdfaa9747536a749dd35d69", "best_bid": "0.95", "best_ask": "0.989"}, {"asset_id": "96693063570682405603148415870765547887123700438364743392828151015298561276130", "price": "0.86", "size": "300", "side": "SELL", "hash": "032f020f2993adfb28fb054b8faa32190b8bef12", "best_bid": "0.011", "best_ask": "0.05"}], "timestamp": "1769384463003", "event_type": "price_change"}}
{"_local_timestamp": "2026-01-25T23:41:03.299421+00:00", "data": {"market": "0xe4088389ccc112ce566307b0535326b545db27823876138c37abc36aa80f01b6", "price_changes": [{"asset_id": "111535201652442500376681045716896114819862357479074857390925141208753505497603", "price": "0.002", "size": "30.13", "side": "BUY", "hash": "37e68e24f718546ae1784ace099cb49b9ced81bd", "best_bid": "0.99", "best_ask": "0.999"}, {"asset_id": "68036185336858618606129914327232954729196470841777365764843049597359907094650", "price": "0.998", "size": "30.13", "side": "SELL", "hash": "4d3f7ecf3658649ff6fdd019cd8e3227fad3bb14", "best_bid": "0.001", "best_ask": "0.01"}], "timestamp": "1769384463214", "event_type": "price_change"}}
{"_local_timestamp": "2026-01-25T23:41:04.659339+00:00", "data": {"market": "0xe4088389ccc112ce566307b0535326b545db27823876138c37abc36aa80f01b6", "price_changes": [{"asset_id": "111535201652442500376681045716896114819862357479074857390925141208753505497603", "price": "0.01", "size": "8333", "side": "BUY", "hash": "8a4147be1b57ed4812dbfbf9f1b7f856c0fddb73", "best_bid": "0.99", "best_ask": "0.999"}, {"asset_id": "68036185336858618606129914327232954729196470841777365764843049597359907094650", "price": "0.99", "size": "8333", "side": "SELL", "hash": "7e78da3d11dc063f57c2b0e77c52c63b4556e954", "best_bid": "0.001", "best_ask": "0.01"}], "timestamp": "1769384464567", "event_type": "price_change"}}
{"_local_timestamp": "2026-01-25T23:41:04.806482+00:00", "data": {"market": "0x1172a9379540e31c463e178f08c87f67eb0011ba0deadcd67f78f0028d27f41a", "price_changes": [{"asset_id": "108433110821297511084165806800149498872896490798393090117171505493034184915983", "price": "0.14", "size": "1009", "side": "BUY", "hash": "1f582cbf74f9986d63ea0a4b25cd4cf9a26a9489", "best_bid": "0.95", "best_ask": "0.989"}, {"asset_id": "96693063570682405603148415870765547887123700438364743392828151015298561276130", "price": "0.86", "size": "1009", "side": "SELL", "hash": "700b0ca514c6f55f4b2932b0f51a0c0645af3a59", "best_bid": "0.011", "best_ask": "0.05"}], "timestamp": "1769384464737", "event_type": "price_change"}}
{"_local_timestamp": "2026-01-25T23:41:06.944616+00:00", "data": {"market": "0xe4088389ccc112ce566307b0535326b545db27823876138c37abc36aa80f01b6", "price_changes": [{"asset_id": "111535201652442500376681045716896114819862357479074857390925141208753505497603", "price": "0.002", "size": "22.33", "side": "BUY", "hash": "1fa05c68d90b7331ddfb2524f92ee78be8f3e4cd", "best_bid": "0.99", "best_ask": "0.999"}, {"asset_id": "68036185336858618606129914327232954729196470841777365764843049597359907094650", "price": "0.998", "size": "22.33", "side": "SELL", "hash": "2a05dfaf61860809c35255134c788afae7084c77", "best_bid": "0.001", "best_ask": "0.01"}], "timestamp": "1769384466797", "event_type": "price_change"}}
{"_local_timestamp": "2026-01-25T23:41:07.193049+00:00", "data": {"market": "0xe4088389ccc112ce566307b0535326b545db27823876138c37abc36aa80f01b6", "price_changes": [{"asset_id": "111535201652442500376681045716896114819862357479074857390925141208753505497603", "price": "0.002", "size": "30.13", "side": "BUY", "hash": "6887c672e729adb089d462b663434e9bc1bd2f0d", "best_bid": "0.99", "best_ask": "0.999"}, {"asset_id": "68036185336858618606129914327232954729196470841777365764843049597359907094650", "price": "0.998", "size": "30.13", "side": "SELL", "hash": "3cee254d7f10b1a54ab7e30632e47aa22bd7963e", "best_bid": "0.001", "best_ask": "0.01"}], "timestamp": "1769384467118", "event_type": "price_change"}}
{"_local_timestamp": "2026-01-25T23:41:09.084124+00:00", "data": {"market": "0xe4088389ccc112ce566307b0535326b545db27823876138c37abc36aa80f01b6", "price_changes": [{"asset_id": "111535201652442500376681045716896114819862357479074857390925141208753505497603", "price": "0.01", "size": "0", "side": "BUY", "hash": "9e1c7d18fb8740f1468fcf604262ca165f7076db", "best_bid": "0.99", "best_ask": "0.999"}, {"asset_id": "68036185336858618606129914327232954729196470841777365764843049597359907094650", "price": "0.99", "size": "0", "side": "SELL", "hash": "6783e039253914458e6810032819ec2e13a27194", "best_bid": "0.001", "best_ask": "0.01"}], "timestamp": "1769384469001", "event_type": "price_change"}}
{"_local_timestamp": "2026-01-25T23:41:09.084780+00:00", "data": {"market": "0x1172a9379540e31c463e178f08c87f67eb0011ba0deadcd67f78f0028d27f41a", "price_changes": [{"asset_id": "108433110821297511084165806800149498872896490798393090117171505493034184915983", "price": "0.14", "size": "300", "side": "BUY", "hash": "63a69191f7cdd541a5892bc10d418fb22accd220", "best_bid": "0.95", "best_ask": "0.989"}, {"asset_id": "96693063570682405603148415870765547887123700438364743392828151015298561276130", "price": "0.86", "size": "300", "side": "SELL", "hash": "1218eb9ca62ea0dd03281edc2ab2e2b75ca90233", "best_bid": "0.011", "best_ask": "0.05"}], "timestamp": "1769384469002", "event_type": "price_change"}}
{"_local_timestamp": "2026-01-25T23:41:09.381837+00:00", "data": {"market": "0x1172a9379540e31c463e178f08c87f67eb0011ba0deadcd67f78f0028d27f41a", "price_changes": [{"asset_id": "108433110821297511084165806800149498872896490798393090117171505493034184915983", "price": "0.08", "size": "500", "side": "BUY", "hash": "3e5f7ef4dc9c651a3e609a2e4da819b6e84aafca", "best_bid": "0.95", "best_ask": "0.989"}, {"asset_id": "96693063570682405603148415870765547887123700438364743392828151015298561276130", "price": "0.92", "size": "500", "side": "SELL", "hash": "f488c9f723010a4ff164c7ca74195f92a0064e76", "best_bid": "0.011", "best_ask": "0.05"}], "timestamp": "1769384469302", "event_type": "price_change"}}
{"_local_timestamp": "2026-01-25T23:41:09.382696+00:00", "data": {"market": "0x1172a9379540e31c463e178f08c87f67eb0011ba0deadcd67f78f0028d27f41a", "price_changes": [{"asset_id": "108433110821297511084165806800149498872896490798393090117171505493034184915983", "price": "0.001", "size": "856.4", "side": "BUY", "hash": "3e5f7ef4dc9c651a3e609a2e4da819b6e84aafca", "best_bid": "0.95", "best_ask": "0.989"}, {"asset_id": "96693063570682405603148415870765547887123700438364743392828151015298561276130", "price": "0.999", "size": "856.4", "side": "SELL", "hash": "f488c9f723010a4ff164c7ca74195f92a0064e76", "best_bid": "0.011", "best_ask": "0.05"}], "timestamp": "1769384469302", "event_type": "price_change"}}
{"_local_timestamp": "2026-01-25T23:41:09.690650+00:00", "data": {"market": "0x1172a9379540e31c463e178f08c87f67eb0011ba0deadcd67f78f0028d27f41a", "price_changes": [{"asset_id": "108433110821297511084165806800149498872896490798393090117171505493034184915983", "price": "0.14", "size": "400", "side": "BUY", "hash": "3ca98e2d469b033fcf27acc12da4b6bbcda6d0bb", "best_bid": "0.95", "best_ask": "0.989"}, {"asset_id": "96693063570682405603148415870765547887123700438364743392828151015298561276130", "price": "0.86", "size": "400", "side": "SELL", "hash": "0ea403697063738a90b9e4046570c62f396da37f", "best_bid": "0.011", "best_ask": "0.05"}], "timestamp": "1769384469599", "event_type": "price_change"}}
{"_local_timestamp": "2026-01-25T23:41:09.695617+00:00", "data": {"market": "0x1172a9379540e31c463e178f08c87f67eb0011ba0deadcd67f78f0028d27f41a", "price_changes": [{"asset_id": "108433110821297511084165806800149498872896490798393090117171505493034184915983", "price": "0.01", "size": "1200", "side": "BUY", "hash": "ec8f11936b28dc2fcc354c3f2037ea31facd0e18", "best_bid": "0.95", "best_ask": "0.989"}, {"asset_id": "96693063570682405603148415870765547887123700438364743392828151015298561276130", "price": "0.99", "size": "1200", "side": "SELL", "hash": "a18112536c90909ff615a8e42715b48b52f6e3d4", "best_bid": "0.011", "best_ask": "0.05"}], "timestamp": "1769384469600", "event_type": "price_change"}}
{"_local_timestamp": "2026-01-25T23:41:10.025031+00:00", "data": {"market": "0x1172a9379540e31c463e178f08c87f67eb0011ba0deadcd67f78f0028d27f41a", "price_changes": [{"asset_id": "108433110821297511084165806800149498872896490798393090117171505493034184915983", "price": "0.83", "size": "123.72", "side": "BUY", "hash": "26f1f4855b136e22c553d8d1bba36a66a9299f42", "best_bid": "0.95", "best_ask": "0.989"}, {"asset_id": "96693063570682405603148415870765547887123700438364743392828151015298561276130", "price": "0.17", "size": "123.72", "side": "SELL", "hash": "af1848cc72274a3365eccfadf58b400d6238672a", "best_bid": "0.011", "best_ask": "0.05"}], "timestamp": "1769384469956", "event_type": "price_change"}}
{"_local_timestamp": "2026-01-25T23:41:10.049369+00:00", "data": {"market": "0x45c806ae01123f47e7f24fea279b8658a4112cdaa11eee2f9924838a8948bc98", "price_changes": [{"asset_id": "32694948455525029678981577699677214621056167573486416032284086638717669535526", "price": "0.905", "size": "0", "side": "SELL", "hash": "514a7620dbc2650110e1e0c4bc0fe47379e57e9b", "best_bid": "0.001", "best_ask": "0.904"}, {"asset_id": "56387091315659274606744882547186473603552761496368462985420229575757384495074", "price": "0.095", "size": "0", "side": "BUY", "hash": "c8d788273b00135d7f880b10b3ceb00da80bb645", "best_bid": "0.096", "best_ask": "0.999"}], "timestamp": "1769384469978", "event_type": "price_change"}}
{"_local_timestamp": "2026-01-25T23:41:10.050008+00:00", "data": {"market": "0x45c806ae01123f47e7f24fea279b8658a4112cdaa11eee2f9924838a8948bc98", "price_changes": [{"asset_id": "32694948455525029678981577699677214621056167573486416032284086638717669535526", "price": "0.907", "size": "0", "side": "SELL", "hash": "514a7620dbc2650110e1e0c4bc0fe47379e57e9b", "best_bid": "0.001", "best_ask": "0.904"}, {"asset_id": "56387091315659274606744882547186473603552761496368462985420229575757384495074", "price": "0.093", "size": "0", "side": "BUY", "hash": "c8d788273b00135d7f880b10b3ceb00da80bb645", "best_bid": "0.096", "best_ask": "0.999"}], "timestamp": "1769384469978", "event_type": "price_change"}}
{"_local_timestamp": "2026-01-25T23:41:10.228076+00:00", "data": {"market": "0xe4088389ccc112ce566307b0535326b545db27823876138c37abc36aa80f01b6", "price_changes": [{"asset_id": "111535201652442500376681045716896114819862357479074857390925141208753505497603", "price": "0.01", "size": "8333", "side": "BUY", "hash": "a23a00b4758fe55ffcbe0ee30eae9a7c7002ca69", "best_bid": "0.99", "best_ask": "0.999"}, {"asset_id": "68036185336858618606129914327232954729196470841777365764843049597359907094650", "price": "0.99", "size": "8333", "side": "SELL", "hash": "697bcda71972c1f255751e115c6c51be85d65799", "best_bid": "0.001", "best_ask": "0.01"}], "timestamp": "1769384470146", "event_type": "price_change"}}
{"_local_timestamp": "2026-01-25T23:41:10.293778+00:00", "data": {"market": "0x1172a9379540e31c463e178f08c87f67eb0011ba0deadcd67f78f0028d27f41a", "price_changes": [{"asset_id": "108433110821297511084165806800149498872896490798393090117171505493034184915983", "price": "0.83", "size": "23.72", "side": "BUY", "hash": "93e6e0c08a78450749b4eba34275068ee6327977", "best_bid": "0.95", "best_ask": "0.989"}, {"asset_id": "96693063570682405603148415870765547887123700438364743392828151015298561276130", "price": "0.17", "size": "23.72", "side": "SELL", "hash": "db104b41e44e2b861e3980bc921818f746a265db", "best_bid": "0.011", "best_ask": "0.05"}], "timestamp": "1769384470217", "event_type": "price_change"}}
{"_local_timestamp": "2026-01-25T23:41:10.318769+00:00", "data": {"market": "0x1172a9379540e31c463e178f08c87f67eb0011ba0deadcd67f78f0028d27f41a", "price_changes": [{"asset_id": "108433110821297511084165806800149498872896490798393090117171505493034184915983", "price": "0.84", "size": "100", "side": "BUY", "hash": "185f22e5000f0fa614b7ce90b0317e09e519ffa8", "best_bid": "0.95", "best_ask": "0.989"}, {"asset_id": "96693063570682405603148415870765547887123700438364743392828151015298561276130", "price": "0.16", "size": "100", "side": "SELL", "hash": "f0ab9d38ae89c138297a600f448b6a6f882e820e", "best_bid": "0.011", "best_ask": "0.05"}], "timestamp": "1769384470252", "event_type": "price_change"}}
{"_local_timestamp": "2026-01-25T23:41:10.340694+00:00", "data": {"market": "0x45c806ae01123f47e7f24fea279b8658a4112cdaa11eee2f9924838a8948bc98", "price_changes": [{"asset_id": "32694948455525029678981577699677214621056167573486416032284086638717669535526", "price": "0.903", "size": "8.2", "side": "SELL", "hash": "87e393393deee3d0bd4c051d0a85d95344ccd438", "best_bid": "0.001", "best_ask": "0.903"}, {"asset_id": "56387091315659274606744882547186473603552761496368462985420229575757384495074", "price": "0.097", "size": "8.2", "side": "BUY", "hash": "af46a7fcd1797d41aa4e0c3c3fc6945028af5b49", "best_bid": "0.097", "best_ask": "0.999"}], "timestamp": "1769384470270", "event_type": "price_change"}}
{"_local_timestamp": "2026-01-25T23:41:10.341433+00:00", "data": {"market": "0x45c806ae01123f47e7f24fea279b8658a4112cdaa11eee2f9924838a8948bc98", "price_changes": [{"asset_id": "32694948455525029678981577699677214621056167573486416032284086638717669535526", "price": "0.909", "size": "91.79", "side": "SELL", "hash": "83ab5d397686840ceeac40a2fc62ac291412c670", "best_bid": "0.001", "best_ask": "0.903"}, {"asset_id": "56387091315659274606744882547186473603552761496368462985420229575757384495074", "price": "0.091", "size": "91.79", "side": "BUY", "hash": "8ba94f8cb165c81a74cd85f392c3187e74e0fab8", "best_bid": "0.097", "best_ask": "0.999"}], "timestamp": "1769384470271", "event_type": "price_change"}}
{"_local_timestamp": "2026-01-25T23:41:10.412327+00:00", "data": {"market": "0x1172a9379540e31c463e178f08c87f67eb0011ba0deadcd67f78f0028d27f41a", "price_changes": [{"asset_id": "108433110821297511084165806800149498872896490798393090117171505493034184915983", "price": "0.14", "size": "1109", "side": "BUY", "hash": "5c9e0949e7fc196a55ca045e6c74d97b1029821f", "best_bid": "0.95", "best_ask": "0.989"}, {"asset_id": "96693063570682405603148415870765547887123700438364743392828151015298561276130", "price": "0.86", "size": "1109", "side": "SELL", "hash": "633bb59046cbd3094e3178caf451f0e0933475ff", "best_bid": "0.011", "best_ask": "0.05"}], "timestamp": "1769384470342", "event_type": "price_change"}}
{"_local_timestamp": "2026-01-25T23:41:10.480604+00:00", "data": {"market": "0x02d056b4ecb79134657b5437bcdd964a7b4008def9f7623e8e1c3a2652996390", "price_changes": [{"asset_id": "75572739037384917026708802532724608493252666334200100326455332920422495907885", "price": "0.01", "size": "21.43", "side": "BUY", "hash": "8b92d09fc543a26e628111668297e0ab228d5f16", "best_bid": "0.03", "best_ask": "0.98"}, {"asset_id": "75662091824125558301238389247455078817972039140363353111649504086477915930016", "price": "0.99", "size": "21.43", "side": "SELL", "hash": "dd7bc27820bba4298679bfa4abc65c6ccdf7962d", "best_bid": "0.02", "best_ask": "0.97"}], "timestamp": "1769384470410", "event_type": "price_change"}}
