{"_local_timestamp": "2026-01-25T23:34:08.981282+00:00", "data": [{"market": "0x3d0a3c995bd9b4dc3e840389635efe71b72a576bba3743ea18a082ac1eade5f5", "asset_id": "84771568305826212654254904357265391922293831335259901396802853856115379264075", "timestamp": "1769384033981", "hash": "d503181a85cfef23d8348e11617eba6bd3c3aa81", "bids": [{"price": "0.01", "size": "694.98"}, {"price": "0.02", "size": "50.31"}, {"price": "0.03", "size": "66"}, {"price": "0.04", "size": "62.01"}, {"price": "0.05", "size": "69.32"}, {"price": "0.06", "size": "16.8"}, {"price": "0.07", "size": "100"}, {"price": "0.08", "size": "17.37"}, {"price": "0.09", "size": "9.8"}], "asks": [{"price": "0.99", "size": "493.85"}, {"price": "0.98", "size": "112.1"}, {"price": "0.97", "size": "5"}, {"price": "0.95", "size": "100"}, {"price": "0.94", "size": "41.1"}, {"price": "0.93", "size": "7.45"}, {"price": "0.92", "size": "172.14"}, {"price": "0.91", "size": "5.45"}], "event_type": "book", "last_trade_price": "0.500"}, {"market": "0x3d0a3c995bd9b4dc3e840389635efe71b72a576bba3743ea18a082ac1eade5f5", "asset_id": "115745588685384707537945826177246876716757500848883807045019137615008874405617", "timestamp": "1769384033981", "hash": "88afe241a1e73e99a6162bfa1bc14a4f47f09220", "bids": [{"price": "0.01", "size": "493.85"}, {"price": "0.02", "size": "112.1"}, {"price": "0.03", "size": "5"}, {"price": "0.05", "size": "100"}, {"price": "0.06", "size": "41.1"}, {"price": "0.07", "size": "7.45"}, {"price": "0.08", "size": "172.14"}, {"price": "0.09", "size": "5.45"}], "asks": [{"price": "0.99", "size": "694.98"}, {"price": "0.98", "size": "50.31"}, {"price": "0.97", "size": "66"}, {"price": "0.96", "size": "62.01"}, {"price": "0.95", "size": "69.32"}, {"price": "0.94", "size": "16.8"}, {"price": "0.93", "size": "100"}, {"price": "0.92", "size": "17.37"}, {"price": "0.91", "size": "9.8"}], "event_type": "book", "last_trade_price": "0.500"}]}
{"_local_timestamp": "2026-01-25T23:34:11.818373+00:00", "data": {"market": "0x3d0a3c995bd9b4dc3e840389635efe71b72a576bba3743ea18a082ac1eade5f5", "price_changes": [{"asset_id": "115745588685384707537945826177246876716757500848883807045019137615008874405617", "price": "0.08", "size": "162.5", "side": "BUY", "hash": "23ba5862d6cd34137208dee83b988d54a559c95e", "best_bid": "0.09", "best_ask": "0.91"}, {"asset_id": "84771568305826212654254904357265391922293831335259901396802853856115379264075", "price": "0.92", "size": "162.5", "side": "SELL", "hash": "73218cd42136b2014d47bcdbfd2f01238b1bc1fc", "best_bid": "0.09", "best_ask": "0.91"}], "timestamp": "1769384051753", "event_type": "price_change"}}
{"_local_timestamp": "2026-01-25T23:34:12.111930+00:00", "data": {"market": "0x3d0a3c995bd9b4dc3e840389635efe71b72a576bba3743ea18a082ac1eade5f5", "price_changes": [{"asset_id": "115745588685384707537945826177246876716757500848883807045019137615008874405617", "price": "0.07", "size": "18.47", "side": "BUY", "hash": "d0ac7bf837d3b7e6e1457b0fba85cbc40fff632a", "best_bid": "0.09", "best_ask": "0.91"}, {"asset_id": "84771568305826212654254904357265391922293831335259901396802853856115379264075", "price": "0.93", "size": "18.47", "side": "SELL", "hash": "2f91a3c16a5bfae8c07187d63eb4cdbab0ed2476", "best_bid": "0.09", "best_ask": "0.91"}], "timestamp": "1769384052045", "event_type": "price_change"}}
{"_local_timestamp": "2026-01-25T23:35:23.812202+00:00", "data": {"market": "0x3d0a3c995bd9b4dc3e840389635efe71b72a576bba3743ea18a082ac1eade5f5", "price_changes": [{"asset_id": "84771568305826212654254904357265391922293831335259901396802853856115379264075", "price": "0.01", "size": "643.36", "side": "BUY", "hash": "e97d5fc015cb61e479cf1470c2363f7bee5fea4f", "best_bid": "0.09", "best_ask": "0.91"}, {"asset_id": "115745588685384707537945826177246876716757500848883807045019137615008874405617", "price": "0.99", "size": "643.36", "side": "SELL", "hash": "0c63c1ab3245356f62fcbeadbb3bcc02589ff3cd", "best_bid": "0.09", "best_ask": "0.91"}], "timestamp": "1769384123696", "event_type": "price_change"}}
{"_local_timestamp": "2026-01-25T23:35:24.298496+00:00", "data": {"market": "0x3d0a3c995bd9b4dc3e840389635efe71b72a576bba3743ea18a082ac1eade5f5", "price_changes": [{"asset_id": "84771568305826212654254904357265391922293831335259901396802853856115379264075", "price": "0.01", "size": "694.98", "side": "BUY", "hash": "f93c01a46e8e0be6bc5ebdc9859730b39e00d45f", "best_bid": "0.09", "best_ask": "0.91"}, {"asset_id": "115745588685384707537945826177246876716757500848883807045019137615008874405617", "price": "0.99", "size": "694.98", "side": "SELL", "hash": "b62d3f2eb93ebbb4b50b56e24c9e283f4af080ec", "best_bid": "0.09", "best_ask": "0.91"}], "timestamp": "1769384124081", "event_type": "price_change"}}
{"_local_timestamp": "2026-01-25T23:35:48.275144+00:00", "data": {"market": "0x3d0a3c995bd9b4dc3e840389635efe71b72a576bba3743ea18a082ac1eade5f5", "price_changes": [{"asset_id": "84771568305826212654254904357265391922293831335259901396802853856115379264075", "price": "0.01", "size": "643.36", "side": "BUY", "hash": "cea266435baee548fd6a91045d83912418a5fe51", "best_bid": "0.09", "best_ask": "0.91"}, {"asset_id": "115745588685384707537945826177246876716757500848883807045019137615008874405617", "price": "0.99", "size": "643.36", "side": "SELL", "hash": "6732b7663a88113f82ebe1e3b4c3934fc404579b", "best_bid": "0.09", "best_ask": "0.91"}], "timestamp": "1769384148208", "event_type": "price_change"}}
{"_local_timestamp": "2026-01-25T23:35:50.252750+00:00", "data": {"market": "0x3d0a3c995bd9b4dc3e840389635efe71b72a576bba3743ea18a082ac1eade5f5", "price_changes": [{"asset_id": "84771568305826212654254904357265391922293831335259901396802853856115379264075", "price": "0.01", "size": "694.98", "side": "BUY", "hash": "5b5e43c7ae46a2177cef1dd67db770cee8fe3128", "best_bid": "0.09", "best_ask": "0.91"}, {"asset_id": "115745588685384707537945826177246876716757500848883807045019137615008874405617", "price": "0.99", "size": "694.98", "side": "SELL", "hash": "aa58c0e7da2f94fc5f0b8297cee4f5064773145f", "best_bid": "0.09", "best_ask": "0.91"}], "timestamp": "1769384150188", "event_type": "price_change"}}
{"_local_timestamp": "2026-01-25T23:36:59.461012+00:00", "data": {"market": "0x3d0a3c995bd9b4dc3e840389635efe71b72a576bba3743ea18a082ac1eade5f5", "price_changes": [{"asset_id": "115745588685384707537945826177246876716757500848883807045019137615008874405617", "price": "0.07", "size": "7.45", "side": "BUY", "hash": "6639e85fb93b90c9f1f87b18adc14cf4b5cd6600", "best_bid": "0.09", "best_ask": "0.91"}, {"asset_id": "84771568305826212654254904357265391922293831335259901396802853856115379264075", "price": "0.93", "size": "7.45", "side": "SELL", "hash": "d5576b6096490583118a0cdd3381c16e460a649e", "best_bid": "0.09", "best_ask": "0.91"}], "timestamp": "1769384219271", "event_type": "price_change"}}
{"_local_timestamp": "2026-01-25T23:37:01.428953+00:00", "data": {"market": "0x3d0a3c995bd9b4dc3e840389635efe71b72a576bba3743ea18a082ac1eade5f5", "price_changes": [{"asset_id": "115745588685384707537945826177246876716757500848883807045019137615008874405617", "price": "0.08", "size": "172.14", "side": "BUY", "hash": "63125d868721d527ae92ffe77dab50898003b62c", "best_bid": "0.09", "best_ask": "0.91"}, {"asset_id": "84771568305826212654254904357265391922293831335259901396802853856115379264075", "price": "0.92", "size": "172.14", "side": "SELL", "hash": "0c9559f4a5ea0a4c8daf524edeb7278fdb519ba8", "best_bid": "0.09", "best_ask": "0.91"}], "timestamp": "1769384221233", "event_type": "price_change"}}
{"_local_timestamp": "2026-01-25T23:37:10.407593+00:00", "data": {"market": "0x3d0a3c995bd9b4dc3e840389635efe71b72a576bba3743ea18a082ac1eade5f5", "price_changes": [{"asset_id": "84771568305826212654254904357265391922293831335259901396802853856115379264075", "price": "0.01", "size": "643.36", "side": "BUY", "hash": "776b300deda6e7cd81e4562f2f02ad99fbac2752", "best_bid": "0.09", "best_ask": "0.91"}, {"asset_id": "115745588685384707537945826177246876716757500848883807045019137615008874405617", "price": "0.99", "size": "643.36", "side": "SELL", "hash": "562cf1e9f15ef38306315b317eb6e36fdf81d157", "best_bid": "0.09", "best_ask": "0.91"}], "timestamp": "1769384230345", "event_type": "price_change"}}
{"_local_timestamp": "2026-01-25T23:37:11.218657+00:00", "data": {"market": "0x3d0a3c995bd9b4dc3e840389635efe71b72a576bba3743ea18a082ac1eade5f5", "price_changes": [{"asset_id": "84771568305826212654254904357265391922293831335259901396802853856115379264075", "price": "0.01", "size": "694.98", "side": "BUY", "hash": "00d68bd2d6ae816c0b461d2bc69579a73a2027a2", "best_bid": "0.09", "best_ask": "0.91"}, {"asset_id": "115745588685384707537945826177246876716757500848883807045019137615008874405617", "price": "0.99", "size": "694.98", "side": "SELL", "hash": "44797f3c8d6906cd968831075cb067cb11ac1c16", "best_bid": "0.09", "best_ask": "0.91"}], "timestamp": "1769384231142", "event_type": "price_change"}}
{"_local_timestamp": "2026-01-25T23:37:32.794535+00:00", "data": {"market": "0x3d0a3c995bd9b4dc3e840389635efe71b72a576bba3743ea18a082ac1eade5f5", "price_changes": [{"asset_id": "115745588685384707537945826177246876716757500848883807045019137615008874405617", "price": "0.08", "size": "162.5", "side": "BUY", "hash": "7ce4563e02e6b24616fedef3acb23edafba1ad87", "best_bid": "0.09", "best_ask": "0.91"}, {"asset_id": "84771568305826212654254904357265391922293831335259901396802853856115379264075", "price": "0.92", "size": "162.5", "side": "SELL", "hash": "78a595090bd432c376e284711f00ad756daf7bea", "best_bid": "0.09", "best_ask": "0.91"}], "timestamp": "1769384252718", "event_type": "price_change"}}
{"_local_timestamp": "2026-01-25T23:37:33.184628+00:00", "data": {"market": "0x3d0a3c995bd9b4dc3e840389635efe71b72a576bba3743ea18a082ac1eade5f5", "price_changes": [{"asset_id": "115745588685384707537945826177246876716757500848883807045019137615008874405617", "price": "0.07", "size": "18.47", "side": "BUY", "hash": "b09033da092ae6821c20c46f1ae71cb953a82df2", "best_bid": "0.09", "best_ask": "0.91"}, {"asset_id": "84771568305826212654254904357265391922293831335259901396802853856115379264075", "price": "0.93", "size": "18.47", "side": "SELL", "hash": "13bdb7b67f2025b45af49abb0675492ad73496a4", "best_bid": "0.09", "best_ask": "0.91"}], "timestamp": "1769384253051", "event_type": "price_change"}}
{"_local_timestamp": "2026-01-25T23:37:37.357022+00:00", "data": {"market": "0x3d0a3c995bd9b4dc3e840389635efe71b72a576bba3743ea18a082ac1eade5f5", "price_changes": [{"asset_id": "84771568305826212654254904357265391922293831335259901396802853856115379264075", "price": "0.01", "size": "643.36", "side": "BUY", "hash": "d1687312bd72057b577ad42aa6ddab5aadb067db", "best_bid": "0.09", "best_ask": "0.91"}, {"asset_id": "115745588685384707537945826177246876716757500848883807045019137615008874405617", "price": "0.99", "size": "643.36", "side": "SELL", "hash": "8304345ee584d15d6f206d12e6b4c15269d3301e", "best_bid": "0.09", "best_ask": "0.91"}], "timestamp": "1769384257293", "event_type": "price_change"}}
{"_local_timestamp": "2026-01-25T23:37:37.821124+00:00", "data": {"market": "0x3d0a3c995bd9b4dc3e840389635efe71b72a576bba3743ea18a082ac1eade5f5", "price_changes": [{"asset_id": "84771568305826212654254904357265391922293831335259901396802853856115379264075", "price": "0.01", "size": "694.98", "side": "BUY", "hash": "7d64df00acfb5624d4b9085cc3d666435d298f2b", "best_bid": "0.09", "best_ask": "0.91"}, {"asset_id": "115745588685384707537945826177246876716757500848883807045019137615008874405617", "price": "0.99", "size": "694.98", "side": "SELL", "hash": "89c532038ac9cace27dd1120adfe7fbc5c44960f", "best_bid": "0.09", "best_ask": "0.91"}], "timestamp": "1769384257753", "event_type": "price_change"}}
{"_local_timestamp": "2026-01-25T23:38:16.551969+00:00", "data": {"market": "0x3d0a3c995bd9b4dc3e840389635efe71b72a576bba3743ea18a082ac1eade5f5", "price_changes": [{"asset_id": "115745588685384707537945826177246876716757500848883807045019137615008874405617", "price": "0.07", "size": "7.45", "side": "BUY", "hash": "7c30a24dc94aa1139ea37944cf1e47a722005190", "best_bid": "0.09", "best_ask": "0.91"}, {"asset_id": "84771568305826212654254904357265391922293831335259901396802853856115379264075", "price": "0.93", "size": "7.45", "side": "SELL", "hash": "c9f8d62476dd09e6fe382bcffccad344fc76ea28", "best_bid": "0.09", "best_ask": "0.91"}], "timestamp": "1769384296489", "event_type": "price_change"}}
{"_local_timestamp": "2026-01-25T23:38:16.893289+00:00", "data": {"market": "0x3d0a3c995bd9b4dc3e840389635efe71b72a576bba3743ea18a082ac1eade5f5", "price_changes": [{"asset_id": "115745588685384707537945826177246876716757500848883807045019137615008874405617", "price": "0.08", "size": "172.14", "side": "BUY", "hash": "d9258c108808d5e6444471ed200659f97c0cb37f", "best_bid": "0.09", "best_ask": "0.91"}, {"asset_id": "84771568305826212654254904357265391922293831335259901396802853856115379264075", "price": "0.92", "size": "172.14", "side": "SELL", "hash": "40183377a0822003b7f261a96ed57b7f6999686c", "best_bid": "0.09", "best_ask": "0.91"}], "timestamp": "1769384296826", "event_type": "price_change"}}
{"_local_timestamp": "2026-01-25T23:38:17.420694+00:00", "data": {"market": "0x3d0a3c995bd9b4dc3e840389635efe71b72a576bba3743ea18a082ac1eade5f5", "price_changes": [{"asset_id": "84771568305826212654254904357265391922293831335259901396802853856115379264075", "price": "0.01", "size": "643.36", "side": "BUY", "hash": "8e02d727b8c6679297123991bc7e937beea65bfc", "best_bid": "0.09", "best_ask": "0.91"}, {"asset_id": "115745588685384707537945826177246876716757500848883807045019137615008874405617", "price": "0.99", "size": "643.36", "side": "SELL", "hash": "1c174f047d976f1b455848763634853485e5a44a", "best_bid": "0.09", "best_ask": "0.91"}], "timestamp": "1769384297350", "event_type": "price_change"}}
{"_local_timestamp": "2026-01-25T23:38:17.705508+00:00", "data": {"market": "0x3d0a3c995bd9b4dc3e840389635efe71b72a576bba3743ea18a082ac1eade5f5", "price_changes": [{"asset_id": "84771568305826212654254904357265391922293831335259901396802853856115379264075", "price": "0.01", "size": "694.98", "side": "BUY", "hash": "c56f7292abb69bd122874be3b4cd3143c450a3a9", "best_bid": "0.09", "best_ask": "0.91"}, {"asset_id": "115745588685384707537945826177246876716757500848883807045019137615008874405617", "price": "0.99", "size": "694.98", "side": "SELL", "hash": "af77417cc828a7f391eaaa289095a26a0c5a44c9", "best_bid": "0.09", "best_ask": "0.91"}], "timestamp": "1769384297636", "event_type": "price_change"}}
{"_local_timestamp": "2026-01-25T23:38:30.208221+00:00", "data": {"market": "0x3d0a3c995bd9b4dc3e840389635efe71b72a576bba3743ea18a082ac1eade5f5", "price_changes": [{"asset_id": "84771568305826212654254904357265391922293831335259901396802853856115379264075", "price": "0.01", "size": "643.36", "side": "BUY", "hash": "aad2e20cea6bbb7cdd91c00766012d8156f15800", "best_bid": "0.09", "best_ask": "0.91"}, {"asset_id": "115745588685384707537945826177246876716757500848883807045019137615008874405617", "price": "0.99", "size": "643.36", "side": "SELL", "hash": "1fe1f091106006a50658aac6d098370d4b6edcf7", "best_bid": "0.09", "best_ask": "0.91"}], "timestamp": "1769384310138", "event_type": "price_change"}}
{"_local_timestamp": "2026-01-25T23:38:30.473400+00:00", "data": {"market": "0x3d0a3c995bd9b4dc3e840389635efe71b72a576bba3743ea18a082ac1eade5f5", "price_changes": [{"asset_id": "84771568305826212654254904357265391922293831335259901396802853856115379264075", "price": "0.01", "size": "694.98", "side": "BUY", "hash": "ff7d946efb1b15b94c1f4d1321c015fb23050b87", "best_bid": "0.09", "best_ask": "0.91"}, {"asset_id": "115745588685384707537945826177246876716757500848883807045019137615008874405617", "price": "0.99", "size": "694.98", "side": "SELL", "hash": "b936b539370a481515ed8852fe8b6b076191f4cc", "best_bid": "0.09", "best_ask": "0.91"}], "timestamp": "1769384310407", "event_type": "price_change"}}
{"_local_timestamp": "2026-01-25T23:38:32.264578+00:00", "data": {"market": "0x3d0a3c995bd9b4dc3e840389635efe71b72a576bba3743ea18a082ac1eade5f5", "price_changes": [{"asset_id": "115745588685384707537945826177246876716757500848883807045019137615008874405617", "price": "0.08", "size": "162.5", "side": "BUY", "hash": "eb27cd2dd294e79ac9d1d8ed5710a69d81b467fe", "best_bid": "0.09", "best_ask": "0.91"}, {"asset_id": "84771568305826212654254904357265391922293831335259901396802853856115379264075", "price": "0.92", "size": "162.5", "side": "SELL", "hash": "18032530bf9bfa18d34cd2d206a0aca22aa37e25", "best_bid": "0.09", "best_ask": "0.91"}], "timestamp": "1769384312195", "event_type": "price_change"}}
{"_local_timestamp": "2026-01-25T23:38:32.651042+00:00", "data": {"market": "0x3d0a3c995bd9b4dc3e840389635efe71b72a576bba3743ea18a082ac1eade5f5", "price_changes": [{"asset_id": "115745588685384707537945826177246876716757500848883807045019137615008874405617", "price": "0.08", "size": "172.14", "side": "BUY", "hash": "9f049d72504fe3b2cf7415d67ff4b0480ad2516d", "best_bid": "0.09", "best_ask": "0.91"}, {"asset_id": "84771568305826212654254904357265391922293831335259901396802853856115379264075", "price": "0.92", "size": "172.14", "side": "SELL", "hash": "4a92e73ba7a659af75fb0369e1c4733fbdc9a1a1", "best_bid": "0.09", "best_ask": "0.91"}], "timestamp": "1769384312561", "event_type": "price_change"}}
{"_local_timestamp": "2026-01-25T23:39:23.369252+00:00", "data": {"market": "0x3d0a3c995bd9b4dc3e840389635efe71b72a576bba3743ea18a082ac1eade5f5", "price_changes": [{"asset_id": "84771568305826212654254904357265391922293831335259901396802853856115379264075", "price": "0.01", "size": "643.36", "side": "BUY", "hash": "cbf8a18e09203119b36e51093c4c82a183db8ac4", "best_bid": "0.09", "best_ask": "0.91"}, {"asset_id": "115745588685384707537945826177246876716757500848883807045019137615008874405617", "price": "0.99", "size": "643.36", "side": "SELL", "hash": "71d5e21584452ad80a51528babc1876344d4b549", "best_bid": "0.09", "best_ask": "0.91"}], "timestamp": "1769384363297", "event_type": "price_change"}}
{"_local_timestamp": "2026-01-25T23:39:23.628867+00:00", "data": {"market": "0x3d0a3c995bd9b4dc3e840389635efe71b72a576bba3743ea18a082ac1eade5f5", "price_changes": [{"asset_id": "84771568305826212654254904357265391922293831335259901396802853856115379264075", "price": "0.01", "size": "694.98", "side": "BUY", "hash": "b721985a55fcabbf448e8415cc960a153a85c992", "best_bid": "0.09", "best_ask": "0.91"}, {"asset_id": "115745588685384707537945826177246876716757500848883807045019137615008874405617", "price": "0.99", "size": "694.98", "side": "SELL", "hash": "ae0b8bae62a8972537da4a1a3e675d5e91238f28", "best_bid": "0.09", "best_ask": "0.91"}], "timestamp": "1769384363555", "event_type": "price_change"}}
{"_local_timestamp": "2026-01-25T23:39:23.804686+00:00", "data": {"market": "0x3d0a3c995bd9b4dc3e840389635efe71b72a576bba3743ea18a082ac1eade5f5", "price_changes": [{"asset_id": "115745588685384707537945826177246876716757500848883807045019137615008874405617", "price": "0.08", "size": "162.5", "side": "BUY", "hash": "0471c658f003c234cff28bd65abfa8b684efb54b", "best_bid": "0.09", "best_ask": "0.91"}, {"asset_id": "84771568305826212654254904357265391922293831335259901396802853856115379264075", "price": "0.92", "size": "162.5", "side": "SELL", "hash": "2d5e61181ae94561e821d287434cc5033d07b90b", "best_bid": "0.09", "best_ask": "0.91"}], "timestamp": "1769384363729", "event_type": "price_change"}}
{"_local_timestamp": "2026-01-25T23:39:24.138599+00:00", "data": {"market": "0x3d0a3c995bd9b4dc3e840389635efe71b72a576bba3743ea18a082ac1eade5f5", "price_changes": [{"asset_id": "115745588685384707537945826177246876716757500848883807045019137615008874405617", "price": "0.07", "size": "18.47", "side": "BUY", "hash": "7c0de463e82ee7eead2e6cab49490bc79b3e1489", "best_bid": "0.09", "best_ask": "0.91"}, {"asset_id": "84771568305826212654254904357265391922293831335259901396802853856115379264075", "price": "0.93", "size": "18.47", "side": "SELL", "hash": "57f7d6b0dd871870cb130299081e80276ba48d80", "best_bid": "0.09", "best_ask": "0.91"}], "timestamp": "1769384364063", "event_type": "price_change"}}
{"_local_timestamp": "2026-01-25T23:39:50.543833+00:00", "data": {"market": "0x3d0a3c995bd9b4dc3e840389635efe71b72a576bba3743ea18a082ac1eade5f5", "price_changes": [{"asset_id": "84771568305826212654254904357265391922293831335259901396802853856115379264075", "price": "0.01", "size": "643.36", "side": "BUY", "hash": "eb516a8374dac16682af70bb7d7a30d452415b9e", "best_bid": "0.09", "best_ask": "0.91"}, {"asset_id": "115745588685384707537945826177246876716757500848883807045019137615008874405617", "price": "0.99", "size": "643.36", "side": "SELL", "hash": "84be4f36846a0d686d929650049d26cbbec7dffa", "best_bid": "0.09", "best_ask": "0.91"}], "timestamp": "1769384390473", "event_type": "price_change"}}
{"_local_timestamp": "2026-01-25T23:39:50.954502+00:00", "data": {"market": "0x3d0a3c995bd9b4dc3e840389635efe71b72a576bba3743ea18a082ac1eade5f5", "price_changes": [{"asset_id": "84771568305826212654254904357265391922293831335259901396802853856115379264075", "price": "0.01", "size": "694.98", "side": "BUY", "hash": "356810ec5410524dd3cdbd2584b1f277411ca871", "best_bid": "0.09", "best_ask": "0.91"}, {"asset_id": "115745588685384707537945826177246876716757500848883807045019137615008874405617", "price": "0.99", "size": "694.98", "side": "SELL", "hash": "734a6e899da45e65a053a38cff7bc4fe1cdac223", "best_bid": "0.09", "best_ask": "0.91"}], "timestamp": "1769384390885", "event_type": "price_change"}}
{"_local_timestamp": "2026-01-25T23:39:51.394181+00:00", "data": {"market": "0x3d0a3c995bd9b4dc3e840389635efe71b72a576bba3743ea18a082ac1eade5f5", "price_changes": [{"asset_id": "115745588685384707537945826177246876716757500848883807045019137615008874405617", "price": "0.07", "size": "7.45", "side": "BUY", "hash": "37ca1a07099820224e29f8e667a0dd84623c56a5", "best_bid": "0.09", "best_ask": "0.91"}, {"asset_id": "84771568305826212654254904357265391922293831335259901396802853856115379264075", "price": "0.93", "size": "7.45", "side": "SELL", "hash": "735bb892140563e4eef23014af1e2ca770bae81b", "best_bid": "0.09", "best_ask": "0.91"}], "timestamp": "1769384391328", "event_type": "price_change"}}
{"_local_timestamp": "2026-01-25T23:39:51.810806+00:00", "data": {"market": "0x3d0a3c995bd9b4dc3e840389635efe71b72a576bba3743ea18a082ac1eade5f5", "price_changes": [{"asset_id": "115745588685384707537945826177246876716757500848883807045019137615008874405617", "price": "0.08", "size": "172.14", "side": "BUY", "hash": "f265770875d310ff530f721fa3c190d71170f1b2", "best_bid": "0.09", "best_ask": "0.91"}, {"asset_id": "84771568305826212654254904357265391922293831335259901396802853856115379264075", "price": "0.92", "size": "172.14", "side": "SELL", "hash": "164ed0ea3c957f258fba3d8bdebdd1ab0df950c7", "best_bid": "0.09", "best_ask": "0.91"}], "timestamp": "1769384391743", "event_type": "price_change"}}
{"_local_timestamp": "2026-01-25T23:39:52.267599+00:00", "data": {"market": "0x3d0a3c995bd9b4dc3e840389635efe71b72a576bba3743ea18a082ac1eade5f5", "price_changes": [{"asset_id": "115745588685384707537945826177246876716757500848883807045019137615008874405617", "price": "0.08", "size": "162.5", "side": "BUY", "hash": "31f2a0dbe6ff579d10de2fe01a50262a176946c7", "best_bid": "0.09", "best_ask": "0.91"}, {"asset_id": "84771568305826212654254904357265391922293831335259901396802853856115379264075", "price": "0.92", "size": "162.5", "side": "SELL", "hash": "ae786f83d92633b81cc9ab954831e5d01265908e", "best_bid": "0.09", "best_ask": "0.91"}], "timestamp": "1769384392195", "event_type": "price_change"}}
{"_local_timestamp": "2026-01-25T23:39:52.670842+00:00", "data": {"market": "0x3d0a3c995bd9b4dc3e840389635efe71b72a576bba3743ea18a082ac1eade5f5", "price_changes": [{"asset_id": "115745588685384707537945826177246876716757500848883807045019137615008874405617", "price": "0.08", "size": "172.14", "side": "BUY", "hash": "6c8fbc0394a819237bfd48dfd364d97bb84b755c", "best_bid": "0.09", "best_ask": "0.91"}, {"asset_id": "84771568305826212654254904357265391922293831335259901396802853856115379264075", "price": "0.92", "size": "172.14", "side": "SELL", "hash": "e4e3df7b91f7a3ee044024df492d7b648cf14387", "best_bid": "0.09", "best_ask": "0.91"}], "timestamp": "1769384392606", "event_type": "price_change"}}
