{"_local_timestamp": "2026-01-25T23:34:08.981282+00:00", "data": [{"market": "0x3d0a3c995bd9b4dc3e840389635efe71b72a576bba3743ea18a082ac1eade5f5", "asset_id": "84771568305826212654254904357265391922293831335259901396802853856115379264075", "timestamp": "1769384033981", "hash": "d503181a85cfef23d8348e11617eba6bd3c3aa81", "bids": [{"price": "0.01", "size": "694.98"}, {"price": "0.02", "size": "50.31"}, {"price": "0.03", "size": "66"}, {"price": "0.04", "size": "62.01"}, {"price": "0.05", "size": "69.32"}, {"price": "0.06", "size": "16.8"}, {"price": "0.07", "size": "100"}, {"price": "0.08", "size": "17.37"}, {"price": "0.09", "size": "9.8"}], "asks": [{"price": "0.99", "size": "493.85"}, {"price": "0.98", "size": "112.1"}, {"price": "0.97", "size": "5"}, {"price": "0.95", "size": "100"}, {"price": "0.94", "size": "41.1"}, {"price": "0.93", "size": "7.45"}, {"price": "0.92", "size": "172.14"}, {"price": "0.91", "size": "5.45"}], "event_type": "book", "last_trade_price": "0.500"}, {"market": "0x3d0a3c995bd9b4dc3e840389635efe71b72a576bba3743ea18a082ac1eade5f5", "asset_id": "115745588685384707537945826177246876716757500848883807045019137615008874405617", "timestamp": "1769384033981", "hash": "88afe241a1e73e99a6162bfa1bc14a4f47f09220", "bids": [{"price": "0.01", "size": "493.85"}, {"price": "0.02", "size": "112.1"}, {"price": "0.03", "size": "5"}, {"price": "0.05", "size": "100"}, {"price": "0.06", "size": "41.1"}, {"price": "0.07", "size": "7.45"}, {"price": "0.08", "size": "172.14"}, {"price": "0.09", "size": "5.45"}], "asks": [{"price": "0.99", "size": "694.98"}, {"price": "0.98", "size": "50.31"}, {"price": "0.97", "size": "66"}, {"price": "0.96", "size": "62.01"}, {"price": "0.95", "size": "69.32"}, {"price": "0.94", "size": "16.8"}, {"price": "0.93", "size": "100"}, {"price": "0.92", "size": "17.37"}, {"price": "0.91", "size": "9.8"}], "event_type": "book", "last_trade_price": "0.500"}]}
{"_local_timestamp": "2026-01-25T23:34:11.818373+00:00", "data": {"market": "0x3d0a3c995bd9b4dc3e840389635efe71b72a576bba3743ea18a082ac1eade5f5", "price_changes": [{"asset_id": "115745588685384707537945826177246876716757500848883807045019137615008874405617", "price": "0.08", "size": "162.5", "side": "BUY", "hash": "23ba5862d6cd34137208dee83b988d54a559c95e", "best_bid": "0.09", "best_ask": "0.91"}, {"asset_id": "84771568305826212654254904357265391922293831335259901396802853856115379264075", "price": "0.92", "size": "162.5", "side": "SELL", "hash": "73218cd42136b2014d47bcdbfd2f01238b1bc1fc", "best_bid": "0.09", "best_ask": "0.91"}], "timestamp": "1769384051753", "event_type": "price_change"}}
{"_local_timestamp": "2026-01-25T23:34:12.111930+00:00", "data": {"market": "0x3d0a3c995bd9b4dc3e840389635efe71b72a576bba3743ea18a082ac1eade5f5", "price_changes": [{"asset_id": "115745588685384707537945826177246876716757500848883807045019137615008874405617", "price": "0.07", "size": "18.47", "side": "BUY", "hash": "d0ac7bf837d3b7e6e1457b0fba85cbc40fff632a", "best_bid": "0.09", "best_ask": "0.91"}, {"asset_id": "84771568305826212654254904357265391922293831335259901396802853856115379264075", "price": "0.93", "size": "18.47", "side": "SELL", "hash": "2f91a3c16a5bfae8c07187d63eb4cdbab0ed2476", "best_bid": "0.09", "best_ask": "0.91"}], "timestamp": "1769384052045", "event_type": "price_change"}}
{"_local_timestamp": "2026-01-25T23:35:23.812202+00:00", "data": {"market": "0x3d0a3c995bd9b4dc3e840389635efe71b72a576bba3743ea18a082ac1eade5f5", "price_changes": [{"asset_id": "84771568305826212654254904357265391922293831335259901396802853856115379264075", "price": "0.01", "size": "643.36", "side": "BUY", "hash": "e97d5fc015cb61e479cf1470c2363f7bee5fea4f", "best_bid": "0.09", "best_ask": "0.91"}, {"asset_id": "115745588685384707537945826177246876716757500848883807045019137615008874405617", "price": "0.99", "size": "643.36", "side": "SELL", "hash": "0c63c1ab3245356f62fcbeadbb3bcc02589ff3cd", "best_bid": "0.09", "best_ask": "0.91"}], "timestamp": "1769384123696", "event_type": "price_change"}}
{"_local_timestamp": "2026-01-25T23:35:24.298496+00:00", "data": {"market": "0x3d0a3c995bd9b4dc3e840389635efe71b72a576bba3743ea18a082ac1eade5f5", "price_changes": [{"asset_id": "84771568305826212654254904357265391922293831335259901396802853856115379264075", "price": "0.01", "size": "694.98", "side": "BUY", "hash": "f93c01a46e8e0be6bc5ebdc9859730b39e00d45f", "best_bid": "0.09", "best_ask": "0.91"}, {"asset_id": "115745588685384707537945826177246876716757500848883807045019137615008874405617", "price": "0.99", "size": "694.98", "side": "SELL", "hash": "b62d3f2eb93ebbb4b50b56e24c9e283f4af080ec", "best_bid": "0.09", "best_ask": "0.91"}], "timestamp": "1769384124081", "event_type": "price_change"}}
{"_local_timestamp": "2026-01-25T23:35:48.275144+00:00", "data": {"market": "0x3d0a3c995bd9b4dc3e840389635efe71b72a576bba3743ea18a082ac1eade5f5", "price_changes": [{"asset_id": "84771568305826212654254904357265391922293831335259901396802853856115379264075", "price": "0.01", "size": "643.36", "side": "BUY", "hash": "cea266435baee548fd6a91045d83912418a5fe51", "best_bid": "0.09", "best_ask": "0.91"}, {"asset_id": "115745588685384707537945826177246876716757500848883807045019137615008874405617", "price": "0.99", "size": "643.36", "side": "SELL", "hash": "6732b7663a88113f82ebe1e3b4c3934fc404579b", "best_bid": "0.09", "best_ask": "0.91"}], "timestamp": "1769384148208", "event_type": "price_change"}}
{"_local_timestamp": "2026-01-25T23:35:50.252750+00:00", "data": {"market": "0x3d0a3c995bd9b4dc3e840389635efe71b72a576bba3743ea18a082ac1eade5f5", "price_changes": [{"asset_id": "84771568305826212654254904357265391922293831335259901396802853856115379264075", "price": "0.01", "size": "694.98", "side": "BUY", "hash": "5b5e43c7ae46a2177cef1dd67db770cee8fe3128", "best_bid": "0.09", "best_ask": "0.91"}, {"asset_id": "115745588685384707537945826177246876716757500848883807045019137615008874405617", "price": "0.99", "size": "694.98", "side": "SELL", "hash": "aa58c0e7da2f94fc5f0b8297cee4f5064773145f", "best_bid": "0.09", "best_ask": "0.91"}], "timestamp": "1769384150188", "event_type": "price_change"}}
