{"_local_timestamp": "2026-01-25T23:34:13.862981+00:00", "data": [{"market": "0x8c84508ad452f0eedbaab52260d90dea30605b8d885d4e626ddd9f48e4ef0893", "asset_id": "34646337947528311690710849362383113660783485780248838057541593343374440455583", "timestamp": "1769383942307", "hash": "bb96bed2bf613636b2739e9586dd6e20cacb813d", "bids": [{"price": "0.01", "size": "330"}, {"price": "0.02", "size": "858.46"}, {"price": "0.05", "size": "560"}, {"price": "0.06", "size": "33"}, {"price": "0.07", "size": "7.1"}, {"price": "0.11", "size": "350"}, {"price": "0.19", "size": "300"}, {"price": "0.21", "size": "200"}, {"price": "0.23", "size": "125"}, {"price": "0.25", "size": "75"}, {"price": "0.33", "size": "10"}, {"price": "0.34", "size": "38.23"}, {"price": "0.35", "size": "31.42"}, {"price": "0.43", "size": "100"}], "asks": [{"price": "0.99", "size": "246.85"}, {"price": "0.98", "size": "850"}, {"price": "0.97", "size": "7.7"}, {"price": "0.95", "size": "540"}, {"price": "0.94", "size": "7.53"}, {"price": "0.88", "size": "280"}, {"price": "0.87", "size": "8.83"}, {"price": "0.81", "size": "300"}, {"price": "0.78", "size": "200"}, {"price": "0.76", "size": "125"}, {"price": "0.75", "size": "75"}, {"price": "0.69", "size": "41.93"}, {"price": "0.68", "size": "34.37"}, {"price": "0.53", "size": "100"}], "event_type": "book", "last_trade_price": ""}, {"market": "0x3fef810a0bd024d8285adb1a559f672e87fc883066cf230f887af9d7d39d0f9c", "asset_id": "13577694705228354907589942897807742549678966465424079022380222079841065567373", "timestamp": "1769383942299", "hash": "1f1e9656741dd0b782c73cdda179a4a9b404cadc", "bids": [{"price": "0.01", "size": "336.68"}, {"price": "0.02", "size": "850"}, {"price": "0.03", "size": "5.18"}, {"price": "0.05", "size": "100"}, {"price": "0.06", "size": "33"}, {"price": "0.07", "size": "6.34"}, {"price": "0.11", "size": "300"}, {"price": "0.12", "size": "200"}, {"price": "0.13", "size": "125"}, {"price": "0.14", "size": "287"}, {"price": "0.18", "size": "72.22"}, {"price": "0.19", "size": "57.89"}, {"price": "0.2", "size": "10"}, {"price": "0.27", "size": "100"}], "asks": [{"price": "0.99", "size": "345.39"}, {"price": "0.98", "size": "850"}, {"price": "0.97", "size": "13.35"}, {"price": "0.95", "size": "520"}, {"price": "0.92", "size": "300"}, {"price": "0.91", "size": "16.05"}, {"price": "0.87", "size": "5"}, {"price": "0.73", "size": "300"}, {"price": "0.7", "size": "200"}, {"price": "0.67", "size": "125"}, {"price": "0.65", "size": "75"}, {"price": "0.57", "size": "30.23"}, {"price": "0.55", "size": "24.44"}, {"price": "0.37", "size": "100"}], "event_type": "book", "last_trade_price": ""}, {"market": "0x63f503500c7ec1010c8416c1e9c01dce6cc4f32dc8e88d02827734e1526f5d0c", "asset_id": "20309929295548442750691648286459547452168975711105701769898701476371645094267", "timestamp": "1769383942274", "hash": "663a6ace5f80f7fec114218a2428f45a02882173", "bids": [{"price": "0.01", "size": "336.6"}, {"price": "0.02", "size": "150"}, {"price": "0.03", "size": "5.83"}, {"price": "0.05", "size": "400"}, {"price": "0.06", "size": "365.09"}, {"price": "0.07", "size": "260.71"}, {"price": "0.08", "size": "256.75"}, {"price": "0.15", "size": "110"}], "asks": [{"price": "0.99", "size": "344.81"}, {"price": "0.98", "size": "850"}, {"price": "0.97", "size": "12.85"}, {"price": "0.95", "size": "520"}, {"price": "0.92", "size": "300"}, {"price": "0.91", "size": "16.29"}, {"price": "0.87", "size": "5"}, {"price": "0.7", "size": "300"}, {"price": "0.66", "size": "200"}, {"price": "0.63", "size": "125"}, {"price": "0.61", "size": "75"}, {"price": "0.54", "size": "28.26"}, {"price": "0.53", "size": "23.4"}, {"price": "0.5", "size": "79"}, {"price": "0.25", "size": "100"}], "event_type": "book", "last_trade_price": ""}, {"market": "0x3fef810a0bd024d8285adb1a559f672e87fc883066cf230f887af9d7d39d0f9c", "asset_id": "54073767927812467293176796163805089664877353225933822914373005429615399434327", "timestamp": "1769383942299", "hash": "6fb2e295bb8429c3c3da86bdac40e2792a9d7115", "bids": [{"price": "0.01", "size": "345.39"}, {"price": "0.02", "size": "850"}, {"price": "0.03", "size": "13.35"}, {"price": "0.05", "size": "520"}, {"price": "0.08", "size": "300"}, {"price": "0.09", "size": "16.05"}, {"price": "0.13", "size": "5"}, {"price": "0.27", "size": "300"}, {"price": "0.3", "size": "200"}, {"price": "0.33", "size": "125"}, {"price": "0.35", "size": "75"}, {"price": "0.43", "size": "30.23"}, {"price": "0.45", "size": "24.44"}, {"price": "0.63", "size": "100"}], "asks": [{"price": "0.99", "size": "336.68"}, {"price": "0.98", "size": "850"}, {"price": "0.97", "size": "5.18"}, {"price": "0.95", "size": "100"}, {"price": "0.94", "size": "33"}, {"price": "0.93", "size": "6.34"}, {"price": "0.89", "size": "300"}, {"price": "0.88", "size": "200"}, {"price": "0.87", "size": "125"}, {"price": "0.86", "size": "287"}, {"price": "0.82", "size": "72.22"}, {"price": "0.81", "size": "57.89"}, {"price": "0.8", "size": "10"}, {"price": "0.73", "size": "100"}], "event_type": "book", "last_trade_price": ""}, {"market": "0x63f503500c7ec1010c8416c1e9c01dce6cc4f32dc8e88d02827734e1526f5d0c", "asset_id": "59371696756903294253505499307675244002575110531353880420518708118077461748246", "timestamp": "1769383942274", "hash": "80f6a6f50888e9ee1f18e22cc7c4839664c1e937", "bids": [{"price": "0.01", "size": "344.81"}, {"price": "0.02", "size": "850"}, {"price": "0.03", "size": "12.85"}, {"price": "0.05", "size": "520"}, {"price": "0.08", "size": "300"}, {"price": "0.09", "size": "16.29"}, {"price": "0.13", "size": "5"}, {"price": "0.3", "size": "300"}, {"price": "0.34", "size": "200"}, {"price": "0.37", "size": "125"}, {"price": "0.39", "size": "75"}, {"price": "0.46", "size": "28.26"}, {"price": "0.47", "size": "23.4"}, {"price": "0.5", "size": "79"}, {"price": "0.75", "size": "100"}], "asks": [{"price": "0.99", "size": "336.6"}, {"price": "0.98", "size": "150"}, {"price": "0.97", "size": "5.83"}, {"price": "0.95", "size": "400"}, {"price": "0.94", "size": "365.09"}, {"price": "0.93", "size": "260.71"}, {"price": "0.92", "size": "256.75"}, {"price": "0.85", "size": "110"}], "event_type": "book", "last_trade_price": ""}, {"market": "0x8c84508ad452f0eedbaab52260d90dea30605b8d885d4e626ddd9f48e4ef0893", "asset_id": "61512245431543593261821998117573964654600830407385602549074978156199711605631", "timestamp": "1769383942307", "hash": "543eb6219ad2479ce17347dbe7f1824a7bea8ea1", "bids": [{"price": "0.01", "size": "246.85"}, {"price": "0.02", "size": "850"}, {"price": "0.03", "size": "7.7"}, {"price": "0.05", "size": "540"}, {"price": "0.06", "size": "7.53"}, {"price": "0.12", "size": "280"}, {"price": "0.13", "size": "8.83"}, {"price": "0.19", "size": "300"}, {"price": "0.22", "size": "200"}, {"price": "0.24", "size": "125"}, {"price": "0.25", "size": "75"}, {"price": "0.31", "size": "41.93"}, {"price": "0.32", "size": "34.37"}, {"price": "0.47", "size": "100"}], "asks": [{"price": "0.99", "size": "330"}, {"price": "0.98", "size": "858.46"}, {"price": "0.95", "size": "560"}, {"price": "0.94", "size": "33"}, {"price": "0.93", "size": "7.1"}, {"price": "0.89", "size": "350"}, {"price": "0.81", "size": "300"}, {"price": "0.79", "size": "200"}, {"price": "0.77", "size": "125"}, {"price": "0.75", "size": "75"}, {"price": "0.67", "size": "10"}, {"price": "0.66", "size": "38.23"}, {"price": "0.65", "size": "31.42"}, {"price": "0.57", "size": "100"}], "event_type": "book", "last_trade_price": ""}]}
{"_local_timestamp": "2026-01-25T23:34:52.349045+00:00", "data": {"market": "0x8c84508ad452f0eedbaab52260d90dea30605b8d885d4e626ddd9f48e4ef0893", "price_changes": [{"asset_id": "34646337947528311690710849362383113660783485780248838057541593343374440455583", "price": "0.01", "size": "6329.11", "side": "BUY", "hash": "6f9080ff0798b45f590c65ca72b98dbe34385188", "best_bid": "0.43", "best_ask": "0.53"}, {"asset_id": "61512245431543593261821998117573964654600830407385602549074978156199711605631", "price": "0.99", "size": "6329.11", "side": "SELL", "hash": "afec58a2922ead5ae604bb0e3c090b86998d8fcc", "best_bid": "0.47", "best_ask": "0.57"}], "timestamp": "1769384092172", "event_type": "price_change"}}
{"_local_timestamp": "2026-01-25T23:34:52.349923+00:00", "data": {"market": "0x3fef810a0bd024d8285adb1a559f672e87fc883066cf230f887af9d7d39d0f9c", "price_changes": [{"asset_id": "13577694705228354907589942897807742549678966465424079022380222079841065567373", "price": "0.01", "size": "13335.79", "side": "BUY", "hash": "a6e9c6565ce15ec6e852f81dcac7b0c35f9904a8", "best_bid": "0.27", "best_ask": "0.37"}, {"asset_id": "54073767927812467293176796163805089664877353225933822914373005429615399434327", "price": "0.99", "size": "13335.79", "side": "SELL", "hash": "688b977719a2819c9dfe9b06816afdbf1a26f5b5", "best_bid": "0.63", "best_ask": "0.73"}], "timestamp": "1769384092172", "event_type": "price_change"}}
{"_local_timestamp": "2026-01-25T23:34:52.350228+00:00", "data": {"market": "0x8c84508ad452f0eedbaab52260d90dea30605b8d885d4e626ddd9f48e4ef0893", "price_changes": [{"asset_id": "61512245431543593261821998117573964654600830407385602549074978156199711605631", "price": "0.01", "size": "25245.96", "side": "BUY", "hash": "499f6301689e332a9cef7aface70b49015063368", "best_bid": "0.47", "best_ask": "0.57"}, {"asset_id": "34646337947528311690710849362383113660783485780248838057541593343374440455583", "price": "0.99", "size": "25245.96", "side": "SELL", "hash": "cae9e129c0971a3f020034d17690aaa769edc672", "best_bid": "0.43", "best_ask": "0.53"}], "timestamp": "1769384092172", "event_type": "price_change"}}
{"_local_timestamp": "2026-01-25T23:34:52.350491+00:00", "data": {"market": "0x3fef810a0bd024d8285adb1a559f672e87fc883066cf230f887af9d7d39d0f9c", "price_changes": [{"asset_id": "13577694705228354907589942897807742549678966465424079022380222079841065567373", "price": "0.01", "size": "38334.9", "side": "BUY", "hash": "b82d2051a43d238c6f470a470670e29e21ba03b0", "best_bid": "0.27", "best_ask": "0.37"}, {"asset_id": "54073767927812467293176796163805089664877353225933822914373005429615399434327", "price": "0.99", "size": "38334.9", "side": "SELL", "hash": "9ab913687a55049a0393be52f6efdc946136fe02", "best_bid": "0.63", "best_ask": "0.73"}], "timestamp": "1769384092173", "event_type": "price_change"}}
{"_local_timestamp": "2026-01-25T23:34:52.350757+00:00", "data": {"market": "0x3fef810a0bd024d8285adb1a559f672e87fc883066cf230f887af9d7d39d0f9c", "price_changes": [{"asset_id": "54073767927812467293176796163805089664877353225933822914373005429615399434327", "price": "0.01", "size": "41344.5", "side": "BUY", "hash": "1c5c10993c8f529de86757012ff52b55bf04366a", "best_bid": "0.63", "best_ask": "0.73"}, {"asset_id": "13577694705228354907589942897807742549678966465424079022380222079841065567373", "price": "0.99", "size": "41344.5", "side": "SELL", "hash": "01ace9542544493ff4bb81eeb515397195b5e172", "best_bid": "0.27", "best_ask": "0.37"}], "timestamp": "1769384092173", "event_type": "price_change"}}
{"_local_timestamp": "2026-01-25T23:34:52.354767+00:00", "data": {"market": "0x8c84508ad452f0eedbaab52260d90dea30605b8d885d4e626ddd9f48e4ef0893", "price_changes": [{"asset_id": "34646337947528311690710849362383113660783485780248838057541593343374440455583", "price": "0.01", "size": "31328.22", "side": "BUY", "hash": "4207fe057c8bafec2346b636b0776bdf8e979f00", "best_bid": "0.43", "best_ask": "0.53"}, {"asset_id": "61512245431543593261821998117573964654600830407385602549074978156199711605631", "price": "0.99", "size": "31328.22", "side": "SELL", "hash": "bb2942aa347859fc8aa8298eb94fb000413848f9", "best_bid": "0.47", "best_ask": "0.57"}], "timestamp": "1769384092173", "event_type": "price_change"}}
{"_local_timestamp": "2026-01-25T23:34:52.355151+00:00", "data": {"market": "0x3fef810a0bd024d8285adb1a559f672e87fc883066cf230f887af9d7d39d0f9c", "price_changes": [{"asset_id": "13577694705228354907589942897807742549678966465424079022380222079841065567373", "price": "0.01", "size": "44334.01", "side": "BUY", "hash": "d9442c8d15eb45801019e7ef58754550711f02c0", "best_bid": "0.27", "best_ask": "0.37"}, {"asset_id": "54073767927812467293176796163805089664877353225933822914373005429615399434327", "price": "0.99", "size": "44334.01", "side": "SELL", "hash": "888512459ebaa5a2116367a51c13b38432375b7c", "best_bid": "0.63", "best_ask": "0.73"}], "timestamp": "1769384092174", "event_type": "price_change"}}
{"_local_timestamp": "2026-01-25T23:34:52.355444+00:00", "data": {"market": "0x8c84508ad452f0eedbaab52260d90dea30605b8d885d4e626ddd9f48e4ef0893", "price_changes": [{"asset_id": "34646337947528311690710849362383113660783485780248838057541593343374440455583", "price": "0.01", "size": "44327.33", "side": "BUY", "hash": "50aae15ba81b2c9792d09467db0e4914c58e7edf", "best_bid": "0.43", "best_ask": "0.53"}, {"asset_id": "61512245431543593261821998117573964654600830407385602549074978156199711605631", "price": "0.99", "size": "44327.33", "side": "SELL", "hash": "a3c914651bf535baced84208815cbbe0a9d6030a", "best_bid": "0.47", "best_ask": "0.57"}], "timestamp": "1769384092174", "event_type": "price_change"}}
{"_local_timestamp": "2026-01-25T23:34:52.355724+00:00", "data": {"market": "0x3fef810a0bd024d8285adb1a559f672e87fc883066cf230f887af9d7d39d0f9c", "price_changes": [{"asset_id": "13577694705228354907589942897807742549678966465424079022380222079841065567373", "price": "0.01", "size": "50333.12", "side": "BUY", "hash": "71d948b237452ebccbb13c2a5d2508f861461506", "best_bid": "0.27", "best_ask": "0.37"}, {"asset_id": "54073767927812467293176796163805089664877353225933822914373005429615399434327", "price": "0.99", "size": "50333.12", "side": "SELL", "hash": "b24cfcbecb9dafb9dd4b552e233966e8de44ee3d", "best_bid": "0.63", "best_ask": "0.73"}], "timestamp": "1769384092175", "event_type": "price_change"}}
{"_local_timestamp": "2026-01-25T23:34:52.356016+00:00", "data": {"market": "0x8c84508ad452f0eedbaab52260d90dea30605b8d885d4e626ddd9f48e4ef0893", "price_changes": [{"asset_id": "61512245431543593261821998117573964654600830407385602549074978156199711605631", "price": "0.01", "size": "38245.07", "side": "BUY", "hash": "b2f76dfcd55e806f3e2fd7e134e5d771d5822616", "best_bid": "0.47", "best_ask": "0.57"}, {"asset_id": "34646337947528311690710849362383113660783485780248838057541593343374440455583", "price": "0.99", "size": "38245.07", "side": "SELL", "hash": "744760d199ba04a54e1809d9024978182a5ce310", "best_bid": "0.43", "best_ask": "0.53"}], "timestamp": "1769384092175", "event_type": "price_change"}}
{"_local_timestamp": "2026-01-25T23:34:52.356294+00:00", "data": {"market": "0x3fef810a0bd024d8285adb1a559f672e87fc883066cf230f887af9d7d39d0f9c", "price_changes": [{"asset_id": "54073767927812467293176796163805089664877353225933822914373005429615399434327", "price": "0.01", "size": "54343.61", "side": "BUY", "hash": "6642e4fbb772eba7c75750d80d99d7b811afbec3", "best_bid": "0.63", "best_ask": "0.73"}, {"asset_id": "13577694705228354907589942897807742549678966465424079022380222079841065567373", "price": "0.99", "size": "54343.61", "side": "SELL", "hash": "477ee4ec7139b2c20708c61d2137c7e005d63abe", "best_bid": "0.27", "best_ask": "0.37"}], "timestamp": "1769384092175", "event_type": "price_change"}}
{"_local_timestamp": "2026-01-25T23:34:52.356568+00:00", "data": {"market": "0x3fef810a0bd024d8285adb1a559f672e87fc883066cf230f887af9d7d39d0f9c", "price_changes": [{"asset_id": "54073767927812467293176796163805089664877353225933822914373005429615399434327", "price": "0.01", "size": "60342.72", "side": "BUY", "hash": "218187b310e339405ddf16171546a9f7039d481c", "best_bid": "0.63", "best_ask": "0.73"}, {"asset_id": "13577694705228354907589942897807742549678966465424079022380222079841065567373", "price": "0.99", "size": "60342.72", "side": "SELL", "hash": "0c759778ee6a3346bcb89613a767454fe5a29769", "best_bid": "0.27", "best_ask": "0.37"}], "timestamp": "1769384092176", "event_type": "price_change"}}
{"_local_timestamp": "2026-01-25T23:34:52.356860+00:00", "data": {"market": "0x3fef810a0bd024d8285adb1a559f672e87fc883066cf230f887af9d7d39d0f9c", "price_changes": [{"asset_id": "54073767927812467293176796163805089664877353225933822914373005429615399434327", "price": "0.01", "size": "85341.83", "side": "BUY", "hash": "0495c3d782016727b6c199e9ada1186184b224a8", "best_bid": "0.63", "best_ask": "0.73"}, {"asset_id": "13577694705228354907589942897807742549678966465424079022380222079841065567373", "price": "0.99", "size": "85341.83", "side": "SELL", "hash": "0e28636faa4f242fbb796f63a46ab7c8721e6518", "best_bid": "0.27", "best_ask": "0.37"}], "timestamp": "1769384092177", "event_type": "price_change"}}
{"_local_timestamp": "2026-01-25T23:34:52.578788+00:00", "data": {"market": "0x3fef810a0bd024d8285adb1a559f672e87fc883066cf230f887af9d7d39d0f9c", "price_changes": [{"asset_id": "54073767927812467293176796163805089664877353225933822914373005429615399434327", "price": "0.01", "size": "91340.94", "side": "BUY", "hash": "cd57c252e17ec28cc49cf6d330a1c18cb90cdcdc", "best_bid": "0.63", "best_ask": "0.73"}, {"asset_id": "13577694705228354907589942897807742549678966465424079022380222079841065567373", "price": "0.99", "size": "91340.94", "side": "SELL", "hash": "ce0bf0b9770de9ce001100ec1089e2d987a25e30", "best_bid": "0.27", "best_ask": "0.37"}], "timestamp": "1769384092177", "event_type": "price_change"}}
{"_local_timestamp": "2026-01-25T23:34:52.579347+00:00", "data": {"market": "0x8c84508ad452f0eedbaab52260d90dea30605b8d885d4e626ddd9f48e4ef0893", "price_changes": [{"asset_id": "61512245431543593261821998117573964654600830407385602549074978156199711605631", "price": "0.01", "size": "44244.18", "side": "BUY", "hash": "5dada5ff3f20ba78f0db6daa169136aab02437cf", "best_bid": "0.47", "best_ask": "0.57"}, {"asset_id": "34646337947528311690710849362383113660783485780248838057541593343374440455583", "price": "0.99", "size": "44244.18", "side": "SELL", "hash": "b6aa6937fdc2266a25e3c539ff4cb74d6c310af1", "best_bid": "0.43", "best_ask": "0.53"}], "timestamp": "1769384092357", "event_type": "price_change"}}
{"_local_timestamp": "2026-01-25T23:34:52.579732+00:00", "data": {"market": "0x3fef810a0bd024d8285adb1a559f672e87fc883066cf230f887af9d7d39d0f9c", "price_changes": [{"asset_id": "13577694705228354907589942897807742549678966465424079022380222079841065567373", "price": "0.01", "size": "91332.23", "side": "BUY", "hash": "32a5fddd307754958e5ebe2aac691dbd4af0afba", "best_bid": "0.27", "best_ask": "0.37"}, {"asset_id": "54073767927812467293176796163805089664877353225933822914373005429615399434327", "price": "0.99", "size": "91332.23", "side": "SELL", "hash": "1f63ee51d1fb2fb27d6f60ebb9ba00739e967b8b", "best_bid": "0.63", "best_ask": "0.73"}], "timestamp": "1769384092357", "event_type": "price_change"}}
{"_local_timestamp": "2026-01-25T23:34:52.580054+00:00", "data": {"market": "0x8c84508ad452f0eedbaab52260d90dea30605b8d885d4e626ddd9f48e4ef0893", "price_changes": [{"asset_id": "34646337947528311690710849362383113660783485780248838057541593343374440455583", "price": "0.01", "size": "50326.44", "side": "BUY", "hash": "37d8e21d9fd71d224ba55a93e70ea0135fa3ea39", "best_bid": "0.43", "best_ask": "0.53"}, {"asset_id": "61512245431543593261821998117573964654600830407385602549074978156199711605631", "price": "0.99", "size": "50326.44", "side": "SELL", "hash": "d1083fc4785ba9df02044e8191ebcb46dedf4b5d", "best_bid": "0.47", "best_ask": "0.57"}], "timestamp": "1769384092358", "event_type": "price_change"}}
{"_local_timestamp": "2026-01-25T23:34:52.580391+00:00", "data": {"market": "0x8c84508ad452f0eedbaab52260d90dea30605b8d885d4e626ddd9f48e4ef0893", "price_changes": [{"asset_id": "61512245431543593261821998117573964654600830407385602549074978156199711605631", "price": "0.01", "size": "50243.29", "side": "BUY", "hash": "2a807ab65d34823e4f671069769fa6f338aa019a", "best_bid": "0.47", "best_ask": "0.57"}, {"asset_id": "34646337947528311690710849362383113660783485780248838057541593343374440455583", "price": "0.99", "size": "50243.29", "side": "SELL", "hash": "12501e1927f298cfd5d89d3170f6df5b4d353432", "best_bid": "0.43", "best_ask": "0.53"}], "timestamp": "1769384092359", "event_type": "price_change"}}
{"_local_timestamp": "2026-01-25T23:34:52.580815+00:00", "data": {"market": "0x8c84508ad452f0eedbaab52260d90dea30605b8d885d4e626ddd9f48e4ef0893", "price_changes": [{"asset_id": "34646337947528311690710849362383113660783485780248838057541593343374440455583", "price": "0.01", "size": "91325.55", "side": "BUY", "hash": "adeffd0c707ffc4b24bf04006fab338237ec4884", "best_bid": "0.43", "best_ask": "0.53"}, {"asset_id": "61512245431543593261821998117573964654600830407385602549074978156199711605631", "price": "0.99", "size": "91325.55", "side": "SELL", "hash": "0c3b413a4f533ec83da419a107433ba3fe6ef231", "best_bid": "0.47", "best_ask": "0.57"}], "timestamp": "1769384092360", "event_type": "price_change"}}
{"_local_timestamp": "2026-01-25T23:34:52.581231+00:00", "data": {"market": "0x8c84508ad452f0eedbaab52260d90dea30605b8d885d4e626ddd9f48e4ef0893", "price_changes": [{"asset_id": "61512245431543593261821998117573964654600830407385602549074978156199711605631", "price": "0.01", "size": "91242.4", "side": "BUY", "hash": "f354e74a479877c4f5115e2da47378bf00adf4fc", "best_bid": "0.47", "best_ask": "0.57"}, {"asset_id": "34646337947528311690710849362383113660783485780248838057541593343374440455583", "price": "0.99", "size": "91242.4", "side": "SELL", "hash": "e4d8d40d9590769c34fa80c0c838af03b0f9afa1", "best_bid": "0.43", "best_ask": "0.53"}], "timestamp": "1769384092360", "event_type": "price_change"}}
