{"_local_timestamp": "2026-01-25T23:34:13.283578+00:00", "data": [{"market": "0x780c042865b2018eeb8ddcdec110c6839c6f27a8062b37dded79501920250afe", "asset_id": "79287164977737814011242460177248792416483317253936439908020481835936787513608", "timestamp": "1769383976056", "hash": "6865c12bee25d613dd3b718380ea98dc2ddcc580", "bids": [{"price": "0.01", "size": "100"}, {"price": "0.02", "size": "33.33"}, {"price": "0.03", "size": "5.47"}], "asks": [{"price": "0.99", "size": "199.99"}, {"price": "0.98", "size": "50"}, {"price": "0.97", "size": "200"}], "event_type": "book", "last_trade_price": "0.820"}, {"market": "0xdbe51bbd40ca77053fd794ac247cd2d07a150921accdd624f9f345fbc63db48b", "asset_id": "87345926905556212316847105466061439969543894768822947485860245095466364170902", "timestamp": "1769383979019", "hash": "483b1286ef337b0ea00642d666818fc641f84a4b", "bids": [{"price": "0.01", "size": "100"}, {"price": "0.33", "size": "165"}], "asks": [{"price": "0.99", "size": "100"}, {"price": "0.73", "size": "234"}], "event_type": "book", "last_trade_price": "0.260"}, {"market": "0xdbe51bbd40ca77053fd794ac247cd2d07a150921accdd624f9f345fbc63db48b", "asset_id": "36448007855605050896824786938032039502111327633212361142790079215548046414522", "timestamp": "1769383979019", "hash": "748fa0390f481516af0acc9eed938a4cc6f2d52e", "bids": [{"price": "0.01", "size": "100"}, {"price": "0.27", "size": "234"}], "asks": [{"price": "0.99", "size": "100"}, {"price": "0.67", "size": "165"}], "event_type": "book", "last_trade_price": "0.260"}, {"market": "0x1feaf4097b273ee90aea00fdc5afa9ec6e14b518caf2ddbc421851bef1bdc168", "asset_id": "18882795016423351779855047017846676160725151167446687947380948164302842014020", "timestamp": "1769383985914", "hash": "0f80362ce720eb4dff86a5c266f2a1c780aaf565", "bids": [{"price": "0.01", "size": "150"}, {"price": "0.02", "size": "166"}, {"price": "0.03", "size": "5.47"}], "asks": [{"price": "0.99", "size": "200"}, {"price": "0.98", "size": "5.47"}, {"price": "0.56", "size": "430"}], "event_type": "book", "last_trade_price": "0.420"}, {"market": "0x780c042865b2018eeb8ddcdec110c6839c6f27a8062b37dded79501920250afe", "asset_id": "96548263188568861225971459083251184634804319351377359745128053937517313229246", "timestamp": "1769383976056", "hash": "9b80333212f183f4f5742bd864da2554e2e46e4e", "bids": [{"price": "0.01", "size": "199.99"}, {"price": "0.02", "size": "50"}, {"price": "0.03", "size": "200"}], "asks": [{"price": "0.99", "size": "100"}, {"price": "0.98", "size": "33.33"}, {"price": "0.97", "size": "5.47"}], "event_type": "book", "last_trade_price": "0.820"}, {"market": "0x1feaf4097b273ee90aea00fdc5afa9ec6e14b518caf2ddbc421851bef1bdc168", "asset_id": "22033330904498269999207988435951609926608006932357150385292796096528006231715", "timestamp": "1769383985914", "hash": "947aeca49c76d883cfc01fdbd5ec77f0c15fdfd5", "bids": [{"price": "0.01", "size": "200"}, {"price": "0.02", "size": "5.47"}, {"price": "0.44", "size": "430"}], "asks": [{"price": "0.99", "size": "150"}, {"price": "0.98", "size": "166"}, {"price": "0.97", "size": "5.47"}], "event_type": "book", "last_trade_price": "0.420"}]}
