{"_local_timestamp": "2026-01-25T23:41:20.167254+00:00", "data": [{"market": "0x05d9ff16560d54786d47a90811f455a26602c70bec3e64774aa34b6ef7549281", "asset_id": "100479099546599696824422991120354033355758928169839616390705192844376134085686", "timestamp": "1769384216444", "hash": "b5a6e18a2cf2679b0a40498d0e62a2fa3224de9d", "bids": [{"price": "0.01", "size": "424.84"}, {"price": "0.02", "size": "435.42"}, {"price": "0.03", "size": "45.01"}, {"price": "0.04", "size": "512"}, {"price": "0.05", "size": "278.45"}, {"price": "0.06", "size": "33"}, {"price": "0.07", "size": "10.85"}, {"price": "0.08", "size": "39"}, {"price": "0.1", "size": "39"}, {"price": "0.14", "size": "10"}], "asks": [{"price": "0.99", "size": "614.69"}, {"price": "0.98", "size": "813.64"}, {"price": "0.97", "size": "266"}, {"price": "0.96", "size": "239.17"}, {"price": "0.95", "size": "48"}, {"price": "0.94", "size": "11.56"}], "event_type": "book", "last_trade_price": ""}, {"market": "0x31cc42247ba38847557d6c73b5d1804f2e80779afed80f789546fc577dcd271a", "asset_id": "34203709724417979823007601426283353466072017977340786382307923174873731577199", "timestamp": "1769384214421", "hash": "48ebf70bfe32c0ceeee5a851f4bf1ad5041e3c3e", "bids": [{"price": "0.01", "size": "424.84"}, {"price": "0.02", "size": "435.42"}, {"price": "0.03", "size": "45.01"}, {"price": "0.04", "size": "512"}, {"price": "0.05", "size": "278.45"}, {"price": "0.06", "size": "33"}, {"price": "0.07", "size": "10.85"}, {"price": "0.08", "size": "39"}, {"price": "0.1", "size": "39"}, {"price": "0.14", "size": "10"}], "asks": [{"price": "0.99", "size": "614.69"}, {"price": "0.98", "size": "813.64"}, {"price": "0.97", "size": "266"}, {"price": "0.96", "size": "239.17"}, {"price": "0.95", "size": "48"}, {"price": "0.94", "size": "11.56"}], "event_type": "book", "last_trade_price": ""}, {"market": "0x31cc42247ba38847557d6c73b5d1804f2e80779afed80f789546fc577dcd271a", "asset_id": "115705052949928028100238933747393490061086186633555546451990340301078997939243", "timestamp": "1769384214421", "hash": "84dcfbad706b74c2431a8917c8fc19d27d1117c2", "bids": [{"price": "0.01", "size": "614.69"}, {"price": "0.02", "size": "813.64"}, {"price": "0.03", "size": "266"}, {"price": "0.04", "size": "239.17"}, {"price": "0.05", "size": "48"}, {"price": "0.06", "size": "11.56"}], "asks": [{"price": "0.99", "size": "424.84"}, {"price": "0.98", "size": "435.42"}, {"price": "0.97", "size": "45.01"}, {"price": "0.96", "size": "512"}, {"price": "0.95", "size": "278.45"}, {"price": "0.94", "size": "33"}, {"price": "0.93", "size": "10.85"}, {"price": "0.92", "size": "39"}, {"price": "0.9", "size": "39"}, {"price": "0.86", "size": "10"}], "event_type": "book", "last_trade_price": ""}, {"market": "0x05d9ff16560d54786d47a90811f455a26602c70bec3e64774aa34b6ef7549281", "asset_id": "14338889484837240382325494406247617102417365815676533879220991246920297172571", "timestamp": "1769384216444", "hash": "0ba51c7bf7032f7864f05c6097ecfa899297f1d5", "bids": [{"price": "0.01", "size": "614.69"}, {"price": "0.02", "size": "813.64"}, {"price": "0.03", "size": "266"}, {"price": "0.04", "size": "239.17"}, {"price": "0.05", "size": "48"}, {"price": "0.06", "size": "11.56"}], "asks": [{"price": "0.99", "size": "424.84"}, {"price": "0.98", "size": "435.42"}, {"price": "0.97", "size": "45.01"}, {"price": "0.96", "size": "512"}, {"price": "0.95", "size": "278.45"}, {"price": "0.94", "size": "33"}, {"price": "0.93", "size": "10.85"}, {"price": "0.92", "size": "39"}, {"price": "0.9", "size": "39"}, {"price": "0.86", "size": "10"}], "event_type": "book", "last_trade_price": ""}, {"market": "0x257b49ef17f9f6e2b3ddc283bd462d25a5b2d95fcc8341a935505fce91c17cef", "asset_id": "90944399550459612990932530046294751863893347646376675554671689469722589958560", "timestamp": "1769384265196", "hash": "a8fcbba1f8a04fef24b1de526daa4db8e34d7bfa", "bids": [{"price": "0.01", "size": "216.62"}, {"price": "0.02", "size": "159.71"}, {"price": "0.03", "size": "654.7"}, {"price": "0.04", "size": "519.36"}, {"price": "0.05", "size": "270"}, {"price": "0.06", "size": "39.73"}, {"price": "0.08", "size": "164"}, {"price": "0.09", "size": "47.77"}, {"price": "0.14", "size": "10"}], "asks": [{"price": "0.99", "size": "614.69"}, {"price": "0.98", "size": "1013.64"}, {"price": "0.97", "size": "66"}, {"price": "0.96", "size": "114.17"}, {"price": "0.94", "size": "55.07"}], "event_type": "book", "last_trade_price": ""}, {"market": "0x257b49ef17f9f6e2b3ddc283bd462d25a5b2d95fcc8341a935505fce91c17cef", "asset_id": "15664891599044652831147182439262857536308543642918189550821987100839175280459", "timestamp": "1769384265196", "hash": "a96efe8054186b8210953f522fdf36b614dcf372", "bids": [{"price": "0.01", "size": "614.69"}, {"price": "0.02", "size": "1013.64"}, {"price": "0.03", "size": "66"}, {"price": "0.04", "size": "114.17"}, {"price": "0.06", "size": "55.07"}], "asks": [{"price": "0.99", "size": "216.62"}, {"price": "0.98", "size": "159.71"}, {"price": "0.97", "size": "654.7"}, {"price": "0.96", "size": "519.36"}, {"price": "0.95", "size": "270"}, {"price": "0.94", "size": "39.73"}, {"price": "0.92", "size": "164"}, {"price": "0.91", "size": "47.77"}, {"price": "0.86", "size": "10"}], "event_type": "book", "last_trade_price": ""}]}
