{"_local_timestamp": "2026-01-25T23:41:20.238180+00:00", "data": [{"market": "0x65a78caed50b816ea9bbfaf8132e04a6e1ce86e313e6eb81c4a55dd36e516ae8", "asset_id": "31721695016614630521289576981649854735513005967552742396568000287157391438708", "timestamp": "1769383990590", "hash": "8ce7624f2e41114c0df53046ddcb7f7def3637dc", "bids": [{"price": "0.01", "size": "418.59"}, {"price": "0.02", "size": "435.42"}, {"price": "0.03", "size": "7.41"}, {"price": "0.04", "size": "525"}, {"price": "0.05", "size": "289.89"}, {"price": "0.06", "size": "33"}, {"price": "0.07", "size": "12.69"}, {"price": "0.08", "size": "90"}, {"price": "0.1", "size": "39"}, {"price": "0.13", "size": "10"}], "asks": [{"price": "0.99", "size": "614.69"}, {"price": "0.98", "size": "1013.64"}, {"price": "0.97", "size": "66"}, {"price": "0.96", "size": "128.08"}, {"price": "0.94", "size": "44.81"}], "event_type": "book", "last_trade_price": ""}, {"market": "0x029b50279302392b12f569a08473837e40fe725d7ce590d4996d4222f296a613", "asset_id": "48432367359356712286742931470713860297616890189179952976755886676433354633194", "timestamp": "1769383849818", "hash": "2c116c11493437514322ec9003bd02858535f013", "bids": [{"price": "0.01", "size": "418.63"}, {"price": "0.02", "size": "435.42"}, {"price": "0.03", "size": "11.36"}, {"price": "0.04", "size": "525"}, {"price": "0.05", "size": "286.34"}, {"price": "0.06", "size": "33"}, {"price": "0.07", "size": "6.21"}, {"price": "0.09", "size": "82"}, {"price": "0.1", "size": "5.11"}, {"price": "0.13", "size": "10"}], "asks": [{"price": "0.99", "size": "600"}, {"price": "0.98", "size": "1000"}, {"price": "0.97", "size": "66"}, {"price": "0.96", "size": "108"}, {"price": "0.94", "size": "47.99"}], "event_type": "book", "last_trade_price": ""}, {"market": "0x04fc61b309aa72bc3fae48acf73b733721989476400200e621715245ffbfb8dd", "asset_id": "54560721584273335718512609330762299365159780023553822588206225956090449214365", "timestamp": "1769383989796", "hash": "c7103cdc77e3b242fba362213ac7bca7e2be4e39", "bids": [{"price": "0.01", "size": "224.73"}, {"price": "0.02", "size": "159.71"}, {"price": "0.03", "size": "629.35"}, {"price": "0.04", "size": "525"}, {"price": "0.05", "size": "288.42"}, {"price": "0.06", "size": "33"}, {"price": "0.07", "size": "10.81"}, {"price": "0.08", "size": "79"}, {"price": "0.1", "size": "39"}, {"price": "0.14", "size": "10"}], "asks": [{"price": "0.99", "size": "600"}, {"price": "0.98", "size": "1000"}, {"price": "0.97", "size": "66"}, {"price": "0.96", "size": "108"}, {"price": "0.94", "size": "38.47"}], "event_type": "book", "last_trade_price": ""}, {"market": "0x04fc61b309aa72bc3fae48acf73b733721989476400200e621715245ffbfb8dd", "asset_id": "98301014878656891255327591057945267397728508811655793786731872865512329931330", "timestamp": "1769383989796", "hash": "832792dfdb67eef668f3333cbea4779b9aa428fb", "bids": [{"price": "0.01", "size": "600"}, {"price": "0.02", "size": "1000"}, {"price": "0.03", "size": "66"}, {"price": "0.04", "size": "108"}, {"price": "0.06", "size": "38.47"}], "asks": [{"price": "0.99", "size": "224.73"}, {"price": "0.98", "size": "159.71"}, {"price": "0.97", "size": "629.35"}, {"price": "0.96", "size": "525"}, {"price": "0.95", "size": "288.42"}, {"price": "0.94", "size": "33"}, {"price": "0.93", "size": "10.81"}, {"price": "0.92", "size": "79"}, {"price": "0.9", "size": "39"}, {"price": "0.86", "size": "10"}], "event_type": "book", "last_trade_price": ""}, {"market": "0x65a78caed50b816ea9bbfaf8132e04a6e1ce86e313e6eb81c4a55dd36e516ae8", "asset_id": "103430789986263040990743507255452212956734412878817849898825552733712814535382", "timestamp": "1769383990590", "hash": "289f70fe01ad9db344455b455673e221d0ca26ec", "bids": [{"price": "0.01", "size": "614.69"}, {"price": "0.02", "size": "1013.64"}, {"price": "0.03", "size": "66"}, {"price": "0.04", "size": "128.08"}, {"price": "0.06", "size": "44.81"}], "asks": [{"price": "0.99", "size": "418.59"}, {"price": "0.98", "size": "435.42"}, {"price": "0.97", "size": "7.41"}, {"price": "0.96", "size": "525"}, {"price": "0.95", "size": "289.89"}, {"price": "0.94", "size": "33"}, {"price": "0.93", "size": "12.69"}, {"price": "0.92", "size": "90"}, {"price": "0.9", "size": "39"}, {"price": "0.87", "size": "10"}], "event_type": "book", "last_trade_price": ""}, {"market": "0x029b50279302392b12f569a08473837e40fe725d7ce590d4996d4222f296a613", "asset_id": "38891846585889580464332656594393766026854463984061648947149823985802269504363", "timestamp": "1769383849818", "hash": "de39b66a56bf206b8cd11b45448238d24482cd1f", "bids": [{"price": "0.01", "size": "600"}, {"price": "0.02", "size": "1000"}, {"price": "0.03", "size": "66"}, {"price": "0.04", "size": "108"}, {"price": "0.06", "size": "47.99"}], "asks": [{"price": "0.99", "size": "418.63"}, {"price": "0.98", "size": "435.42"}, {"price": "0.97", "size": "11.36"}, {"price": "0.96", "size": "525"}, {"price": "0.95", "size": "286.34"}, {"price": "0.94", "size": "33"}, {"price": "0.93", "size": "6.21"}, {"price": "0.91", "size": "82"}, {"price": "0.9", "size": "5.11"}, {"price": "0.87", "size": "10"}], "event_type": "book", "last_trade_price": ""}]}
{"_local_timestamp": "2026-01-25T23:41:52.091216+00:00", "data": {"market": "0x029b50279302392b12f569a08473837e40fe725d7ce590d4996d4222f296a613", "price_changes": [{"asset_id": "48432367359356712286742931470713860297616890189179952976755886676433354633194", "price": "0.02", "size": "285.42", "side": "BUY", "hash": "27a7c9a0d5e15c9205ca1f9ff5f2de531ff65d7a", "best_bid": "0.13", "best_ask": "0.94"}, {"asset_id": "38891846585889580464332656594393766026854463984061648947149823985802269504363", "price": "0.98", "size": "285.42", "side": "SELL", "hash": "afa9e41b7e774435e8cf49e12d05a793c810fa99", "best_bid": "0.06", "best_ask": "0.87"}], "timestamp": "1769384512004", "event_type": "price_change"}}
{"_local_timestamp": "2026-01-25T23:41:58.133809+00:00", "data": {"market": "0x029b50279302392b12f569a08473837e40fe725d7ce590d4996d4222f296a613", "price_changes": [{"asset_id": "48432367359356712286742931470713860297616890189179952976755886676433354633194", "price": "0.02", "size": "435.42", "side": "BUY", "hash": "d78ea5cae5a7a38cd2326028c1481da5c692f465", "best_bid": "0.13", "best_ask": "0.94"}, {"asset_id": "38891846585889580464332656594393766026854463984061648947149823985802269504363", "price": "0.98", "size": "435.42", "side": "SELL", "hash": "c8e635fa6d222a0bb64d58a596b21531293dc7ba", "best_bid": "0.06", "best_ask": "0.87"}], "timestamp": "1769384518055", "event_type": "price_change"}}
