{"_local_timestamp": "2026-01-25T23:41:20.461676+00:00", "data": [{"market": "0x133b1996143d6b1e0ab3de89489fb0b524d1cb84c8ec7b4004cf07cea480e1eb", "asset_id": "84165188851096690746322324047198814422696855731687378419275038587353883978179", "timestamp": "1769383992614", "hash": "40151270a8564ecca436cc3cb6cfac7069e7ac60", "bids": [{"price": "0.01", "size": "224.73"}, {"price": "0.02", "size": "159.71"}, {"price": "0.03", "size": "629.35"}, {"price": "0.04", "size": "525"}, {"price": "0.05", "size": "288.42"}, {"price": "0.06", "size": "33"}, {"price": "0.07", "size": "10.81"}, {"price": "0.08", "size": "84"}, {"price": "0.1", "size": "39"}, {"price": "0.14", "size": "10"}], "asks": [{"price": "0.99", "size": "614.69"}, {"price": "0.98", "size": "813.64"}, {"price": "0.97", "size": "266"}, {"price": "0.96", "size": "217.17"}, {"price": "0.95", "size": "40"}, {"price": "0.94", "size": "13.08"}], "event_type": "book", "last_trade_price": ""}, {"market": "0xf8c0c0f2fed52a681944069c30046b3ed6a49132119006922e409d97901bdbfa", "asset_id": "46868692948955736617737564948392040023545371250450890183559948005587920230478", "timestamp": "1769384125647", "hash": "10c84919c6740e74b7dc1f8b3ebc065bbb067d36", "bids": [{"price": "0.01", "size": "614.69"}, {"price": "0.02", "size": "813.64"}, {"price": "0.03", "size": "266"}, {"price": "0.04", "size": "217.17"}, {"price": "0.05", "size": "40"}, {"price": "0.06", "size": "5.47"}], "asks": [{"price": "0.99", "size": "224.85"}, {"price": "0.98", "size": "159.71"}, {"price": "0.97", "size": "629.11"}, {"price": "0.96", "size": "525"}, {"price": "0.95", "size": "288.46"}, {"price": "0.94", "size": "33"}, {"price": "0.93", "size": "10.86"}, {"price": "0.92", "size": "85"}, {"price": "0.9", "size": "39"}, {"price": "0.86", "size": "10"}], "event_type": "book", "last_trade_price": ""}, {"market": "0x133b1996143d6b1e0ab3de89489fb0b524d1cb84c8ec7b4004cf07cea480e1eb", "asset_id": "21059221929486339967683013523039180441908424549032271380737113156244723023874", "timestamp": "1769383992614", "hash": "f14b0db42922e46da237a8177c1c5e19c3a2aa45", "bids": [{"price": "0.01", "size": "614.69"}, {"price": "0.02", "size": "813.64"}, {"price": "0.03", "size": "266"}, {"price": "0.04", "size": "217.17"}, {"price": "0.05", "size": "40"}, {"price": "0.06", "size": "13.08"}], "asks": [{"price": "0.99", "size": "224.73"}, {"price": "0.98", "size": "159.71"}, {"price": "0.97", "size": "629.35"}, {"price": "0.96", "size": "525"}, {"price": "0.95", "size": "288.42"}, {"price": "0.94", "size": "33"}, {"price": "0.93", "size": "10.81"}, {"price": "0.92", "size": "84"}, {"price": "0.9", "size": "39"}, {"price": "0.86", "size": "10"}], "event_type": "book", "last_trade_price": ""}, {"market": "0x131d84ffd789113dba3accc148259005a50543323141b8aa7bb9d342ec40e9e4", "asset_id": "44352071552551313418268226367666333643498804637232947939571769009521835738964", "timestamp": "1769384125649", "hash": "68a074e062660e032cdf0d8d13089b23950f4e36", "bids": [{"price": "0.01", "size": "217.24"}, {"price": "0.02", "size": "159.71"}, {"price": "0.03", "size": "622.43"}, {"price": "0.04", "size": "530.67"}, {"price": "0.05", "size": "280"}, {"price": "0.06", "size": "39.95"}, {"price": "0.08", "size": "164"}, {"price": "0.09", "size": "9.06"}, {"price": "0.14", "size": "10"}], "asks": [{"price": "0.99", "size": "614.69"}, {"price": "0.98", "size": "1013.64"}, {"price": "0.97", "size": "66"}, {"price": "0.96", "size": "117.17"}, {"price": "0.94", "size": "55.07"}], "event_type": "book", "last_trade_price": ""}, {"market": "0xf8c0c0f2fed52a681944069c30046b3ed6a49132119006922e409d97901bdbfa", "asset_id": "83691334558734008503146472923792082533808279387330450988545420655428189029556", "timestamp": "1769384125647", "hash": "8a4e538b7922115839784b2c80bee183f7975713", "bids": [{"price": "0.01", "size": "224.85"}, {"price": "0.02", "size": "159.71"}, {"price": "0.03", "size": "629.11"}, {"price": "0.04", "size": "525"}, {"price": "0.05", "size": "288.46"}, {"price": "0.06", "size": "33"}, {"price": "0.07", "size": "10.86"}, {"price": "0.08", "size": "85"}, {"price": "0.1", "size": "39"}, {"price": "0.14", "size": "10"}], "asks": [{"price": "0.99", "size": "614.69"}, {"price": "0.98", "size": "813.64"}, {"price": "0.97", "size": "266"}, {"price": "0.96", "size": "217.17"}, {"price": "0.95", "size": "40"}, {"price": "0.94", "size": "5.47"}], "event_type": "book", "last_trade_price": ""}, {"market": "0x131d84ffd789113dba3accc148259005a50543323141b8aa7bb9d342ec40e9e4", "asset_id": "12163367486556231663155948486580478939170236287212174058261022397102359841586", "timestamp": "1769384125649", "hash": "e84ac81d4a28c5a6adeb52cca500d356a1ab445d", "bids": [{"price": "0.01", "size": "614.69"}, {"price": "0.02", "size": "1013.64"}, {"price": "0.03", "size": "66"}, {"price": "0.04", "size": "117.17"}, {"price": "0.06", "size": "55.07"}], "asks": [{"price": "0.99", "size": "217.24"}, {"price": "0.98", "size": "159.71"}, {"price": "0.97", "size": "622.43"}, {"price": "0.96", "size": "530.67"}, {"price": "0.95", "size": "280"}, {"price": "0.94", "size": "39.95"}, {"price": "0.92", "size": "164"}, {"price": "0.91", "size": "9.06"}, {"price": "0.86", "size": "10"}], "event_type": "book", "last_trade_price": ""}]}
