{"_local_timestamp": "2026-01-25T23:41:19.538866+00:00", "data": [{"market": "0x40ecbb79a8df1957caf6e4c55dbc376fd43c6715355798d9ad73bcc9647c355e", "asset_id": "2839715641130606350371362929178694761856267053386652755323664223472113539346", "timestamp": "1769384267816", "hash": "82bd070dd76260aa1baeec4d4fd87517017ed70e", "bids": [], "asks": [{"price": "0.999", "size": "100029"}, {"price": "0.998", "size": "55000"}, {"price": "0.992", "size": "155"}, {"price": "0.99", "size": "17250"}, {"price": "0.989", "size": "55710"}, {"price": "0.969", "size": "10300"}, {"price": "0.96", "size": "2000"}, {"price": "0.95", "size": "40"}, {"price": "0.92", "size": "155"}, {"price": "0.903", "size": "100"}, {"price": "0.901", "size": "100"}, {"price": "0.9", "size": "5700"}, {"price": "0.899", "size": "10000"}, {"price": "0.89", "size": "3000"}, {"price": "0.889", "size": "2840"}, {"price": "0.53", "size": "100"}, {"price": "0.51", "size": "100"}, {"price": "0.503", "size": "100"}, {"price": "0.501", "size": "500"}, {"price": "0.5", "size": "440"}, {"price": "0.25", "size": "60"}, {"price": "0.249", "size": "53"}, {"price": "0.23", "size": "180"}, {"price": "0.229", "size": "10.67"}, {"price": "0.01", "size": "1305.39"}, {"price": "0.009", "size": "644"}, {"price": "0.001", "size": "1681.34"}], "event_type": "book", "last_trade_price": "0.999"}, {"market": "0xbb4577558e1f1f50cb5edaa5dcd0619dddcf646822c27fad96543c48e36cb2e9", "asset_id": "52185138181795133105874339938746372794265377392885559215088080274446882230706", "timestamp": "1769383212006", "hash": "3fc52a85277b0abe7301bb3d004419a9a752deda", "bids": [{"price": "0.001", "size": "30"}, {"price": "0.01", "size": "100"}, {"price": "0.02", "size": "300"}, {"price": "0.06", "size": "205.47"}, {"price": "0.11", "size": "200"}, {"price": "0.111", "size": "7"}, {"price": "0.95", "size": "74.12"}, {"price": "0.99", "size": "1253"}, {"price": "0.991", "size": "2122"}], "asks": [{"price": "0.999", "size": "130"}], "event_type": "book", "last_trade_price": "0.991"}, {"market": "0xbb4577558e1f1f50cb5edaa5dcd0619dddcf646822c27fad96543c48e36cb2e9", "asset_id": "19660570219909360094002568131848238226383194691800537507496428394317967783966", "timestamp": "1769383212006", "hash": "05bd152af8f6b0dbd78fdaca39fbe407a8fbdc88", "bids": [{"price": "0.001", "size": "130"}], "asks": [{"price": "0.999", "size": "30"}, {"price": "0.99", "size": "100"}, {"price": "0.98", "size": "300"}, {"price": "0.94", "size": "205.47"}, {"price": "0.89", "size": "200"}, {"price": "0.889", "size": "7"}, {"price": "0.05", "size": "74.12"}, {"price": "0.01", "size": "1253"}, {"price": "0.009", "size": "2122"}], "event_type": "book", "last_trade_price": "0.991"}, {"market": "0xfd5d1e44fe50055152523251fcb5f2ea0793e261addae6185f98cf0d8545ad78", "asset_id": "81179479041651633423469557486408109229201331136250057776747337783214133138451", "timestamp": "1769384208006", "hash": "d7ac6a96374b3ed3e0a608de1f89306779b6a4a5", "bids": [{"price": "0.001", "size": "25.99"}], "asks": [{"price": "0.999", "size": "30"}, {"price": "0.99", "size": "100"}, {"price": "0.98", "size": "300"}, {"price": "0.95", "size": "30"}, {"price": "0.94", "size": "200"}, {"price": "0.89", "size": "200"}, {"price": "0.35", "size": "5.88"}, {"price": "0.349", "size": "5.47"}, {"price": "0.01", "size": "1347.53"}, {"price": "0.009", "size": "2010.88"}], "event_type": "book", "last_trade_price": "0.991"}, {"market": "0x40ecbb79a8df1957caf6e4c55dbc376fd43c6715355798d9ad73bcc9647c355e", "asset_id": "75382336721412280337938015155903126782047492045384795065402585841879641831769", "timestamp": "1769384267816", "hash": "2e7c6bf99f6617ce4072597681969d2c3addc032", "bids": [{"price": "0.001", "size": "100029"}, {"price": "0.002", "size": "55000"}, {"price": "0.008", "size": "155"}, {"price": "0.01", "size": "17250"}, {"price": "0.011", "size": "55710"}, {"price": "0.031", "size": "10300"}, {"price": "0.04", "size": "2000"}, {"price": "0.05", "size": "40"}, {"price": "0.08", "size": "155"}, {"price": "0.097", "size": "100"}, {"price": "0.099", "size": "100"}, {"price": "0.1", "size": "5700"}, {"price": "0.101", "size": "10000"}, {"price": "0.11", "size": "3000"}, {"price": "0.111", "size": "2840"}, {"price": "0.47", "size": "100"}, {"price": "0.49", "size": "100"}, {"price": "0.497", "size": "100"}, {"price": "0.499", "size": "500"}, {"price": "0.5", "size": "440"}, {"price": "0.75", "size": "60"}, {"price": "0.751", "size": "53"}, {"price": "0.77", "size": "180"}, {"price": "0.771", "size": "10.67"}, {"price": "0.99", "size": "1305.39"}, {"price": "0.991", "size": "644"}, {"price": "0.999", "size": "1681.34"}], "asks": [], "event_type": "book", "last_trade_price": "0.999"}, {"market": "0xfd5d1e44fe50055152523251fcb5f2ea0793e261addae6185f98cf0d8545ad78", "asset_id": "66918033862989631049358016682221561883356807680795435816911666691582783603559", "timestamp": "1769384208006", "hash": "15ad8e613e43850575155d44be4e4c930063b0e5", "bids": [{"price": "0.001", "size": "30"}, {"price": "0.01", "size": "100"}, {"price": "0.02", "size": "300"}, {"price": "0.05", "size": "30"}, {"price": "0.06", "size": "200"}, {"price": "0.11", "size": "200"}, {"price": "0.65", "size": "5.88"}, {"price": "0.651", "size": "5.47"}, {"price": "0.99", "size": "1347.53"}, {"price": "0.991", "size": "2010.88"}], "asks": [{"price": "0.999", "size": "25.99"}], "event_type": "book", "last_trade_price": "0.991"}]}
