{"_local_timestamp": "2026-01-25T23:41:22.382826+00:00", "data": [{"market": "0xebcb8853556f260801fecce97a9341de7030e8461f7617f2e5e655e9f2b37bf3", "asset_id": "34747737756830124018043307666354448993298848007905270185614051775888813454701", "timestamp": "1769384482149", "hash": "79388dd808b3f544b11ba7294a5ffb824346f69a", "bids": [{"price": "0.01", "size": "450"}, {"price": "0.02", "size": "392"}], "asks": [{"price": "0.99", "size": "467.08"}, {"price": "0.98", "size": "160.48"}, {"price": "0.97", "size": "206.65"}, {"price": "0.96", "size": "10.5"}, {"price": "0.95", "size": "5.47"}], "event_type": "book", "last_trade_price": ""}, {"market": "0xbea934ae6b3c56060680a1a5f97e16dbd583a384ab08839607f993246c669905", "asset_id": "79137008042184071843381633742238994360939813306862997067111788505684934249394", "timestamp": "1769383071553", "hash": "2b33a29cad2f161ca3d1b0d099933767654db50d", "bids": [{"price": "0.01", "size": "463.45"}, {"price": "0.02", "size": "162.49"}, {"price": "0.03", "size": "148"}, {"price": "0.04", "size": "15.39"}, {"price": "0.05", "size": "5.47"}, {"price": "0.08", "size": "20"}], "asks": [{"price": "0.99", "size": "450"}, {"price": "0.98", "size": "392"}], "event_type": "book", "last_trade_price": ""}, {"market": "0xe268a19bc8adfe8be97d93da0a6145c3a6764ca6de688ae49a0bf1fbba6d50d2", "asset_id": "46051572779155451387225442664893404684094025490560120466272942705058814796518", "timestamp": "1769384325198", "hash": "25019d110e9720d3c520b05e3d6c27e870c72b52", "bids": [{"price": "0.01", "size": "614.79"}, {"price": "0.02", "size": "157.03"}, {"price": "0.03", "size": "12.74"}, {"price": "0.04", "size": "12"}, {"price": "0.05", "size": "121"}, {"price": "0.06", "size": "43.95"}], "asks": [{"price": "0.99", "size": "614.79"}, {"price": "0.98", "size": "238.72"}, {"price": "0.97", "size": "123"}, {"price": "0.96", "size": "18.21"}, {"price": "0.95", "size": "40"}, {"price": "0.94", "size": "38.48"}], "event_type": "book", "last_trade_price": ""}, {"market": "0xe22e7ebc61c72168d9ec80cf5ef8e5f34879585b4b0ab15cafefa0999bb840f4", "asset_id": "37318039286864365279110122482470764496380359304825299210551215429291063023386", "timestamp": "1769384482151", "hash": "ceeb0c62d0253b42272179d7d52925377f41d864", "bids": [{"price": "0.01", "size": "450"}, {"price": "0.02", "size": "392"}], "asks": [{"price": "0.99", "size": "467.08"}, {"price": "0.98", "size": "160.48"}, {"price": "0.97", "size": "203.65"}, {"price": "0.96", "size": "10.5"}, {"price": "0.95", "size": "5.47"}], "event_type": "book", "last_trade_price": ""}, {"market": "0x88e6001d01fbfad10e47540433c30dfe55d69ca2ba9af23c608f2fb1d91799d1", "asset_id": "61757714521430565771158595414199573708277911357684468293817234746956327718434", "timestamp": "1769384481978", "hash": "8abc548a05f2841684f548190da97681b64dbd01", "bids": [{"price": "0.01", "size": "450"}, {"price": "0.02", "size": "392"}], "asks": [{"price": "0.99", "size": "467.08"}, {"price": "0.98", "size": "160.48"}, {"price": "0.97", "size": "203.65"}, {"price": "0.96", "size": "10.5"}, {"price": "0.95", "size": "5.47"}], "event_type": "book", "last_trade_price": ""}, {"market": "0x88e6001d01fbfad10e47540433c30dfe55d69ca2ba9af23c608f2fb1d91799d1", "asset_id": "34092814055358122699712530945193413136534867970249199627485751532750375745710", "timestamp": "1769384481978", "hash": "dce788d8a6614d092d2791782d9b5fd9840b1119", "bids": [{"price": "0.01", "size": "467.08"}, {"price": "0.02", "size": "160.48"}, {"price": "0.03", "size": "203.65"}, {"price": "0.04", "size": "10.5"}, {"price": "0.05", "size": "5.47"}], "asks": [{"price": "0.99", "size": "450"}, {"price": "0.98", "size": "392"}], "event_type": "book", "last_trade_price": ""}, {"market": "0xbea934ae6b3c56060680a1a5f97e16dbd583a384ab08839607f993246c669905", "asset_id": "67546582701922784462320381464346575145166863535262168396074117667529267537212", "timestamp": "1769383071553", "hash": "7348ac533f2329e2cbcb56a7da4271a46e9b4f1f", "bids": [{"price": "0.01", "size": "450"}, {"price": "0.02", "size": "392"}], "asks": [{"price": "0.99", "size": "463.45"}, {"price": "0.98", "size": "162.49"}, {"price": "0.97", "size": "148"}, {"price": "0.96", "size": "15.39"}, {"price": "0.95", "size": "5.47"}, {"price": "0.92", "size": "20"}], "event_type": "book", "last_trade_price": ""}, {"market": "0xebcb8853556f260801fecce97a9341de7030e8461f7617f2e5e655e9f2b37bf3", "asset_id": "49069961763327783589102118305807477538480827227070438811729084976590242877449", "timestamp": "1769384482149", "hash": "eee73f2cc5a8e4f5b5262040863e444ba669cf62", "bids": [{"price": "0.01", "size": "467.08"}, {"price": "0.02", "size": "160.48"}, {"price": "0.03", "size": "206.65"}, {"price": "0.04", "size": "10.5"}, {"price": "0.05", "size": "5.47"}], "asks": [{"price": "0.99", "size": "450"}, {"price": "0.98", "size": "392"}], "event_type": "book", "last_trade_price": ""}, {"market": "0xe268a19bc8adfe8be97d93da0a6145c3a6764ca6de688ae49a0bf1fbba6d50d2", "asset_id": "114312648321958891030133677439612495253738441243052778931946291823515214767214", "timestamp": "1769384325198", "hash": "8ef70858ebb16cd75be52a11704485a9fa6b0f05", "bids": [{"price": "0.01", "size": "614.79"}, {"price": "0.02", "size": "238.72"}, {"price": "0.03", "size": "123"}, {"price": "0.04", "size": "18.21"}, {"price": "0.05", "size": "40"}, {"price": "0.06", "size": "38.48"}], "asks": [{"price": "0.99", "size": "614.79"}, {"price": "0.98", "size": "157.03"}, {"price": "0.97", "size": "12.74"}, {"price": "0.96", "size": "12"}, {"price": "0.95", "size": "121"}, {"price": "0.94", "size": "43.95"}], "event_type": "book", "last_trade_price": ""}, {"market": "0xe22e7ebc61c72168d9ec80cf5ef8e5f34879585b4b0ab15cafefa0999bb840f4", "asset_id": "49419542859905433566010896905408273371907890845595132509392602374700675748631", "timestamp": "1769384482151", "hash": "61e0f5dbb0ac2075ecabe78ee019de0d79066f3f", "bids": [{"price": "0.01", "size": "467.08"}, {"price": "0.02", "size": "160.48"}, {"price": "0.03", "size": "203.65"}, {"price": "0.04", "size": "10.5"}, {"price": "0.05", "size": "5.47"}], "asks": [{"price": "0.99", "size": "450"}, {"price": "0.98", "size": "392"}], "event_type": "book", "last_trade_price": ""}]}
