{"_local_timestamp": "2026-01-25T23:34:13.500620+00:00", "data": [{"market": "0x205fc053a0ca6845cda43ea988bde3672fcceabd35cb1c8ba926552da1b67ef2", "asset_id": "92308640779567576297457425227437991806937232777444761363145188222328048131108", "timestamp": "1769382630042", "hash": "e10275d7e69be76a133e8bdba6193dae71a18dc6", "bids": [{"price": "0.01", "size": "620"}, {"price": "0.02", "size": "161.27"}, {"price": "0.03", "size": "40.25"}, {"price": "0.04", "size": "637"}, {"price": "0.05", "size": "151.8"}, {"price": "0.06", "size": "33"}, {"price": "0.07", "size": "6.67"}, {"price": "0.08", "size": "14"}, {"price": "0.09", "size": "158"}, {"price": "0.1", "size": "5.49"}, {"price": "0.12", "size": "10"}], "asks": [{"price": "0.99", "size": "614.69"}, {"price": "0.98", "size": "1013.64"}, {"price": "0.97", "size": "66"}, {"price": "0.96", "size": "114.17"}, {"price": "0.94", "size": "52.17"}], "event_type": "book", "last_trade_price": ""}, {"market": "0x2bdc54613b3832ceea3a44481cd49331890f41b66155f21629905a7330f8051a", "asset_id": "89212203317949531974474426224859995154494705835696029641000922878198976149768", "timestamp": "1769383122718", "hash": "c8ce7f7386f9a3c30af9f17cdb22aaaa213622e6", "bids": [{"price": "0.01", "size": "471.28"}, {"price": "0.02", "size": "159.71"}, {"price": "0.03", "size": "477.76"}, {"price": "0.04", "size": "312"}, {"price": "0.05", "size": "476.32"}, {"price": "0.06", "size": "33"}, {"price": "0.07", "size": "6.2"}, {"price": "0.09", "size": "96"}, {"price": "0.1", "size": "39"}, {"price": "0.14", "size": "10"}], "asks": [{"price": "0.99", "size": "614.69"}, {"price": "0.98", "size": "938.64"}, {"price": "0.97", "size": "141"}, {"price": "0.96", "size": "6.17"}, {"price": "0.95", "size": "192"}, {"price": "0.94", "size": "11.56"}], "event_type": "book", "last_trade_price": ""}, {"market": "0xbce1225420e492e2fb3abb376923f8ed7a8c3b4b23355e8dc2d6f2404ae3fb19", "asset_id": "17445203689390990619754230746202871330634671267557721072028750027888552568715", "timestamp": "1769383352216", "hash": "470c05088e469492c9fcf0dfed0e837238ee01a9", "bids": [{"price": "0.01", "size": "621.57"}, {"price": "0.02", "size": "161.27"}, {"price": "0.03", "size": "38.85"}, {"price": "0.04", "size": "645.68"}, {"price": "0.05", "size": "145"}, {"price": "0.06", "size": "40.94"}, {"price": "0.08", "size": "163"}, {"price": "0.09", "size": "6.22"}, {"price": "0.1", "size": "39"}, {"price": "0.12", "size": "10"}], "asks": [{"price": "0.99", "size": "614.69"}, {"price": "0.98", "size": "938.64"}, {"price": "0.97", "size": "141"}, {"price": "0.96", "size": "6.17"}, {"price": "0.95", "size": "192"}, {"price": "0.94", "size": "11.56"}], "event_type": "book", "last_trade_price": ""}, {"market": "0x2bdc54613b3832ceea3a44481cd49331890f41b66155f21629905a7330f8051a", "asset_id": "11102839547294195876804312940404956577319500491605264896052641074842328100704", "timestamp": "1769383122718", "hash": "b2ed9f5416b4ec983fc96aa83712a10495096c8b", "bids": [{"price": "0.01", "size": "614.69"}, {"price": "0.02", "size": "938.64"}, {"price": "0.03", "size": "141"}, {"price": "0.04", "size": "6.17"}, {"price": "0.05", "size": "192"}, {"price": "0.06", "size": "11.56"}], "asks": [{"price": "0.99", "size": "471.28"}, {"price": "0.98", "size": "159.71"}, {"price": "0.97", "size": "477.76"}, {"price": "0.96", "size": "312"}, {"price": "0.95", "size": "476.32"}, {"price": "0.94", "size": "33"}, {"price": "0.93", "size": "6.2"}, {"price": "0.91", "size": "96"}, {"price": "0.9", "size": "39"}, {"price": "0.86", "size": "10"}], "event_type": "book", "last_trade_price": ""}, {"market": "0x205fc053a0ca6845cda43ea988bde3672fcceabd35cb1c8ba926552da1b67ef2", "asset_id": "37989267476528593315717186487295188755052350334830798513964083359253171582002", "timestamp": "1769382630042", "hash": "454397655b6a01795c72f69fb5d1b8ffec94f53d", "bids": [{"price": "0.01", "size": "614.69"}, {"price": "0.02", "size": "1013.64"}, {"price": "0.03", "size": "66"}, {"price": "0.04", "size": "114.17"}, {"price": "0.06", "size": "52.17"}], "asks": [{"price": "0.99", "size": "620"}, {"price": "0.98", "size": "161.27"}, {"price": "0.97", "size": "40.25"}, {"price": "0.96", "size": "637"}, {"price": "0.95", "size": "151.8"}, {"price": "0.94", "size": "33"}, {"price": "0.93", "size": "6.67"}, {"price": "0.92", "size": "14"}, {"price": "0.91", "size": "158"}, {"price": "0.9", "size": "5.49"}, {"price": "0.88", "size": "10"}], "event_type": "book", "last_trade_price": ""}, {"market": "0xbce1225420e492e2fb3abb376923f8ed7a8c3b4b23355e8dc2d6f2404ae3fb19", "asset_id": "19962407961103965563921906257197531887265190859846226911573937051239772014779", "timestamp": "1769383352216", "hash": "247abfbd8873c4a244a153f05f86f90f96a86438", "bids": [{"price": "0.01", "size": "614.69"}, {"price": "0.02", "size": "938.64"}, {"price": "0.03", "size": "141"}, {"price": "0.04", "size": "6.17"}, {"price": "0.05", "size": "192"}, {"price": "0.06", "size": "11.56"}], "asks": [{"price": "0.99", "size": "621.57"}, {"price": "0.98", "size": "161.27"}, {"price": "0.97", "size": "38.85"}, {"price": "0.96", "size": "645.68"}, {"price": "0.95", "size": "145"}, {"price": "0.94", "size": "40.94"}, {"price": "0.92", "size": "163"}, {"price": "0.91", "size": "6.22"}, {"price": "0.9", "size": "39"}, {"price": "0.88", "size": "10"}], "event_type": "book", "last_trade_price": ""}]}
{"_local_timestamp": "2026-01-25T23:34:27.259799+00:00", "data": {"market": "0x2bdc54613b3832ceea3a44481cd49331890f41b66155f21629905a7330f8051a", "price_changes": [{"asset_id": "89212203317949531974474426224859995154494705835696029641000922878198976149768", "price": "0.01", "size": "400", "side": "BUY", "hash": "9db2cf98d3b66c759a60d72a14241b5ad06017ab", "best_bid": "0.14", "best_ask": "0.94"}, {"asset_id": "11102839547294195876804312940404956577319500491605264896052641074842328100704", "price": "0.99", "size": "400", "side": "SELL", "hash": "24356dba12d54394b540dae5ff86d6cacc322aa4", "best_bid": "0.06", "best_ask": "0.86"}], "timestamp": "1769384067192", "event_type": "price_change"}}
{"_local_timestamp": "2026-01-25T23:34:28.668190+00:00", "data": {"market": "0x2bdc54613b3832ceea3a44481cd49331890f41b66155f21629905a7330f8051a", "price_changes": [{"asset_id": "89212203317949531974474426224859995154494705835696029641000922878198976149768", "price": "0.01", "size": "471.28", "side": "BUY", "hash": "865ce27d513ea98f4ed09a85dc56e7f10d9fe793", "best_bid": "0.14", "best_ask": "0.94"}, {"asset_id": "11102839547294195876804312940404956577319500491605264896052641074842328100704", "price": "0.99", "size": "471.28", "side": "SELL", "hash": "e99c0faa926eebcc0c163d54ae253b57f74e6e98", "best_bid": "0.06", "best_ask": "0.86"}], "timestamp": "1769384068265", "event_type": "price_change"}}
