{"_local_timestamp": "2026-01-25T23:34:13.631773+00:00", "data": [{"market": "0xda6eed9d33266ae7fb5c42032928c914a938d57501b4cedb24b10cd518c6fae1", "asset_id": "8071470681223189798285523130690379774742086543352874812576849951864931710529", "timestamp": "1769382720240", "hash": "5717a487d66691f433b3fdfb6d997b492449fd63", "bids": [{"price": "0.01", "size": "614.69"}, {"price": "0.02", "size": "856.99"}, {"price": "0.03", "size": "12.66"}, {"price": "0.05", "size": "189"}, {"price": "0.06", "size": "51.07"}], "asks": [{"price": "0.99", "size": "219.29"}, {"price": "0.98", "size": "159.71"}, {"price": "0.97", "size": "628.42"}, {"price": "0.96", "size": "500"}, {"price": "0.95", "size": "306.32"}, {"price": "0.94", "size": "33"}, {"price": "0.93", "size": "6.2"}, {"price": "0.91", "size": "102"}, {"price": "0.9", "size": "5.1"}, {"price": "0.89", "size": "39"}, {"price": "0.86", "size": "10"}], "event_type": "book", "last_trade_price": ""}, {"market": "0xde10059cb713bfa49e7803dee17f75471249da4a14619015d845124a2e95b4c1", "asset_id": "50142026429393601527326081549874115176013061406104292831433060263185556540118", "timestamp": "1769383114886", "hash": "383d0033ace903106ce5a1df06cdb878ef1ad088", "bids": [{"price": "0.01", "size": "226.97"}, {"price": "0.02", "size": "159.71"}, {"price": "0.03", "size": "628.94"}, {"price": "0.04", "size": "300"}, {"price": "0.05", "size": "431.85"}, {"price": "0.06", "size": "108"}, {"price": "0.09", "size": "158"}, {"price": "0.1", "size": "79"}, {"price": "0.14", "size": "10"}], "asks": [{"price": "0.99", "size": "614.69"}, {"price": "0.98", "size": "663.64"}, {"price": "0.97", "size": "200"}, {"price": "0.96", "size": "90.17"}, {"price": "0.95", "size": "40"}, {"price": "0.94", "size": "55.07"}], "event_type": "book", "last_trade_price": ""}, {"market": "0xce86db03b9e15fccc051a6b40196fffc279701e737b1cc4df6d8de5680665c9c", "asset_id": "46046406017311749623808429529773406908877311867191692003958668244105699361392", "timestamp": "1769383112971", "hash": "3e0ffbf0c2ef62fa18da7ed00f22ee9d3400c440", "bids": [{"price": "0.01", "size": "224.72"}, {"price": "0.02", "size": "159.74"}, {"price": "0.03", "size": "629.35"}, {"price": "0.04", "size": "300"}, {"price": "0.05", "size": "433.41"}, {"price": "0.06", "size": "108"}, {"price": "0.07", "size": "10.8"}, {"price": "0.09", "size": "79"}, {"price": "0.1", "size": "79"}, {"price": "0.14", "size": "10"}], "asks": [{"price": "0.99", "size": "614.69"}, {"price": "0.98", "size": "663.64"}, {"price": "0.97", "size": "200"}, {"price": "0.96", "size": "80.17"}, {"price": "0.95", "size": "191"}, {"price": "0.94", "size": "51.07"}], "event_type": "book", "last_trade_price": ""}, {"market": "0xda6eed9d33266ae7fb5c42032928c914a938d57501b4cedb24b10cd518c6fae1", "asset_id": "49753500997268952336283853596508270111220064651967863023724643084786692626374", "timestamp": "1769382720240", "hash": "7b37ac1cb47becec9d4acbbfd84fb565739b8b9b", "bids": [{"price": "0.01", "size": "219.29"}, {"price": "0.02", "size": "159.71"}, {"price": "0.03", "size": "628.42"}, {"price": "0.04", "size": "500"}, {"price": "0.05", "size": "306.32"}, {"price": "0.06", "size": "33"}, {"price": "0.07", "size": "6.2"}, {"price": "0.09", "size": "102"}, {"price": "0.1", "size": "5.1"}, {"price": "0.11", "size": "39"}, {"price": "0.14", "size": "10"}], "asks": [{"price": "0.99", "size": "614.69"}, {"price": "0.98", "size": "856.99"}, {"price": "0.97", "size": "12.66"}, {"price": "0.95", "size": "189"}, {"price": "0.94", "size": "51.07"}], "event_type": "book", "last_trade_price": ""}, {"market": "0xde10059cb713bfa49e7803dee17f75471249da4a14619015d845124a2e95b4c1", "asset_id": "1144137418736841844339046792804600057692326513196413211827808947991986332593", "timestamp": "1769383114886", "hash": "7f87a223d1d40703eae640a6f56a0c7cd3ad8425", "bids": [{"price": "0.01", "size": "614.69"}, {"price": "0.02", "size": "663.64"}, {"price": "0.03", "size": "200"}, {"price": "0.04", "size": "90.17"}, {"price": "0.05", "size": "40"}, {"price": "0.06", "size": "55.07"}], "asks": [{"price": "0.99", "size": "226.97"}, {"price": "0.98", "size": "159.71"}, {"price": "0.97", "size": "628.94"}, {"price": "0.96", "size": "300"}, {"price": "0.95", "size": "431.85"}, {"price": "0.94", "size": "108"}, {"price": "0.91", "size": "158"}, {"price": "0.9", "size": "79"}, {"price": "0.86", "size": "10"}], "event_type": "book", "last_trade_price": ""}, {"market": "0xce86db03b9e15fccc051a6b40196fffc279701e737b1cc4df6d8de5680665c9c", "asset_id": "69309408983451799408107548617116866468741177606863257773177953489291100543445", "timestamp": "1769383112971", "hash": "d784aaaa4d3855e0ee608e2cd0c0e4b2e1e0b469", "bids": [{"price": "0.01", "size": "614.69"}, {"price": "0.02", "size": "663.64"}, {"price": "0.03", "size": "200"}, {"price": "0.04", "size": "80.17"}, {"price": "0.05", "size": "191"}, {"price": "0.06", "size": "51.07"}], "asks": [{"price": "0.99", "size": "224.72"}, {"price": "0.98", "size": "159.74"}, {"price": "0.97", "size": "629.35"}, {"price": "0.96", "size": "300"}, {"price": "0.95", "size": "433.41"}, {"price": "0.94", "size": "108"}, {"price": "0.93", "size": "10.8"}, {"price": "0.91", "size": "79"}, {"price": "0.9", "size": "79"}, {"price": "0.86", "size": "10"}], "event_type": "book", "last_trade_price": ""}]}
{"_local_timestamp": "2026-01-25T23:34:38.968243+00:00", "data": {"market": "0xde10059cb713bfa49e7803dee17f75471249da4a14619015d845124a2e95b4c1", "price_changes": [{"asset_id": "50142026429393601527326081549874115176013061406104292831433060263185556540118", "price": "0.01", "size": "200", "side": "BUY", "hash": "98470b1609ba5988a1fc2e091bd2177874a2cb94", "best_bid": "0.14", "best_ask": "0.94"}, {"asset_id": "1144137418736841844339046792804600057692326513196413211827808947991986332593", "price": "0.99", "size": "200", "side": "SELL", "hash": "56a8151b12874490d4e6caa425e89ee05645959b", "best_bid": "0.06", "best_ask": "0.86"}], "timestamp": "1769384078901", "event_type": "price_change"}}
{"_local_timestamp": "2026-01-25T23:34:38.970029+00:00", "data": {"market": "0xce86db03b9e15fccc051a6b40196fffc279701e737b1cc4df6d8de5680665c9c", "price_changes": [{"asset_id": "46046406017311749623808429529773406908877311867191692003958668244105699361392", "price": "0.01", "size": "200", "side": "BUY", "hash": "1995577fd2d593b7713067e3a477e3210faf5cc9", "best_bid": "0.14", "best_ask": "0.94"}, {"asset_id": "69309408983451799408107548617116866468741177606863257773177953489291100543445", "price": "0.99", "size": "200", "side": "SELL", "hash": "368d3e8db392117567c9a03605c6a3dd2c08b49d", "best_bid": "0.06", "best_ask": "0.86"}], "timestamp": "1769384078901", "event_type": "price_change"}}
{"_local_timestamp": "2026-01-25T23:34:38.970315+00:00", "data": {"market": "0xde10059cb713bfa49e7803dee17f75471249da4a14619015d845124a2e95b4c1", "price_changes": [{"asset_id": "50142026429393601527326081549874115176013061406104292831433060263185556540118", "price": "0.07", "size": "0", "side": "BUY", "hash": "98470b1609ba5988a1fc2e091bd2177874a2cb94", "best_bid": "0.14", "best_ask": "0.94"}, {"asset_id": "1144137418736841844339046792804600057692326513196413211827808947991986332593", "price": "0.93", "size": "0", "side": "SELL", "hash": "56a8151b12874490d4e6caa425e89ee05645959b", "best_bid": "0.06", "best_ask": "0.86"}], "timestamp": "1769384078901", "event_type": "price_change"}}
{"_local_timestamp": "2026-01-25T23:34:38.979837+00:00", "data": {"market": "0xce86db03b9e15fccc051a6b40196fffc279701e737b1cc4df6d8de5680665c9c", "price_changes": [{"asset_id": "46046406017311749623808429529773406908877311867191692003958668244105699361392", "price": "0.05", "size": "425", "side": "BUY", "hash": "1995577fd2d593b7713067e3a477e3210faf5cc9", "best_bid": "0.14", "best_ask": "0.94"}, {"asset_id": "69309408983451799408107548617116866468741177606863257773177953489291100543445", "price": "0.95", "size": "425", "side": "SELL", "hash": "368d3e8db392117567c9a03605c6a3dd2c08b49d", "best_bid": "0.06", "best_ask": "0.86"}], "timestamp": "1769384078901", "event_type": "price_change"}}
{"_local_timestamp": "2026-01-25T23:34:38.981191+00:00", "data": {"market": "0xce86db03b9e15fccc051a6b40196fffc279701e737b1cc4df6d8de5680665c9c", "price_changes": [{"asset_id": "46046406017311749623808429529773406908877311867191692003958668244105699361392", "price": "0.07", "size": "0", "side": "BUY", "hash": "1995577fd2d593b7713067e3a477e3210faf5cc9", "best_bid": "0.14", "best_ask": "0.94"}, {"asset_id": "69309408983451799408107548617116866468741177606863257773177953489291100543445", "price": "0.93", "size": "0", "side": "SELL", "hash": "368d3e8db392117567c9a03605c6a3dd2c08b49d", "best_bid": "0.06", "best_ask": "0.86"}], "timestamp": "1769384078901", "event_type": "price_change"}}
{"_local_timestamp": "2026-01-25T23:34:40.626690+00:00", "data": {"market": "0xde10059cb713bfa49e7803dee17f75471249da4a14619015d845124a2e95b4c1", "price_changes": [{"asset_id": "50142026429393601527326081549874115176013061406104292831433060263185556540118", "price": "0.07", "size": "11.78", "side": "BUY", "hash": "e6681ee6fd7ea79c814605fe751d21048fe6b17f", "best_bid": "0.14", "best_ask": "0.94"}, {"asset_id": "1144137418736841844339046792804600057692326513196413211827808947991986332593", "price": "0.93", "size": "11.78", "side": "SELL", "hash": "3dc73083a44b4fa858579807df38b8c8ae7c3822", "best_bid": "0.06", "best_ask": "0.86"}], "timestamp": "1769384080474", "event_type": "price_change"}}
{"_local_timestamp": "2026-01-25T23:34:40.628325+00:00", "data": {"market": "0xce86db03b9e15fccc051a6b40196fffc279701e737b1cc4df6d8de5680665c9c", "price_changes": [{"asset_id": "46046406017311749623808429529773406908877311867191692003958668244105699361392", "price": "0.01", "size": "224.72", "side": "BUY", "hash": "301a9bdd554654a90f384f0b7129fd9834d3f959", "best_bid": "0.14", "best_ask": "0.94"}, {"asset_id": "69309408983451799408107548617116866468741177606863257773177953489291100543445", "price": "0.99", "size": "224.72", "side": "SELL", "hash": "2effae1e8136d10f8fe939411f36160b34520a09", "best_bid": "0.06", "best_ask": "0.86"}], "timestamp": "1769384080475", "event_type": "price_change"}}
{"_local_timestamp": "2026-01-25T23:34:40.653298+00:00", "data": {"market": "0xde10059cb713bfa49e7803dee17f75471249da4a14619015d845124a2e95b4c1", "price_changes": [{"asset_id": "50142026429393601527326081549874115176013061406104292831433060263185556540118", "price": "0.01", "size": "226.97", "side": "BUY", "hash": "0d56b9b1f068ed7f5c99d84c41d6e9dfa2cb9202", "best_bid": "0.14", "best_ask": "0.94"}, {"asset_id": "1144137418736841844339046792804600057692326513196413211827808947991986332593", "price": "0.99", "size": "226.97", "side": "SELL", "hash": "2184ae7858a9934386c81605c0c4428d2710a48d", "best_bid": "0.06", "best_ask": "0.86"}], "timestamp": "1769384080476", "event_type": "price_change"}}
{"_local_timestamp": "2026-01-25T23:34:40.683084+00:00", "data": {"market": "0xce86db03b9e15fccc051a6b40196fffc279701e737b1cc4df6d8de5680665c9c", "price_changes": [{"asset_id": "46046406017311749623808429529773406908877311867191692003958668244105699361392", "price": "0.05", "size": "433.41", "side": "BUY", "hash": "106fbf6ab4bea57d48cb10cd1801fab6b76d9002", "best_bid": "0.14", "best_ask": "0.94"}, {"asset_id": "69309408983451799408107548617116866468741177606863257773177953489291100543445", "price": "0.95", "size": "433.41", "side": "SELL", "hash": "8d3d159359c09e8362cc101a08c76f0cf7b6af6b", "best_bid": "0.06", "best_ask": "0.86"}], "timestamp": "1769384080479", "event_type": "price_change"}}
{"_local_timestamp": "2026-01-25T23:34:40.684037+00:00", "data": {"market": "0xce86db03b9e15fccc051a6b40196fffc279701e737b1cc4df6d8de5680665c9c", "price_changes": [{"asset_id": "46046406017311749623808429529773406908877311867191692003958668244105699361392", "price": "0.07", "size": "10.8", "side": "BUY", "hash": "7f4df036d8f0ff38bdb4a066b4c6607fe6e29d79", "best_bid": "0.14", "best_ask": "0.94"}, {"asset_id": "69309408983451799408107548617116866468741177606863257773177953489291100543445", "price": "0.93", "size": "10.8", "side": "SELL", "hash": "d60969a5c2c0431de44115fe9ce3c95ca6418182", "best_bid": "0.06", "best_ask": "0.86"}], "timestamp": "1769384080481", "event_type": "price_change"}}
{"_local_timestamp": "2026-01-25T23:35:43.068200+00:00", "data": {"market": "0xce86db03b9e15fccc051a6b40196fffc279701e737b1cc4df6d8de5680665c9c", "price_changes": [{"asset_id": "46046406017311749623808429529773406908877311867191692003958668244105699361392", "price": "0.02", "size": "9.74", "side": "BUY", "hash": "ecc450b0d444c8d4c4c934d5f25549c967585742", "best_bid": "0.14", "best_ask": "0.94"}, {"asset_id": "69309408983451799408107548617116866468741177606863257773177953489291100543445", "price": "0.98", "size": "9.74", "side": "SELL", "hash": "1ccaed6734469a314ef9f3fbd899cfe6311b4762", "best_bid": "0.06", "best_ask": "0.86"}], "timestamp": "1769384143001", "event_type": "price_change"}}
