{"_local_timestamp": "2026-01-25T23:34:14.736630+00:00", "data": [{"market": "0x9d8f6fc4742d688123dcddb00afefba965b2f4b6e4313a65d744ce15ee799cba", "asset_id": "53811983641480096303251609508037879227991142112550333421047484275960048617404", "timestamp": "1769383470133", "hash": "7a56f3c5cdf1d152e1d5524f0c90a86d36a391bd", "bids": [{"price": "0.01", "size": "618.18"}, {"price": "0.02", "size": "173.31"}, {"price": "0.03", "size": "350.37"}, {"price": "0.04", "size": "400"}, {"price": "0.05", "size": "87.01"}, {"price": "0.06", "size": "33"}, {"price": "0.07", "size": "44.86"}, {"price": "0.1", "size": "158"}, {"price": "0.13", "size": "10"}], "asks": [{"price": "0.99", "size": "600"}, {"price": "0.98", "size": "775"}, {"price": "0.97", "size": "108"}, {"price": "0.95", "size": "108"}, {"price": "0.94", "size": "51.07"}], "event_type": "book", "last_trade_price": ""}, {"market": "0x9d4e6234d4703793ad6fae9284b10083179a51ab35493592e17da4af1d77e978", "asset_id": "8907820251554424444501719230371660282941833347820768389938768821610955255435", "timestamp": "1769382484888", "hash": "b671206561613a3e724f59ec982037960aa21e96", "bids": [{"price": "0.01", "size": "618.34"}, {"price": "0.02", "size": "174.99"}, {"price": "0.03", "size": "674.65"}, {"price": "0.04", "size": "75"}, {"price": "0.05", "size": "86.89"}, {"price": "0.06", "size": "33"}, {"price": "0.07", "size": "44.75"}, {"price": "0.1", "size": "158"}, {"price": "0.13", "size": "10"}], "asks": [{"price": "0.99", "size": "600"}, {"price": "0.98", "size": "775"}, {"price": "0.97", "size": "108"}, {"price": "0.95", "size": "108"}, {"price": "0.94", "size": "47.31"}], "event_type": "book", "last_trade_price": ""}, {"market": "0x9d4e6234d4703793ad6fae9284b10083179a51ab35493592e17da4af1d77e978", "asset_id": "103109204864367565529973494282878721375334726438520553863245239615883242276693", "timestamp": "1769382484888", "hash": "fb3b72406d02d1c41f1572f8051a458904954353", "bids": [{"price": "0.01", "size": "600"}, {"price": "0.02", "size": "775"}, {"price": "0.03", "size": "108"}, {"price": "0.05", "size": "108"}, {"price": "0.06", "size": "47.31"}], "asks": [{"price": "0.99", "size": "618.34"}, {"price": "0.98", "size": "174.99"}, {"price": "0.97", "size": "674.65"}, {"price": "0.96", "size": "75"}, {"price": "0.95", "size": "86.89"}, {"price": "0.94", "size": "33"}, {"price": "0.93", "size": "44.75"}, {"price": "0.9", "size": "158"}, {"price": "0.87", "size": "10"}], "event_type": "book", "last_trade_price": ""}, {"market": "0xdf13412ed5ef96b06a0063c1f0c29311194cb01736bc1119ebd964fbe8a0c84f", "asset_id": "113284562976206578559670247052509961396177901765473161832353969271718118579868", "timestamp": "1769382484885", "hash": "7ccd71667ea0b1ae2189378234d6786a78d5c28d", "bids": [{"price": "0.01", "size": "600"}, {"price": "0.02", "size": "775"}, {"price": "0.03", "size": "108"}, {"price": "0.05", "size": "115.59"}, {"price": "0.06", "size": "48.77"}], "asks": [{"price": "0.99", "size": "617.93"}, {"price": "0.98", "size": "175.05"}, {"price": "0.97", "size": "349.67"}, {"price": "0.96", "size": "400"}, {"price": "0.95", "size": "86.91"}, {"price": "0.94", "size": "33"}, {"price": "0.93", "size": "42.77"}, {"price": "0.9", "size": "158"}, {"price": "0.87", "size": "10"}], "event_type": "book", "last_trade_price": ""}, {"market": "0xdf13412ed5ef96b06a0063c1f0c29311194cb01736bc1119ebd964fbe8a0c84f", "asset_id": "83091823349614598303113450016987811198732296119766877280666537669341809927298", "timestamp": "1769382484885", "hash": "59dd4da4a5cd8b06ea092f4f66acb01e63049742", "bids": [{"price": "0.01", "size": "617.93"}, {"price": "0.02", "size": "175.05"}, {"price": "0.03", "size": "349.67"}, {"price": "0.04", "size": "400"}, {"price": "0.05", "size": "86.91"}, {"price": "0.06", "size": "33"}, {"price": "0.07", "size": "42.77"}, {"price": "0.1", "size": "158"}, {"price": "0.13", "size": "10"}], "asks": [{"price": "0.99", "size": "600"}, {"price": "0.98", "size": "775"}, {"price": "0.97", "size": "108"}, {"price": "0.95", "size": "115.59"}, {"price": "0.94", "size": "48.77"}], "event_type": "book", "last_trade_price": ""}, {"market": "0x9d8f6fc4742d688123dcddb00afefba965b2f4b6e4313a65d744ce15ee799cba", "asset_id": "1654365161528069000806674811812716618766010267430658485583833196707498103301", "timestamp": "1769383470133", "hash": "0d854dd4a36b6bb221745e17a9f8cb6cf1c9de12", "bids": [{"price": "0.01", "size": "600"}, {"price": "0.02", "size": "775"}, {"price": "0.03", "size": "108"}, {"price": "0.05", "size": "108"}, {"price": "0.06", "size": "51.07"}], "asks": [{"price": "0.99", "size": "618.18"}, {"price": "0.98", "size": "173.31"}, {"price": "0.97", "size": "350.37"}, {"price": "0.96", "size": "400"}, {"price": "0.95", "size": "87.01"}, {"price": "0.94", "size": "33"}, {"price": "0.93", "size": "44.86"}, {"price": "0.9", "size": "158"}, {"price": "0.87", "size": "10"}], "event_type": "book", "last_trade_price": ""}]}
{"_local_timestamp": "2026-01-25T23:34:19.871532+00:00", "data": {"market": "0x9d8f6fc4742d688123dcddb00afefba965b2f4b6e4313a65d744ce15ee799cba", "price_changes": [{"asset_id": "53811983641480096303251609508037879227991142112550333421047484275960048617404", "price": "0.02", "size": "150", "side": "BUY", "hash": "0a790f227c902c304c17713456eada47cb5179f4", "best_bid": "0.13", "best_ask": "0.94"}, {"asset_id": "1654365161528069000806674811812716618766010267430658485583833196707498103301", "price": "0.98", "size": "150", "side": "SELL", "hash": "cea9ac9a04e64c5135bb8b07d977c5d97282d6c0", "best_bid": "0.06", "best_ask": "0.87"}], "timestamp": "1769384059639", "event_type": "price_change"}}
{"_local_timestamp": "2026-01-25T23:34:19.873462+00:00", "data": {"market": "0x9d8f6fc4742d688123dcddb00afefba965b2f4b6e4313a65d744ce15ee799cba", "price_changes": [{"asset_id": "53811983641480096303251609508037879227991142112550333421047484275960048617404", "price": "0.03", "size": "339.52", "side": "BUY", "hash": "0a790f227c902c304c17713456eada47cb5179f4", "best_bid": "0.13", "best_ask": "0.94"}, {"asset_id": "1654365161528069000806674811812716618766010267430658485583833196707498103301", "price": "0.97", "size": "339.52", "side": "SELL", "hash": "cea9ac9a04e64c5135bb8b07d977c5d97282d6c0", "best_bid": "0.06", "best_ask": "0.87"}], "timestamp": "1769384059639", "event_type": "price_change"}}
{"_local_timestamp": "2026-01-25T23:34:20.920984+00:00", "data": {"market": "0x9d8f6fc4742d688123dcddb00afefba965b2f4b6e4313a65d744ce15ee799cba", "price_changes": [{"asset_id": "53811983641480096303251609508037879227991142112550333421047484275960048617404", "price": "0.02", "size": "173.31", "side": "BUY", "hash": "be378d7b621c25b258c4811aea93ea17d795ac98", "best_bid": "0.13", "best_ask": "0.94"}, {"asset_id": "1654365161528069000806674811812716618766010267430658485583833196707498103301", "price": "0.98", "size": "173.31", "side": "SELL", "hash": "85766357d24311eee979c77512e98d76f06efaea", "best_bid": "0.06", "best_ask": "0.87"}], "timestamp": "1769384060678", "event_type": "price_change"}}
{"_local_timestamp": "2026-01-25T23:34:20.922672+00:00", "data": {"market": "0x9d8f6fc4742d688123dcddb00afefba965b2f4b6e4313a65d744ce15ee799cba", "price_changes": [{"asset_id": "53811983641480096303251609508037879227991142112550333421047484275960048617404", "price": "0.03", "size": "350.37", "side": "BUY", "hash": "93a2e45a632b8f517766c5039f49167a1cf918e4", "best_bid": "0.13", "best_ask": "0.94"}, {"asset_id": "1654365161528069000806674811812716618766010267430658485583833196707498103301", "price": "0.97", "size": "350.37", "side": "SELL", "hash": "e5e36a1ad7678247a4c7c633de5cc31d82cede57", "best_bid": "0.06", "best_ask": "0.87"}], "timestamp": "1769384060680", "event_type": "price_change"}}
{"_local_timestamp": "2026-01-25T23:34:23.842548+00:00", "data": {"market": "0x9d4e6234d4703793ad6fae9284b10083179a51ab35493592e17da4af1d77e978", "price_changes": [{"asset_id": "8907820251554424444501719230371660282941833347820768389938768821610955255435", "price": "0.02", "size": "150", "side": "BUY", "hash": "09fe6660b95b2ecdc6b7da6e35a5f83153ad73e6", "best_bid": "0.13", "best_ask": "0.94"}, {"asset_id": "103109204864367565529973494282878721375334726438520553863245239615883242276693", "price": "0.98", "size": "150", "side": "SELL", "hash": "36a31a0d790a18766ac44a3ffec49551fbb72dad", "best_bid": "0.06", "best_ask": "0.87"}], "timestamp": "1769384063620", "event_type": "price_change"}}
{"_local_timestamp": "2026-01-25T23:34:23.846337+00:00", "data": {"market": "0x9d4e6234d4703793ad6fae9284b10083179a51ab35493592e17da4af1d77e978", "price_changes": [{"asset_id": "8907820251554424444501719230371660282941833347820768389938768821610955255435", "price": "0.03", "size": "665.25", "side": "BUY", "hash": "09fe6660b95b2ecdc6b7da6e35a5f83153ad73e6", "best_bid": "0.13", "best_ask": "0.94"}, {"asset_id": "103109204864367565529973494282878721375334726438520553863245239615883242276693", "price": "0.97", "size": "665.25", "side": "SELL", "hash": "36a31a0d790a18766ac44a3ffec49551fbb72dad", "best_bid": "0.06", "best_ask": "0.87"}], "timestamp": "1769384063620", "event_type": "price_change"}}
{"_local_timestamp": "2026-01-25T23:34:25.465004+00:00", "data": {"market": "0x9d4e6234d4703793ad6fae9284b10083179a51ab35493592e17da4af1d77e978", "price_changes": [{"asset_id": "8907820251554424444501719230371660282941833347820768389938768821610955255435", "price": "0.03", "size": "674.65", "side": "BUY", "hash": "46869c83e800865c2f1c383c86d4b8d323bea955", "best_bid": "0.13", "best_ask": "0.94"}, {"asset_id": "103109204864367565529973494282878721375334726438520553863245239615883242276693", "price": "0.97", "size": "674.65", "side": "SELL", "hash": "ded909aabdaf3090bcc74d1125b86ff3512476c8", "best_bid": "0.06", "best_ask": "0.87"}], "timestamp": "1769384065214", "event_type": "price_change"}}
{"_local_timestamp": "2026-01-25T23:34:25.466165+00:00", "data": {"market": "0x9d4e6234d4703793ad6fae9284b10083179a51ab35493592e17da4af1d77e978", "price_changes": [{"asset_id": "8907820251554424444501719230371660282941833347820768389938768821610955255435", "price": "0.02", "size": "174.99", "side": "BUY", "hash": "409abe1e58f107bf1c95f13c57c41861ffa3a7b9", "best_bid": "0.13", "best_ask": "0.94"}, {"asset_id": "103109204864367565529973494282878721375334726438520553863245239615883242276693", "price": "0.98", "size": "174.99", "side": "SELL", "hash": "03383f14f9986eccb551bcaccad856e8cfd2260e", "best_bid": "0.06", "best_ask": "0.87"}], "timestamp": "1769384065216", "event_type": "price_change"}}
{"_local_timestamp": "2026-01-25T23:34:29.716447+00:00", "data": {"market": "0xdf13412ed5ef96b06a0063c1f0c29311194cb01736bc1119ebd964fbe8a0c84f", "price_changes": [{"asset_id": "83091823349614598303113450016987811198732296119766877280666537669341809927298", "price": "0.02", "size": "150", "side": "BUY", "hash": "63fd360cbf1d7652a1c0866152999c922d0d2b9c", "best_bid": "0.13", "best_ask": "0.94"}, {"asset_id": "113284562976206578559670247052509961396177901765473161832353969271718118579868", "price": "0.98", "size": "150", "side": "SELL", "hash": "60167994ac196e5697123b710645db61cf7ab363", "best_bid": "0.06", "best_ask": "0.87"}], "timestamp": "1769384069482", "event_type": "price_change"}}
{"_local_timestamp": "2026-01-25T23:34:29.727510+00:00", "data": {"market": "0xdf13412ed5ef96b06a0063c1f0c29311194cb01736bc1119ebd964fbe8a0c84f", "price_changes": [{"asset_id": "83091823349614598303113450016987811198732296119766877280666537669341809927298", "price": "0.03", "size": "340.25", "side": "BUY", "hash": "63fd360cbf1d7652a1c0866152999c922d0d2b9c", "best_bid": "0.13", "best_ask": "0.94"}, {"asset_id": "113284562976206578559670247052509961396177901765473161832353969271718118579868", "price": "0.97", "size": "340.25", "side": "SELL", "hash": "60167994ac196e5697123b710645db61cf7ab363", "best_bid": "0.06", "best_ask": "0.87"}], "timestamp": "1769384069482", "event_type": "price_change"}}
{"_local_timestamp": "2026-01-25T23:34:30.869361+00:00", "data": {"market": "0xdf13412ed5ef96b06a0063c1f0c29311194cb01736bc1119ebd964fbe8a0c84f", "price_changes": [{"asset_id": "83091823349614598303113450016987811198732296119766877280666537669341809927298", "price": "0.02", "size": "175.05", "side": "BUY", "hash": "23367094f3ec7c2bae995ac9478dfeb260f1407d", "best_bid": "0.13", "best_ask": "0.94"}, {"asset_id": "113284562976206578559670247052509961396177901765473161832353969271718118579868", "price": "0.98", "size": "175.05", "side": "SELL", "hash": "def4067cbca8df856b12306af231bb2bf5f83b52", "best_bid": "0.06", "best_ask": "0.87"}], "timestamp": "1769384070671", "event_type": "price_change"}}
{"_local_timestamp": "2026-01-25T23:34:30.870958+00:00", "data": {"market": "0xdf13412ed5ef96b06a0063c1f0c29311194cb01736bc1119ebd964fbe8a0c84f", "price_changes": [{"asset_id": "83091823349614598303113450016987811198732296119766877280666537669341809927298", "price": "0.03", "size": "349.67", "side": "BUY", "hash": "9ebac9b51188148dd883584038e62c97677e445e", "best_bid": "0.13", "best_ask": "0.94"}, {"asset_id": "113284562976206578559670247052509961396177901765473161832353969271718118579868", "price": "0.97", "size": "349.67", "side": "SELL", "hash": "c378944a1715e58c9b83811afc0c481207071a8c", "best_bid": "0.06", "best_ask": "0.87"}], "timestamp": "1769384070673", "event_type": "price_change"}}
