{"_local_timestamp": "2026-01-25T23:34:13.922132+00:00", "data": [{"market": "0xa0869133e9a062fd1a6d577b11ddc59e8f707d29856e284669a98623620fab2b", "asset_id": "21421753858328287635590199440073753980429353118325671723641254208770648737805", "timestamp": "1769382589275", "hash": "a88ce645dba3d1eb1ef79ba63e7bea3a0b2f88cb", "bids": [{"price": "0.01", "size": "914.69"}, {"price": "0.02", "size": "713.64"}, {"price": "0.03", "size": "141"}, {"price": "0.04", "size": "6.17"}, {"price": "0.06", "size": "38.47"}], "asks": [{"price": "0.99", "size": "217.43"}, {"price": "0.98", "size": "159.71"}, {"price": "0.97", "size": "621.84"}, {"price": "0.96", "size": "530.74"}, {"price": "0.95", "size": "280"}, {"price": "0.94", "size": "40.03"}, {"price": "0.92", "size": "98"}, {"price": "0.91", "size": "9.16"}, {"price": "0.86", "size": "10"}], "event_type": "book", "last_trade_price": ""}, {"market": "0xf23a690952f7ffe549ceadfcecee22fe89129c95ab6ed0c57c1e1a0923d58155", "asset_id": "51805561678799329296914614904908439473795856238700773649263987125542065122788", "timestamp": "1769383992611", "hash": "445cc60c27d17b33436c682c1387b4e45ea7634e", "bids": [{"price": "0.01", "size": "614.69"}, {"price": "0.02", "size": "813.64"}, {"price": "0.03", "size": "266"}, {"price": "0.04", "size": "239.17"}, {"price": "0.05", "size": "48"}, {"price": "0.06", "size": "11.56"}], "asks": [{"price": "0.99", "size": "618.61"}, {"price": "0.98", "size": "158.57"}, {"price": "0.97", "size": "310.7"}, {"price": "0.96", "size": "425"}, {"price": "0.95", "size": "86.25"}, {"price": "0.94", "size": "33"}, {"price": "0.93", "size": "21.32"}, {"price": "0.91", "size": "39"}, {"price": "0.9", "size": "6.35"}, {"price": "0.87", "size": "10"}], "event_type": "book", "last_trade_price": ""}, {"market": "0xa0869133e9a062fd1a6d577b11ddc59e8f707d29856e284669a98623620fab2b", "asset_id": "44187794121102874586929151334911777012587871589612942427682696790231614759606", "timestamp": "1769382589275", "hash": "51353693ce733e82ae0d900384f903086a866ac9", "bids": [{"price": "0.01", "size": "217.43"}, {"price": "0.02", "size": "159.71"}, {"price": "0.03", "size": "621.84"}, {"price": "0.04", "size": "530.74"}, {"price": "0.05", "size": "280"}, {"price": "0.06", "size": "40.03"}, {"price": "0.08", "size": "98"}, {"price": "0.09", "size": "9.16"}, {"price": "0.14", "size": "10"}], "asks": [{"price": "0.99", "size": "914.69"}, {"price": "0.98", "size": "713.64"}, {"price": "0.97", "size": "141"}, {"price": "0.96", "size": "6.17"}, {"price": "0.94", "size": "38.47"}], "event_type": "book", "last_trade_price": ""}, {"market": "0x71e571342c7aed215215f549f8ab60f376123b2c2eecc613bd398131e9aaaf61", "asset_id": "44521557974845326837092206848758078015379396411374820641516960338905172888284", "timestamp": "1769383994957", "hash": "7fc3397b98fd297415e420526e72dc49cb269768", "bids": [{"price": "0.01", "size": "614.69"}, {"price": "0.02", "size": "813.64"}, {"price": "0.03", "size": "266"}, {"price": "0.04", "size": "239.17"}, {"price": "0.05", "size": "46"}, {"price": "0.06", "size": "5.47"}], "asks": [{"price": "0.99", "size": "618.61"}, {"price": "0.98", "size": "158.57"}, {"price": "0.97", "size": "310.7"}, {"price": "0.96", "size": "425"}, {"price": "0.95", "size": "86.25"}, {"price": "0.94", "size": "33"}, {"price": "0.93", "size": "21.32"}, {"price": "0.91", "size": "39"}, {"price": "0.9", "size": "6.35"}, {"price": "0.87", "size": "10"}], "event_type": "book", "last_trade_price": ""}, {"market": "0xf23a690952f7ffe549ceadfcecee22fe89129c95ab6ed0c57c1e1a0923d58155", "asset_id": "36459088046275669390015853826830165841354195044076606131966580832069290858726", "timestamp": "1769383992611", "hash": "fe62964262d4d376617bad999a85068f0d8c4e05", "bids": [{"price": "0.01", "size": "618.61"}, {"price": "0.02", "size": "158.57"}, {"price": "0.03", "size": "310.7"}, {"price": "0.04", "size": "425"}, {"price": "0.05", "size": "86.25"}, {"price": "0.06", "size": "33"}, {"price": "0.07", "size": "21.32"}, {"price": "0.09", "size": "39"}, {"price": "0.1", "size": "6.35"}, {"price": "0.13", "size": "10"}], "asks": [{"price": "0.99", "size": "614.69"}, {"price": "0.98", "size": "813.64"}, {"price": "0.97", "size": "266"}, {"price": "0.96", "size": "239.17"}, {"price": "0.95", "size": "48"}, {"price": "0.94", "size": "11.56"}], "event_type": "book", "last_trade_price": ""}, {"market": "0x71e571342c7aed215215f549f8ab60f376123b2c2eecc613bd398131e9aaaf61", "asset_id": "7990281791149842559675256278473017325992403285170242776393752279246497469976", "timestamp": "1769383994957", "hash": "5e6655f07bc3297c4b0a7826bc9f82ef400adbd6", "bids": [{"price": "0.01", "size": "618.61"}, {"price": "0.02", "size": "158.57"}, {"price": "0.03", "size": "310.7"}, {"price": "0.04", "size": "425"}, {"price": "0.05", "size": "86.25"}, {"price": "0.06", "size": "33"}, {"price": "0.07", "size": "21.32"}, {"price": "0.09", "size": "39"}, {"price": "0.1", "size": "6.35"}, {"price": "0.13", "size": "10"}], "asks": [{"price": "0.99", "size": "614.69"}, {"price": "0.98", "size": "813.64"}, {"price": "0.97", "size": "266"}, {"price": "0.96", "size": "239.17"}, {"price": "0.95", "size": "46"}, {"price": "0.94", "size": "5.47"}], "event_type": "book", "last_trade_price": ""}]}
