{"_local_timestamp": "2026-01-25T23:34:14.323453+00:00", "data": [{"market": "0xeafb48fe331583416cfcbede270b6db6713f698f235fcc6b4ebdcb8b85a0e6b0", "asset_id": "88023591504322961961027262695771838070209366138300072350118674008157668291727", "timestamp": "1769384053606", "hash": "28d1f62768533cf229828c6306609188fbb61c3e", "bids": [{"price": "0.01", "size": "600"}, {"price": "0.02", "size": "775"}, {"price": "0.03", "size": "108"}, {"price": "0.05", "size": "108"}, {"price": "0.06", "size": "54.27"}], "asks": [{"price": "0.99", "size": "616.58"}, {"price": "0.98", "size": "158"}, {"price": "0.97", "size": "340.25"}, {"price": "0.96", "size": "400"}, {"price": "0.95", "size": "80"}, {"price": "0.94", "size": "33"}, {"price": "0.92", "size": "44"}, {"price": "0.89", "size": "39"}, {"price": "0.87", "size": "10"}], "event_type": "book", "last_trade_price": ""}, {"market": "0xd204465257a38dbdcb07d8ac004c4e7b9de8f924c9d568079dfb247aa9421f0b", "asset_id": "47591551592261912448145789283079079128216754703516481689822007617751753877825", "timestamp": "1769383123071", "hash": "6aff5800fef9f516a17989dff7695ccfa72e44cd", "bids": [{"price": "0.01", "size": "600"}, {"price": "0.02", "size": "775"}, {"price": "0.03", "size": "108"}, {"price": "0.05", "size": "108"}, {"price": "0.06", "size": "51.07"}], "asks": [{"price": "0.99", "size": "616.59"}, {"price": "0.98", "size": "158"}, {"price": "0.97", "size": "664.5"}, {"price": "0.96", "size": "75"}, {"price": "0.95", "size": "86.28"}, {"price": "0.94", "size": "33"}, {"price": "0.93", "size": "55.06"}, {"price": "0.9", "size": "158"}, {"price": "0.89", "size": "5.46"}, {"price": "0.87", "size": "10"}], "event_type": "book", "last_trade_price": ""}, {"market": "0x1f131967b5d65732870b2507038a75258bbb5ec8f5873e1d04d2680e3825bbba", "asset_id": "37656695363322231196906312314395526023040409229943684563138566184536779885560", "timestamp": "1769383483417", "hash": "1de19aac2d3263fe8ba885a631131e670da6f2cd", "bids": [{"price": "0.01", "size": "617.63"}, {"price": "0.02", "size": "160.42"}, {"price": "0.03", "size": "39.44"}, {"price": "0.04", "size": "632.03"}, {"price": "0.05", "size": "155"}, {"price": "0.06", "size": "39.43"}, {"price": "0.07", "size": "19"}, {"price": "0.09", "size": "87.38"}, {"price": "0.11", "size": "39"}, {"price": "0.13", "size": "10"}], "asks": [{"price": "0.99", "size": "600"}, {"price": "0.98", "size": "775"}, {"price": "0.97", "size": "108"}, {"price": "0.95", "size": "108"}, {"price": "0.94", "size": "44.81"}], "event_type": "book", "last_trade_price": ""}, {"market": "0xd204465257a38dbdcb07d8ac004c4e7b9de8f924c9d568079dfb247aa9421f0b", "asset_id": "70185509338783842587237192231331244157412306773143536743224881444019851684197", "timestamp": "1769383123071", "hash": "a679576e715eef3627f7cbead08cff3acbef6d44", "bids": [{"price": "0.01", "size": "616.59"}, {"price": "0.02", "size": "158"}, {"price": "0.03", "size": "664.5"}, {"price": "0.04", "size": "75"}, {"price": "0.05", "size": "86.28"}, {"price": "0.06", "size": "33"}, {"price": "0.07", "size": "55.06"}, {"price": "0.1", "size": "158"}, {"price": "0.11", "size": "5.46"}, {"price": "0.13", "size": "10"}], "asks": [{"price": "0.99", "size": "600"}, {"price": "0.98", "size": "775"}, {"price": "0.97", "size": "108"}, {"price": "0.95", "size": "108"}, {"price": "0.94", "size": "51.07"}], "event_type": "book", "last_trade_price": ""}, {"market": "0x1f131967b5d65732870b2507038a75258bbb5ec8f5873e1d04d2680e3825bbba", "asset_id": "102402734462982431343252171724848456999140803931554232257245718828469241162292", "timestamp": "1769383483417", "hash": "942d72a79f9754a7da4a85e4c26ab973547721d6", "bids": [{"price": "0.01", "size": "600"}, {"price": "0.02", "size": "775"}, {"price": "0.03", "size": "108"}, {"price": "0.05", "size": "108"}, {"price": "0.06", "size": "44.81"}], "asks": [{"price": "0.99", "size": "617.63"}, {"price": "0.98", "size": "160.42"}, {"price": "0.97", "size": "39.44"}, {"price": "0.96", "size": "632.03"}, {"price": "0.95", "size": "155"}, {"price": "0.94", "size": "39.43"}, {"price": "0.93", "size": "19"}, {"price": "0.91", "size": "87.38"}, {"price": "0.89", "size": "39"}, {"price": "0.87", "size": "10"}], "event_type": "book", "last_trade_price": ""}, {"market": "0xeafb48fe331583416cfcbede270b6db6713f698f235fcc6b4ebdcb8b85a0e6b0", "asset_id": "75759422634679239922379926548379940489536192022597054573912643343178789411202", "timestamp": "1769384053606", "hash": "8490209120f3f2193fba07147082f9150cb64b2a", "bids": [{"price": "0.01", "size": "616.58"}, {"price": "0.02", "size": "158"}, {"price": "0.03", "size": "340.25"}, {"price": "0.04", "size": "400"}, {"price": "0.05", "size": "80"}, {"price": "0.06", "size": "33"}, {"price": "0.08", "size": "44"}, {"price": "0.11", "size": "39"}, {"price": "0.13", "size": "10"}], "asks": [{"price": "0.99", "size": "600"}, {"price": "0.98", "size": "775"}, {"price": "0.97", "size": "108"}, {"price": "0.95", "size": "108"}, {"price": "0.94", "size": "54.27"}], "event_type": "book", "last_trade_price": ""}]}
{"_local_timestamp": "2026-01-25T23:34:15.312785+00:00", "data": {"market": "0xeafb48fe331583416cfcbede270b6db6713f698f235fcc6b4ebdcb8b85a0e6b0", "price_changes": [{"asset_id": "75759422634679239922379926548379940489536192022597054573912643343178789411202", "price": "0.04", "size": "407.2", "side": "BUY", "hash": "832184221af5adfc1ccc97e71ba39cfc7a007d4b", "best_bid": "0.13", "best_ask": "0.94"}, {"asset_id": "88023591504322961961027262695771838070209366138300072350118674008157668291727", "price": "0.96", "size": "407.2", "side": "SELL", "hash": "40410e90d8b82f172d1a94ea73119b1834f2dc13", "best_bid": "0.06", "best_ask": "0.87"}], "timestamp": "1769384055245", "event_type": "price_change"}}
{"_local_timestamp": "2026-01-25T23:34:15.321135+00:00", "data": {"market": "0xeafb48fe331583416cfcbede270b6db6713f698f235fcc6b4ebdcb8b85a0e6b0", "price_changes": [{"asset_id": "75759422634679239922379926548379940489536192022597054573912643343178789411202", "price": "0.06", "size": "39.59", "side": "BUY", "hash": "629f00c1072c80223459f7111ab4260e4bc681c4", "best_bid": "0.13", "best_ask": "0.94"}, {"asset_id": "88023591504322961961027262695771838070209366138300072350118674008157668291727", "price": "0.94", "size": "39.59", "side": "SELL", "hash": "788bf48e563e865f0847a2198ff40b80ad7f642d", "best_bid": "0.06", "best_ask": "0.87"}], "timestamp": "1769384055247", "event_type": "price_change"}}
{"_local_timestamp": "2026-01-25T23:34:15.322802+00:00", "data": {"market": "0xeafb48fe331583416cfcbede270b6db6713f698f235fcc6b4ebdcb8b85a0e6b0", "price_changes": [{"asset_id": "75759422634679239922379926548379940489536192022597054573912643343178789411202", "price": "0.09", "size": "8.58", "side": "BUY", "hash": "49200bd345338457131d268965b648782ce3cfe3", "best_bid": "0.13", "best_ask": "0.94"}, {"asset_id": "88023591504322961961027262695771838070209366138300072350118674008157668291727", "price": "0.91", "size": "8.58", "side": "SELL", "hash": "bb0d978a6f6b6af00d2e2bcb30f800e5e12419c6", "best_bid": "0.06", "best_ask": "0.87"}], "timestamp": "1769384055249", "event_type": "price_change"}}
{"_local_timestamp": "2026-01-25T23:34:24.160193+00:00", "data": {"market": "0x1f131967b5d65732870b2507038a75258bbb5ec8f5873e1d04d2680e3825bbba", "price_changes": [{"asset_id": "37656695363322231196906312314395526023040409229943684563138566184536779885560", "price": "0.04", "size": "625", "side": "BUY", "hash": "a034d999312dee37fd43d2fbae7773ce4979b735", "best_bid": "0.13", "best_ask": "0.94"}, {"asset_id": "102402734462982431343252171724848456999140803931554232257245718828469241162292", "price": "0.96", "size": "625", "side": "SELL", "hash": "3ddfb149f6da357a2d733b11d82563fa18453020", "best_bid": "0.06", "best_ask": "0.87"}], "timestamp": "1769384064083", "event_type": "price_change"}}
{"_local_timestamp": "2026-01-25T23:34:24.162841+00:00", "data": {"market": "0x1f131967b5d65732870b2507038a75258bbb5ec8f5873e1d04d2680e3825bbba", "price_changes": [{"asset_id": "37656695363322231196906312314395526023040409229943684563138566184536779885560", "price": "0.06", "size": "33", "side": "BUY", "hash": "a034d999312dee37fd43d2fbae7773ce4979b735", "best_bid": "0.13", "best_ask": "0.94"}, {"asset_id": "102402734462982431343252171724848456999140803931554232257245718828469241162292", "price": "0.94", "size": "33", "side": "SELL", "hash": "3ddfb149f6da357a2d733b11d82563fa18453020", "best_bid": "0.06", "best_ask": "0.87"}], "timestamp": "1769384064083", "event_type": "price_change"}}
{"_local_timestamp": "2026-01-25T23:34:24.163721+00:00", "data": {"market": "0x1f131967b5d65732870b2507038a75258bbb5ec8f5873e1d04d2680e3825bbba", "price_changes": [{"asset_id": "37656695363322231196906312314395526023040409229943684563138566184536779885560", "price": "0.09", "size": "79", "side": "BUY", "hash": "a034d999312dee37fd43d2fbae7773ce4979b735", "best_bid": "0.13", "best_ask": "0.94"}, {"asset_id": "102402734462982431343252171724848456999140803931554232257245718828469241162292", "price": "0.91", "size": "79", "side": "SELL", "hash": "3ddfb149f6da357a2d733b11d82563fa18453020", "best_bid": "0.06", "best_ask": "0.87"}], "timestamp": "1769384064083", "event_type": "price_change"}}
{"_local_timestamp": "2026-01-25T23:34:25.629432+00:00", "data": {"market": "0x1f131967b5d65732870b2507038a75258bbb5ec8f5873e1d04d2680e3825bbba", "price_changes": [{"asset_id": "37656695363322231196906312314395526023040409229943684563138566184536779885560", "price": "0.07", "size": "24.91", "side": "BUY", "hash": "125e8688ff845c764e8ead3bad4ba3d44b19fb32", "best_bid": "0.13", "best_ask": "0.94"}, {"asset_id": "102402734462982431343252171724848456999140803931554232257245718828469241162292", "price": "0.93", "size": "24.91", "side": "SELL", "hash": "afba308bb5dec7a85d783e56f5e5ebf1e43dd810", "best_bid": "0.06", "best_ask": "0.87"}], "timestamp": "1769384065545", "event_type": "price_change"}}
{"_local_timestamp": "2026-01-25T23:34:25.630684+00:00", "data": {"market": "0x1f131967b5d65732870b2507038a75258bbb5ec8f5873e1d04d2680e3825bbba", "price_changes": [{"asset_id": "37656695363322231196906312314395526023040409229943684563138566184536779885560", "price": "0.05", "size": "161.03", "side": "BUY", "hash": "084445a7ac57170272e8f9db5be24c1010d07933", "best_bid": "0.13", "best_ask": "0.94"}, {"asset_id": "102402734462982431343252171724848456999140803931554232257245718828469241162292", "price": "0.95", "size": "161.03", "side": "SELL", "hash": "839c25746cc9b1cfc211084f47060e388f55b2c4", "best_bid": "0.06", "best_ask": "0.87"}], "timestamp": "1769384065547", "event_type": "price_change"}}
{"_local_timestamp": "2026-01-25T23:34:25.632248+00:00", "data": {"market": "0x1f131967b5d65732870b2507038a75258bbb5ec8f5873e1d04d2680e3825bbba", "price_changes": [{"asset_id": "37656695363322231196906312314395526023040409229943684563138566184536779885560", "price": "0.1", "size": "7.05", "side": "BUY", "hash": "ada4ef851afa534a787b754ebbcefb326ef66ab6", "best_bid": "0.13", "best_ask": "0.94"}, {"asset_id": "102402734462982431343252171724848456999140803931554232257245718828469241162292", "price": "0.9", "size": "7.05", "side": "SELL", "hash": "f1f4f0d01e7d51e4c5482ed6c19222569495bd48", "best_bid": "0.06", "best_ask": "0.87"}], "timestamp": "1769384065549", "event_type": "price_change"}}
{"_local_timestamp": "2026-01-25T23:34:55.842303+00:00", "data": {"market": "0x1f131967b5d65732870b2507038a75258bbb5ec8f5873e1d04d2680e3825bbba", "price_changes": [{"asset_id": "37656695363322231196906312314395526023040409229943684563138566184536779885560", "price": "0.09", "size": "0", "side": "BUY", "hash": "dc85673f72ae8ead02273f31166a10bf81ceea34", "best_bid": "0.13", "best_ask": "0.94"}, {"asset_id": "102402734462982431343252171724848456999140803931554232257245718828469241162292", "price": "0.91", "size": "0", "side": "SELL", "hash": "a3d54c339cf552dd2b4f6c7dc8e3d2c8b34c26fe", "best_bid": "0.06", "best_ask": "0.87"}], "timestamp": "1769384095767", "event_type": "price_change"}}
