{"_local_timestamp": "2026-01-25T23:34:14.736630+00:00", "data": [{"market": "0x9d8f6fc4742d688123dcddb00afefba965b2f4b6e4313a65d744ce15ee799cba", "asset_id": "53811983641480096303251609508037879227991142112550333421047484275960048617404", "timestamp": "1769383470133", "hash": "7a56f3c5cdf1d152e1d5524f0c90a86d36a391bd", "bids": [{"price": "0.01", "size": "618.18"}, {"price": "0.02", "size": "173.31"}, {"price": "0.03", "size": "350.37"}, {"price": "0.04", "size": "400"}, {"price": "0.05", "size": "87.01"}, {"price": "0.06", "size": "33"}, {"price": "0.07", "size": "44.86"}, {"price": "0.1", "size": "158"}, {"price": "0.13", "size": "10"}], "asks": [{"price": "0.99", "size": "600"}, {"price": "0.98", "size": "775"}, {"price": "0.97", "size": "108"}, {"price": "0.95", "size": "108"}, {"price": "0.94", "size": "51.07"}], "event_type": "book", "last_trade_price": ""}, {"market": "0x9d4e6234d4703793ad6fae9284b10083179a51ab35493592e17da4af1d77e978", "asset_id": "8907820251554424444501719230371660282941833347820768389938768821610955255435", "timestamp": "1769382484888", "hash": "b671206561613a3e724f59ec982037960aa21e96", "bids": [{"price": "0.01", "size": "618.34"}, {"price": "0.02", "size": "174.99"}, {"price": "0.03", "size": "674.65"}, {"price": "0.04", "size": "75"}, {"price": "0.05", "size": "86.89"}, {"price": "0.06", "size": "33"}, {"price": "0.07", "size": "44.75"}, {"price": "0.1", "size": "158"}, {"price": "0.13", "size": "10"}], "asks": [{"price": "0.99", "size": "600"}, {"price": "0.98", "size": "775"}, {"price": "0.97", "size": "108"}, {"price": "0.95", "size": "108"}, {"price": "0.94", "size": "47.31"}], "event_type": "book", "last_trade_price": ""}, {"market": "0x9d4e6234d4703793ad6fae9284b10083179a51ab35493592e17da4af1d77e978", "asset_id": "103109204864367565529973494282878721375334726438520553863245239615883242276693", "timestamp": "1769382484888", "hash": "fb3b72406d02d1c41f1572f8051a458904954353", "bids": [{"price": "0.01", "size": "600"}, {"price": "0.02", "size": "775"}, {"price": "0.03", "size": "108"}, {"price": "0.05", "size": "108"}, {"price": "0.06", "size": "47.31"}], "asks": [{"price": "0.99", "size": "618.34"}, {"price": "0.98", "size": "174.99"}, {"price": "0.97", "size": "674.65"}, {"price": "0.96", "size": "75"}, {"price": "0.95", "size": "86.89"}, {"price": "0.94", "size": "33"}, {"price": "0.93", "size": "44.75"}, {"price": "0.9", "size": "158"}, {"price": "0.87", "size": "10"}], "event_type": "book", "last_trade_price": ""}, {"market": "0xdf13412ed5ef96b06a0063c1f0c29311194cb01736bc1119ebd964fbe8a0c84f", "asset_id": "113284562976206578559670247052509961396177901765473161832353969271718118579868", "timestamp": "1769382484885", "hash": "7ccd71667ea0b1ae2189378234d6786a78d5c28d", "bids": [{"price": "0.01", "size": "600"}, {"price": "0.02", "size": "775"}, {"price": "0.03", "size": "108"}, {"price": "0.05", "size": "115.59"}, {"price": "0.06", "size": "48.77"}], "asks": [{"price": "0.99", "size": "617.93"}, {"price": "0.98", "size": "175.05"}, {"price": "0.97", "size": "349.67"}, {"price": "0.96", "size": "400"}, {"price": "0.95", "size": "86.91"}, {"price": "0.94", "size": "33"}, {"price": "0.93", "size": "42.77"}, {"price": "0.9", "size": "158"}, {"price": "0.87", "size": "10"}], "event_type": "book", "last_trade_price": ""}, {"market": "0xdf13412ed5ef96b06a0063c1f0c29311194cb01736bc1119ebd964fbe8a0c84f", "asset_id": "83091823349614598303113450016987811198732296119766877280666537669341809927298", "timestamp": "1769382484885", "hash": "59dd4da4a5cd8b06ea092f4f66acb01e63049742", "bids": [{"price": "0.01", "size": "617.93"}, {"price": "0.02", "size": "175.05"}, {"price": "0.03", "size": "349.67"}, {"price": "0.04", "size": "400"}, {"price": "0.05", "size": "86.91"}, {"price": "0.06", "size": "33"}, {"price": "0.07", "size": "42.77"}, {"price": "0.1", "size": "158"}, {"price": "0.13", "size": "10"}], "asks": [{"price": "0.99", "size": "600"}, {"price": "0.98", "size": "775"}, {"price": "0.97", "size": "108"}, {"price": "0.95", "size": "115.59"}, {"price": "0.94", "size": "48.77"}], "event_type": "book", "last_trade_price": ""}, {"market": "0x9d8f6fc4742d688123dcddb00afefba965b2f4b6e4313a65d744ce15ee799cba", "asset_id": "1654365161528069000806674811812716618766010267430658485583833196707498103301", "timestamp": "1769383470133", "hash": "0d854dd4a36b6bb221745e17a9f8cb6cf1c9de12", "bids": [{"price": "0.01", "size": "600"}, {"price": "0.02", "size": "775"}, {"price": "0.03", "size": "108"}, {"price": "0.05", "size": "108"}, {"price": "0.06", "size": "51.07"}], "asks": [{"price": "0.99", "size": "618.18"}, {"price": "0.98", "size": "173.31"}, {"price": "0.97", "size": "350.37"}, {"price": "0.96", "size": "400"}, {"price": "0.95", "size": "87.01"}, {"price": "0.94", "size": "33"}, {"price": "0.93", "size": "44.86"}, {"price": "0.9", "size": "158"}, {"price": "0.87", "size": "10"}], "event_type": "book", "last_trade_price": ""}]}
