{"_local_timestamp": "2026-01-25T23:34:13.783767+00:00", "data": [{"market": "0x57125a6fc3e50d4a0a3ae97edfa6a5a423ceeaa75165c14f9ec57bbeead67824", "asset_id": "9963746526435131885764987765347244111045384273519416273340448914124693044757", "timestamp": "1769383994394", "hash": "ca28697829d4a05189b8d85ba0f12f895bd0667b", "bids": [{"price": "0.01", "size": "296.1"}, {"price": "0.02", "size": "700"}, {"price": "0.03", "size": "12.49"}, {"price": "0.05", "size": "20"}, {"price": "0.07", "size": "500"}, {"price": "0.08", "size": "300"}, {"price": "0.09", "size": "16.27"}, {"price": "0.54", "size": "100"}, {"price": "0.58", "size": "400"}, {"price": "0.59", "size": "4.91"}], "asks": [{"price": "0.99", "size": "980"}, {"price": "0.98", "size": "700"}, {"price": "0.95", "size": "500"}, {"price": "0.92", "size": "300"}, {"price": "0.71", "size": "10"}, {"price": "0.64", "size": "89.63"}, {"price": "0.62", "size": "400"}, {"price": "0.61", "size": "96.31"}], "event_type": "book", "last_trade_price": "0.390"}, {"market": "0xfbf05779cbbf5d281d6a9e51d13fba36da85aec374ced8da502ad8cacc19b5e4", "asset_id": "93697337788704602779579616120202897250549183254628229162583563651539629035220", "timestamp": "1769383969001", "hash": "678967decd34397ac49f48f31b6586cdb0c149d3", "bids": [{"price": "0.01", "size": "180"}, {"price": "0.04", "size": "700"}, {"price": "0.08", "size": "300"}, {"price": "0.2", "size": "10"}, {"price": "0.27", "size": "103.63"}, {"price": "0.28", "size": "100"}], "asks": [{"price": "0.99", "size": "345.98"}, {"price": "0.98", "size": "700"}, {"price": "0.97", "size": "6.3"}, {"price": "0.95", "size": "20"}, {"price": "0.93", "size": "500"}, {"price": "0.92", "size": "300"}, {"price": "0.91", "size": "16.67"}, {"price": "0.81", "size": "79"}, {"price": "0.37", "size": "100"}, {"price": "0.36", "size": "79"}], "event_type": "book", "last_trade_price": "0.270"}, {"market": "0x626b59f38e4c3551135ce1543abcd9e9b4e4e26e61e0cebe2f564bb14f2dd6af", "asset_id": "5535075471823340767859198350152413933991966623914208053460771681266427855914", "timestamp": "1769383997092", "hash": "0ba4d49706fc6c58401d0ac858b52a5bb24268eb", "bids": [{"price": "0.01", "size": "345.35"}, {"price": "0.02", "size": "700"}, {"price": "0.03", "size": "13.15"}, {"price": "0.05", "size": "20"}, {"price": "0.07", "size": "500"}, {"price": "0.08", "size": "300"}, {"price": "0.09", "size": "5.03"}, {"price": "0.18", "size": "322.2"}, {"price": "0.19", "size": "316.66"}, {"price": "0.67", "size": "100"}], "asks": [{"price": "0.99", "size": "180"}, {"price": "0.97", "size": "700"}, {"price": "0.81", "size": "10"}, {"price": "0.77", "size": "100"}, {"price": "0.74", "size": "100"}], "event_type": "book", "last_trade_price": ""}, {"market": "0x626b59f38e4c3551135ce1543abcd9e9b4e4e26e61e0cebe2f564bb14f2dd6af", "asset_id": "46742902247805732600151418163897640403078314266100305709772835357271996763300", "timestamp": "1769383997092", "hash": "8b658636828e6bc99a00a56bc9582ae4e2126480", "bids": [{"price": "0.01", "size": "180"}, {"price": "0.03", "size": "700"}, {"price": "0.19", "size": "10"}, {"price": "0.23", "size": "100"}, {"price": "0.26", "size": "100"}], "asks": [{"price": "0.99", "size": "345.35"}, {"price": "0.98", "size": "700"}, {"price": "0.97", "size": "13.15"}, {"price": "0.95", "size": "20"}, {"price": "0.93", "size": "500"}, {"price": "0.92", "size": "300"}, {"price": "0.91", "size": "5.03"}, {"price": "0.82", "size": "322.2"}, {"price": "0.81", "size": "316.66"}, {"price": "0.33", "size": "100"}], "event_type": "book", "last_trade_price": ""}, {"market": "0xfbf05779cbbf5d281d6a9e51d13fba36da85aec374ced8da502ad8cacc19b5e4", "asset_id": "100228698460291132583020143221009971811579077019329886472409358914591728834419", "timestamp": "1769383969001", "hash": "c5c6bf3f29d3788d137910f40b6c187f6b218a18", "bids": [{"price": "0.01", "size": "345.98"}, {"price": "0.02", "size": "700"}, {"price": "0.03", "size": "6.3"}, {"price": "0.05", "size": "20"}, {"price": "0.07", "size": "500"}, {"price": "0.08", "size": "300"}, {"price": "0.09", "size": "16.67"}, {"price": "0.19", "size": "79"}, {"price": "0.63", "size": "100"}, {"price": "0.64", "size": "79"}], "asks": [{"price": "0.99", "size": "180"}, {"price": "0.96", "size": "700"}, {"price": "0.92", "size": "300"}, {"price": "0.8", "size": "10"}, {"price": "0.73", "size": "103.63"}, {"price": "0.72", "size": "100"}], "event_type": "book", "last_trade_price": "0.270"}, {"market": "0x57125a6fc3e50d4a0a3ae97edfa6a5a423ceeaa75165c14f9ec57bbeead67824", "asset_id": "97466397839217672087836211133100301269701565683546363204030550472188238047689", "timestamp": "1769383994394", "hash": "31d95abde36b70879aa46a947c89ac0ae25c2e6c", "bids": [{"price": "0.01", "size": "980"}, {"price": "0.02", "size": "700"}, {"price": "0.05", "size": "500"}, {"price": "0.08", "size": "300"}, {"price": "0.29", "size": "10"}, {"price": "0.36", "size": "89.63"}, {"price": "0.38", "size": "400"}, {"price": "0.39", "size": "96.31"}], "asks": [{"price": "0.99", "size": "296.1"}, {"price": "0.98", "size": "700"}, {"price": "0.97", "size": "12.49"}, {"price": "0.95", "size": "20"}, {"price": "0.93", "size": "500"}, {"price": "0.92", "size": "300"}, {"price": "0.91", "size": "16.27"}, {"price": "0.46", "size": "100"}, {"price": "0.42", "size": "400"}, {"price": "0.41", "size": "4.91"}], "event_type": "book", "last_trade_price": "0.390"}]}
{"_local_timestamp": "2026-01-25T23:34:40.017137+00:00", "data": {"market": "0x626b59f38e4c3551135ce1543abcd9e9b4e4e26e61e0cebe2f564bb14f2dd6af", "price_changes": [{"asset_id": "5535075471823340767859198350152413933991966623914208053460771681266427855914", "price": "0.07", "size": "0", "side": "BUY", "hash": "3a53bf9757be1279ab592b658038032c2a77dd76", "best_bid": "0.67", "best_ask": "0.74"}, {"asset_id": "46742902247805732600151418163897640403078314266100305709772835357271996763300", "price": "0.93", "size": "0", "side": "SELL", "hash": "f6c30ac6791d8e99a3a9f52093f15bfe74cfd647", "best_bid": "0.26", "best_ask": "0.33"}], "timestamp": "1769384079830", "event_type": "price_change"}}
{"_local_timestamp": "2026-01-25T23:34:40.020313+00:00", "data": {"market": "0x57125a6fc3e50d4a0a3ae97edfa6a5a423ceeaa75165c14f9ec57bbeead67824", "price_changes": [{"asset_id": "9963746526435131885764987765347244111045384273519416273340448914124693044757", "price": "0.07", "size": "0", "side": "BUY", "hash": "e4f9d4ea919ec077d950aa22028ebbd9ab40965f", "best_bid": "0.59", "best_ask": "0.61"}, {"asset_id": "97466397839217672087836211133100301269701565683546363204030550472188238047689", "price": "0.93", "size": "0", "side": "SELL", "hash": "3f7d8acdb6c7afe82a1c11930cd63792d8cda1d6", "best_bid": "0.39", "best_ask": "0.41"}], "timestamp": "1769384079830", "event_type": "price_change"}}
{"_local_timestamp": "2026-01-25T23:34:40.020640+00:00", "data": {"market": "0xfbf05779cbbf5d281d6a9e51d13fba36da85aec374ced8da502ad8cacc19b5e4", "price_changes": [{"asset_id": "100228698460291132583020143221009971811579077019329886472409358914591728834419", "price": "0.07", "size": "0", "side": "BUY", "hash": "d5654cb0bf770d90fab362e37e919ef59ff34cd6", "best_bid": "0.64", "best_ask": "0.72"}, {"asset_id": "93697337788704602779579616120202897250549183254628229162583563651539629035220", "price": "0.93", "size": "0", "side": "SELL", "hash": "e17f638151c5bc3c2da7f8351a77fcdf5843ace1", "best_bid": "0.28", "best_ask": "0.36"}], "timestamp": "1769384079830", "event_type": "price_change"}}
{"_local_timestamp": "2026-01-25T23:34:40.020908+00:00", "data": {"market": "0x626b59f38e4c3551135ce1543abcd9e9b4e4e26e61e0cebe2f564bb14f2dd6af", "price_changes": [{"asset_id": "46742902247805732600151418163897640403078314266100305709772835357271996763300", "price": "0.03", "size": "0", "side": "BUY", "hash": "2b2cc200ec3404dbe6bea814801f6ab75e4d8a2c", "best_bid": "0.26", "best_ask": "0.33"}, {"asset_id": "5535075471823340767859198350152413933991966623914208053460771681266427855914", "price": "0.97", "size": "0", "side": "SELL", "hash": "f93341629780703fbcb9029af8e9927932c85202", "best_bid": "0.67", "best_ask": "0.74"}], "timestamp": "1769384079830", "event_type": "price_change"}}
{"_local_timestamp": "2026-01-25T23:34:40.021179+00:00", "data": {"market": "0xfbf05779cbbf5d281d6a9e51d13fba36da85aec374ced8da502ad8cacc19b5e4", "price_changes": [{"asset_id": "93697337788704602779579616120202897250549183254628229162583563651539629035220", "price": "0.04", "size": "0", "side": "BUY", "hash": "a53c1829c82372d3fef874c2fb7e0568b6a75c57", "best_bid": "0.28", "best_ask": "0.36"}, {"asset_id": "100228698460291132583020143221009971811579077019329886472409358914591728834419", "price": "0.96", "size": "0", "side": "SELL", "hash": "4b1eab61ffd46aca42c21637215c1c4f6be553c2", "best_bid": "0.64", "best_ask": "0.72"}], "timestamp": "1769384079830", "event_type": "price_change"}}
{"_local_timestamp": "2026-01-25T23:34:40.021459+00:00", "data": {"market": "0xfbf05779cbbf5d281d6a9e51d13fba36da85aec374ced8da502ad8cacc19b5e4", "price_changes": [{"asset_id": "93697337788704602779579616120202897250549183254628229162583563651539629035220", "price": "0.08", "size": "0", "side": "BUY", "hash": "a53c1829c82372d3fef874c2fb7e0568b6a75c57", "best_bid": "0.28", "best_ask": "0.36"}, {"asset_id": "100228698460291132583020143221009971811579077019329886472409358914591728834419", "price": "0.92", "size": "0", "side": "SELL", "hash": "4b1eab61ffd46aca42c21637215c1c4f6be553c2", "best_bid": "0.64", "best_ask": "0.72"}], "timestamp": "1769384079830", "event_type": "price_change"}}
{"_local_timestamp": "2026-01-25T23:34:40.327139+00:00", "data": {"market": "0xfbf05779cbbf5d281d6a9e51d13fba36da85aec374ced8da502ad8cacc19b5e4", "price_changes": [{"asset_id": "93697337788704602779579616120202897250549183254628229162583563651539629035220", "price": "0.01", "size": "980", "side": "BUY", "hash": "acc8842c35e769573c18ec681963ac5697428f51", "best_bid": "0.28", "best_ask": "0.36"}, {"asset_id": "100228698460291132583020143221009971811579077019329886472409358914591728834419", "price": "0.99", "size": "980", "side": "SELL", "hash": "20832fce5b4b7f4b1b0815afd7d2446bd6f3b25b", "best_bid": "0.64", "best_ask": "0.72"}], "timestamp": "1769384080133", "event_type": "price_change"}}
{"_local_timestamp": "2026-01-25T23:34:40.327836+00:00", "data": {"market": "0x57125a6fc3e50d4a0a3ae97edfa6a5a423ceeaa75165c14f9ec57bbeead67824", "price_changes": [{"asset_id": "9963746526435131885764987765347244111045384273519416273340448914124693044757", "price": "0.05", "size": "520", "side": "BUY", "hash": "457ebec9e518e550e8e8445870b1d075929865b4", "best_bid": "0.59", "best_ask": "0.61"}, {"asset_id": "97466397839217672087836211133100301269701565683546363204030550472188238047689", "price": "0.95", "size": "520", "side": "SELL", "hash": "c462b2c16057d5d90f186dc21b061ec499ddb26f", "best_bid": "0.39", "best_ask": "0.41"}], "timestamp": "1769384080133", "event_type": "price_change"}}
{"_local_timestamp": "2026-01-25T23:34:40.364956+00:00", "data": {"market": "0x626b59f38e4c3551135ce1543abcd9e9b4e4e26e61e0cebe2f564bb14f2dd6af", "price_changes": [{"asset_id": "46742902247805732600151418163897640403078314266100305709772835357271996763300", "price": "0.01", "size": "980", "side": "BUY", "hash": "e8278ec14bb5d06527d529fabd7ba4ae5b3d7bbb", "best_bid": "0.26", "best_ask": "0.33"}, {"asset_id": "5535075471823340767859198350152413933991966623914208053460771681266427855914", "price": "0.99", "size": "980", "side": "SELL", "hash": "f4f4383435e3d66fef1e77b9620578b54c1cf92a", "best_bid": "0.67", "best_ask": "0.74"}], "timestamp": "1769384080141", "event_type": "price_change"}}
{"_local_timestamp": "2026-01-25T23:34:40.378923+00:00", "data": {"market": "0xfbf05779cbbf5d281d6a9e51d13fba36da85aec374ced8da502ad8cacc19b5e4", "price_changes": [{"asset_id": "93697337788704602779579616120202897250549183254628229162583563651539629035220", "price": "0.02", "size": "700", "side": "BUY", "hash": "a6b26b7c75df95d690c3ff335c1bb50c44cabefa", "best_bid": "0.28", "best_ask": "0.36"}, {"asset_id": "100228698460291132583020143221009971811579077019329886472409358914591728834419", "price": "0.98", "size": "700", "side": "SELL", "hash": "1b073b923ecb35752a2bf06da3883e52d3adbc6e", "best_bid": "0.64", "best_ask": "0.72"}], "timestamp": "1769384080166", "event_type": "price_change"}}
{"_local_timestamp": "2026-01-25T23:34:40.387022+00:00", "data": {"market": "0x57125a6fc3e50d4a0a3ae97edfa6a5a423ceeaa75165c14f9ec57bbeead67824", "price_changes": [{"asset_id": "9963746526435131885764987765347244111045384273519416273340448914124693044757", "price": "0.01", "size": "1096.1", "side": "BUY", "hash": "82030ccba65a824d199b9932617db9a1efb7e229", "best_bid": "0.59", "best_ask": "0.61"}, {"asset_id": "97466397839217672087836211133100301269701565683546363204030550472188238047689", "price": "0.99", "size": "1096.1", "side": "SELL", "hash": "7199d3be2d095061e1ceb44ae2861a44eee040d5", "best_bid": "0.39", "best_ask": "0.41"}], "timestamp": "1769384080167", "event_type": "price_change"}}
{"_local_timestamp": "2026-01-25T23:34:40.410674+00:00", "data": {"market": "0x626b59f38e4c3551135ce1543abcd9e9b4e4e26e61e0cebe2f564bb14f2dd6af", "price_changes": [{"asset_id": "5535075471823340767859198350152413933991966623914208053460771681266427855914", "price": "0.05", "size": "520", "side": "BUY", "hash": "e37879d29bb99fa7abf786a8d7dfb7e7e0c6629a", "best_bid": "0.67", "best_ask": "0.74"}, {"asset_id": "46742902247805732600151418163897640403078314266100305709772835357271996763300", "price": "0.95", "size": "520", "side": "SELL", "hash": "7c40b7807029c2e833d2fc4833cd6b9913b6e3f4", "best_bid": "0.26", "best_ask": "0.33"}], "timestamp": "1769384080189", "event_type": "price_change"}}
{"_local_timestamp": "2026-01-25T23:34:40.426653+00:00", "data": {"market": "0xfbf05779cbbf5d281d6a9e51d13fba36da85aec374ced8da502ad8cacc19b5e4", "price_changes": [{"asset_id": "100228698460291132583020143221009971811579077019329886472409358914591728834419", "price": "0.05", "size": "520", "side": "BUY", "hash": "b17701b78880fa5456bf0b1b7698300d8dbe0543", "best_bid": "0.64", "best_ask": "0.72"}, {"asset_id": "93697337788704602779579616120202897250549183254628229162583563651539629035220", "price": "0.95", "size": "520", "side": "SELL", "hash": "77818f0ddc3cba4d1ccdac22e6d22bb7746decad", "best_bid": "0.28", "best_ask": "0.36"}], "timestamp": "1769384080189", "event_type": "price_change"}}
{"_local_timestamp": "2026-01-25T23:34:40.435067+00:00", "data": {"market": "0x626b59f38e4c3551135ce1543abcd9e9b4e4e26e61e0cebe2f564bb14f2dd6af", "price_changes": [{"asset_id": "46742902247805732600151418163897640403078314266100305709772835357271996763300", "price": "0.02", "size": "700", "side": "BUY", "hash": "dd724a11a3c204b7b3fb7cfb8bb4a937fc9b023f", "best_bid": "0.26", "best_ask": "0.33"}, {"asset_id": "5535075471823340767859198350152413933991966623914208053460771681266427855914", "price": "0.98", "size": "700", "side": "SELL", "hash": "8bb332ddacde089ff21b868ac18a64327b18e864", "best_bid": "0.67", "best_ask": "0.74"}], "timestamp": "1769384080203", "event_type": "price_change"}}
{"_local_timestamp": "2026-01-25T23:34:40.435763+00:00", "data": {"market": "0xfbf05779cbbf5d281d6a9e51d13fba36da85aec374ced8da502ad8cacc19b5e4", "price_changes": [{"asset_id": "100228698460291132583020143221009971811579077019329886472409358914591728834419", "price": "0.01", "size": "1145.98", "side": "BUY", "hash": "b605a1d096d06c3ab71fa69500773300bf0285b1", "best_bid": "0.64", "best_ask": "0.72"}, {"asset_id": "93697337788704602779579616120202897250549183254628229162583563651539629035220", "price": "0.99", "size": "1145.98", "side": "SELL", "hash": "fc9c1819580617d5feb0dbffb0777cb1d0aa6793", "best_bid": "0.28", "best_ask": "0.36"}], "timestamp": "1769384080209", "event_type": "price_change"}}
{"_local_timestamp": "2026-01-25T23:34:40.478861+00:00", "data": {"market": "0x626b59f38e4c3551135ce1543abcd9e9b4e4e26e61e0cebe2f564bb14f2dd6af", "price_changes": [{"asset_id": "5535075471823340767859198350152413933991966623914208053460771681266427855914", "price": "0.01", "size": "1145.35", "side": "BUY", "hash": "97088ff1ff1d311d064d485051cb07549957989b", "best_bid": "0.67", "best_ask": "0.74"}, {"asset_id": "46742902247805732600151418163897640403078314266100305709772835357271996763300", "price": "0.99", "size": "1145.35", "side": "SELL", "hash": "6b7e2049bc13c5e2566df795c1a9bef7a51394f6", "best_bid": "0.26", "best_ask": "0.33"}], "timestamp": "1769384080225", "event_type": "price_change"}}
{"_local_timestamp": "2026-01-25T23:36:10.845499+00:00", "data": {"market": "0x626b59f38e4c3551135ce1543abcd9e9b4e4e26e61e0cebe2f564bb14f2dd6af", "price_changes": [{"asset_id": "5535075471823340767859198350152413933991966623914208053460771681266427855914", "price": "0.18", "size": "316.66", "side": "BUY", "hash": "d2df3b886c52a777c4bc3d58030720e1b262d13f", "best_bid": "0.67", "best_ask": "0.74"}, {"asset_id": "46742902247805732600151418163897640403078314266100305709772835357271996763300", "price": "0.82", "size": "316.66", "side": "SELL", "hash": "d29a09d450624134de41c5e20bfabde1cfca441f", "best_bid": "0.26", "best_ask": "0.33"}], "timestamp": "1769384170775", "event_type": "price_change"}}
{"_local_timestamp": "2026-01-25T23:36:12.495274+00:00", "data": {"market": "0x626b59f38e4c3551135ce1543abcd9e9b4e4e26e61e0cebe2f564bb14f2dd6af", "price_changes": [{"asset_id": "5535075471823340767859198350152413933991966623914208053460771681266427855914", "price": "0.19", "size": "321.91", "side": "BUY", "hash": "716514f43c5a513c056b544f353ce76bad27f402", "best_bid": "0.67", "best_ask": "0.74"}, {"asset_id": "46742902247805732600151418163897640403078314266100305709772835357271996763300", "price": "0.81", "size": "321.91", "side": "SELL", "hash": "b557993cfcdce7c6ce875ddd0fbe54781a0a9470", "best_bid": "0.26", "best_ask": "0.33"}], "timestamp": "1769384172430", "event_type": "price_change"}}
{"_local_timestamp": "2026-01-25T23:36:12.498864+00:00", "data": {"market": "0xfbf05779cbbf5d281d6a9e51d13fba36da85aec374ced8da502ad8cacc19b5e4", "price_changes": [{"asset_id": "100228698460291132583020143221009971811579077019329886472409358914591728834419", "price": "0.03", "size": "11.33", "side": "BUY", "hash": "2b1770fcc393d686d47c566e84c11ee92a3a77f4", "best_bid": "0.64", "best_ask": "0.72"}, {"asset_id": "93697337788704602779579616120202897250549183254628229162583563651539629035220", "price": "0.97", "size": "11.33", "side": "SELL", "hash": "bd67a32b8e7846595817ab31ded7b03c6dab977b", "best_bid": "0.28", "best_ask": "0.36"}], "timestamp": "1769384172430", "event_type": "price_change"}}
