{"_local_timestamp": "2026-01-25T23:34:14.808112+00:00", "data": [{"market": "0x28c643391befcbb593e3b751402d434b107b32c87c44197a79042e2bf558d59a", "asset_id": "57352098424714472880474847263555092029974908866197892723260904828372870299115", "timestamp": "1769384020447", "hash": "68e8164c1436bf83c641f64ac6254a3171f63a1c", "bids": [{"price": "0.01", "size": "224.73"}, {"price": "0.02", "size": "159.71"}, {"price": "0.03", "size": "662.35"}, {"price": "0.04", "size": "512"}, {"price": "0.05", "size": "278.42"}, {"price": "0.06", "size": "33"}, {"price": "0.07", "size": "10.81"}, {"price": "0.08", "size": "85"}, {"price": "0.1", "size": "39"}, {"price": "0.14", "size": "10"}], "asks": [{"price": "0.99", "size": "600"}, {"price": "0.98", "size": "800"}, {"price": "0.97", "size": "266"}, {"price": "0.96", "size": "70"}, {"price": "0.94", "size": "51.07"}], "event_type": "book", "last_trade_price": ""}, {"market": "0x3fb18ec7ad2c026980da405492ec508f1620e52991f93c4786c0652a12eeda06", "asset_id": "22586766922669927809442515158662966361849834567283790340833310395105223221289", "timestamp": "1769384020447", "hash": "e1fb2cef795c5e94962cb53f42333b566925c164", "bids": [{"price": "0.01", "size": "618.9"}, {"price": "0.02", "size": "27.97"}, {"price": "0.03", "size": "658"}, {"price": "0.04", "size": "87"}, {"price": "0.05", "size": "78.94"}, {"price": "0.06", "size": "33"}, {"price": "0.07", "size": "97.48"}, {"price": "0.1", "size": "39"}, {"price": "0.13", "size": "10"}], "asks": [{"price": "0.99", "size": "600"}, {"price": "0.98", "size": "650"}, {"price": "0.97", "size": "266"}, {"price": "0.96", "size": "70"}, {"price": "0.94", "size": "47.99"}], "event_type": "book", "last_trade_price": ""}, {"market": "0x3ac96829c217c41854fcc0fd71d332a29d57f6ac4df91b38c0f79b0c9c54eb2d", "asset_id": "31260051916445432562810655540246309899637318561072857169676848504159193486975", "timestamp": "1769384021283", "hash": "a664ac3e9d9e344c18187250ab74d2aee5b5e458", "bids": [{"price": "0.01", "size": "600"}, {"price": "0.02", "size": "1000"}, {"price": "0.03", "size": "66"}, {"price": "0.04", "size": "158"}, {"price": "0.06", "size": "54.27"}], "asks": [{"price": "0.99", "size": "617.87"}, {"price": "0.98", "size": "157.54"}, {"price": "0.97", "size": "663.26"}, {"price": "0.96", "size": "94.48"}, {"price": "0.95", "size": "70"}, {"price": "0.94", "size": "39.84"}, {"price": "0.92", "size": "82"}, {"price": "0.91", "size": "8.91"}, {"price": "0.89", "size": "39"}, {"price": "0.87", "size": "10"}], "event_type": "book", "last_trade_price": ""}, {"market": "0x28c643391befcbb593e3b751402d434b107b32c87c44197a79042e2bf558d59a", "asset_id": "51283141998827104675263839299321628133064105264139723763187861561138309298834", "timestamp": "1769384020447", "hash": "e8021064dfe76e72c7fdcd6e1ec982baa375447b", "bids": [{"price": "0.01", "size": "600"}, {"price": "0.02", "size": "800"}, {"price": "0.03", "size": "266"}, {"price": "0.04", "size": "70"}, {"price": "0.06", "size": "51.07"}], "asks": [{"price": "0.99", "size": "224.73"}, {"price": "0.98", "size": "159.71"}, {"price": "0.97", "size": "662.35"}, {"price": "0.96", "size": "512"}, {"price": "0.95", "size": "278.42"}, {"price": "0.94", "size": "33"}, {"price": "0.93", "size": "10.81"}, {"price": "0.92", "size": "85"}, {"price": "0.9", "size": "39"}, {"price": "0.86", "size": "10"}], "event_type": "book", "last_trade_price": ""}, {"market": "0x3fb18ec7ad2c026980da405492ec508f1620e52991f93c4786c0652a12eeda06", "asset_id": "44508561573581738857859579023449973024875022518938225881013035899854483705538", "timestamp": "1769384020447", "hash": "0ee283f44c2b7db79beb1fe73fb96fa828892268", "bids": [{"price": "0.01", "size": "600"}, {"price": "0.02", "size": "650"}, {"price": "0.03", "size": "266"}, {"price": "0.04", "size": "70"}, {"price": "0.06", "size": "47.99"}], "asks": [{"price": "0.99", "size": "618.9"}, {"price": "0.98", "size": "27.97"}, {"price": "0.97", "size": "658"}, {"price": "0.96", "size": "87"}, {"price": "0.95", "size": "78.94"}, {"price": "0.94", "size": "33"}, {"price": "0.93", "size": "97.48"}, {"price": "0.9", "size": "39"}, {"price": "0.87", "size": "10"}], "event_type": "book", "last_trade_price": ""}, {"market": "0x3ac96829c217c41854fcc0fd71d332a29d57f6ac4df91b38c0f79b0c9c54eb2d", "asset_id": "10289562065066964222395747289528275084799808979527149889843620685730097693920", "timestamp": "1769384021283", "hash": "102011b682b90c1091ba10abc7ed946981726bef", "bids": [{"price": "0.01", "size": "617.87"}, {"price": "0.02", "size": "157.54"}, {"price": "0.03", "size": "663.26"}, {"price": "0.04", "size": "94.48"}, {"price": "0.05", "size": "70"}, {"price": "0.06", "size": "39.84"}, {"price": "0.08", "size": "82"}, {"price": "0.09", "size": "8.91"}, {"price": "0.11", "size": "39"}, {"price": "0.13", "size": "10"}], "asks": [{"price": "0.99", "size": "600"}, {"price": "0.98", "size": "1000"}, {"price": "0.97", "size": "66"}, {"price": "0.96", "size": "158"}, {"price": "0.94", "size": "54.27"}], "event_type": "book", "last_trade_price": ""}]}
