{"_local_timestamp": "2026-01-25T23:41:19.658347+00:00", "data": [{"market": "0xdbe51bbd40ca77053fd794ac247cd2d07a150921accdd624f9f345fbc63db48b", "asset_id": "87345926905556212316847105466061439969543894768822947485860245095466364170902", "timestamp": "1769384465941", "hash": "064426cd6b8c34da647a5143f31cff4a4f76ee5a", "bids": [{"price": "0.01", "size": "200"}, {"price": "0.34", "size": "224"}], "asks": [{"price": "0.99", "size": "100"}, {"price": "0.96", "size": "25"}, {"price": "0.95", "size": "5.47"}, {"price": "0.83", "size": "235"}], "event_type": "book", "last_trade_price": "0.260"}, {"market": "0x780c042865b2018eeb8ddcdec110c6839c6f27a8062b37dded79501920250afe", "asset_id": "79287164977737814011242460177248792416483317253936439908020481835936787513608", "timestamp": "1769384467333", "hash": "5e146fcc91346234aafcf8571d00e5870d5215c9", "bids": [{"price": "0.01", "size": "100"}, {"price": "0.02", "size": "33.33"}, {"price": "0.03", "size": "38.47"}, {"price": "0.26", "size": "208"}], "asks": [{"price": "0.99", "size": "200"}, {"price": "0.75", "size": "237"}], "event_type": "book", "last_trade_price": "0.200"}, {"market": "0x780c042865b2018eeb8ddcdec110c6839c6f27a8062b37dded79501920250afe", "asset_id": "96548263188568861225971459083251184634804319351377359745128053937517313229246", "timestamp": "1769384467333", "hash": "73f9c4a191d4686e8c3d003928aa1467f404a0a1", "bids": [{"price": "0.01", "size": "200"}, {"price": "0.25", "size": "237"}], "asks": [{"price": "0.99", "size": "100"}, {"price": "0.98", "size": "33.33"}, {"price": "0.97", "size": "38.47"}, {"price": "0.74", "size": "208"}], "event_type": "book", "last_trade_price": "0.200"}, {"market": "0x1feaf4097b273ee90aea00fdc5afa9ec6e14b518caf2ddbc421851bef1bdc168", "asset_id": "22033330904498269999207988435951609926608006932357150385292796096528006231715", "timestamp": "1769384473380", "hash": "23bf90ccc93acb0243b2709f27a1754d921172fc", "bids": [{"price": "0.01", "size": "200"}, {"price": "0.21", "size": "50"}, {"price": "0.44", "size": "222"}], "asks": [{"price": "0.99", "size": "191.9"}, {"price": "0.98", "size": "20.21"}, {"price": "0.97", "size": "25.54"}, {"price": "0.6", "size": "98"}], "event_type": "book", "last_trade_price": "0.420"}, {"market": "0xdbe51bbd40ca77053fd794ac247cd2d07a150921accdd624f9f345fbc63db48b", "asset_id": "36448007855605050896824786938032039502111327633212361142790079215548046414522", "timestamp": "1769384465941", "hash": "3bc58b0dc805ee2517e5a0ecfd49c5a4d7eb2192", "bids": [{"price": "0.01", "size": "100"}, {"price": "0.04", "size": "25"}, {"price": "0.05", "size": "5.47"}, {"price": "0.17", "size": "235"}], "asks": [{"price": "0.99", "size": "200"}, {"price": "0.66", "size": "224"}], "event_type": "book", "last_trade_price": "0.260"}, {"market": "0x1feaf4097b273ee90aea00fdc5afa9ec6e14b518caf2ddbc421851bef1bdc168", "asset_id": "18882795016423351779855047017846676160725151167446687947380948164302842014020", "timestamp": "1769384473380", "hash": "cee120db385024a684b2e100f3e63665006da000", "bids": [{"price": "0.01", "size": "191.9"}, {"price": "0.02", "size": "20.21"}, {"price": "0.03", "size": "25.54"}, {"price": "0.4", "size": "98"}], "asks": [{"price": "0.99", "size": "200"}, {"price": "0.79", "size": "50"}, {"price": "0.56", "size": "222"}], "event_type": "book", "last_trade_price": "0.420"}]}
{"_local_timestamp": "2026-01-25T23:42:16.818386+00:00", "data": {"market": "0x780c042865b2018eeb8ddcdec110c6839c6f27a8062b37dded79501920250afe", "price_changes": [{"asset_id": "79287164977737814011242460177248792416483317253936439908020481835936787513608", "price": "0.02", "size": "0", "side": "BUY", "hash": "f9009b90ddfd95dd191e83ba09f8267bf0aaf606", "best_bid": "0.26", "best_ask": "0.75"}, {"asset_id": "96548263188568861225971459083251184634804319351377359745128053937517313229246", "price": "0.98", "size": "0", "side": "SELL", "hash": "7e32e144ed75743b7bfb03b8c278564455641b0b", "best_bid": "0.25", "best_ask": "0.74"}], "timestamp": "1769384536743", "event_type": "price_change"}}
{"_local_timestamp": "2026-01-25T23:42:20.273136+00:00", "data": {"market": "0x780c042865b2018eeb8ddcdec110c6839c6f27a8062b37dded79501920250afe", "price_changes": [{"asset_id": "79287164977737814011242460177248792416483317253936439908020481835936787513608", "price": "0.04", "size": "13.41", "side": "BUY", "hash": "59c14fe00018c0f5a4337dcc25444fc9969d3c1a", "best_bid": "0.26", "best_ask": "0.75"}, {"asset_id": "96548263188568861225971459083251184634804319351377359745128053937517313229246", "price": "0.96", "size": "13.41", "side": "SELL", "hash": "ab41628b494779eb2f7109cda4fb57be6e264a55", "best_bid": "0.25", "best_ask": "0.74"}], "timestamp": "1769384540200", "event_type": "price_change"}}
{"_local_timestamp": "2026-01-25T23:42:20.273897+00:00", "data": {"market": "0x780c042865b2018eeb8ddcdec110c6839c6f27a8062b37dded79501920250afe", "price_changes": [{"asset_id": "79287164977737814011242460177248792416483317253936439908020481835936787513608", "price": "0.01", "size": "113.01", "side": "BUY", "hash": "da1aa0b03bf3b6113227e87c37f26477a180c6a4", "best_bid": "0.26", "best_ask": "0.75"}, {"asset_id": "96548263188568861225971459083251184634804319351377359745128053937517313229246", "price": "0.99", "size": "113.01", "side": "SELL", "hash": "b0f99a95138fe6943dc3ae2e436eaabf8f76e912", "best_bid": "0.25", "best_ask": "0.74"}], "timestamp": "1769384540203", "event_type": "price_change"}}
{"_local_timestamp": "2026-01-25T23:42:22.612299+00:00", "data": {"market": "0x1feaf4097b273ee90aea00fdc5afa9ec6e14b518caf2ddbc421851bef1bdc168", "price_changes": [{"asset_id": "22033330904498269999207988435951609926608006932357150385292796096528006231715", "price": "0.21", "size": "0", "side": "BUY", "hash": "42f7a0fc80aa2fe3fce1bae5b4ed7db1ce34b559", "best_bid": "0.44", "best_ask": "0.6"}, {"asset_id": "18882795016423351779855047017846676160725151167446687947380948164302842014020", "price": "0.79", "size": "0", "side": "SELL", "hash": "68e4dd9def925f4e8ddf4f58896d9990b4643913", "best_bid": "0.4", "best_ask": "0.56"}], "timestamp": "1769384542534", "event_type": "price_change"}}
{"_local_timestamp": "2026-01-25T23:42:22.638499+00:00", "data": {"market": "0x1feaf4097b273ee90aea00fdc5afa9ec6e14b518caf2ddbc421851bef1bdc168", "price_changes": [{"asset_id": "22033330904498269999207988435951609926608006932357150385292796096528006231715", "price": "0.2", "size": "234", "side": "BUY", "hash": "12d186d435b275e626c8a7bd0242cdf73ccef795", "best_bid": "0.44", "best_ask": "0.6"}, {"asset_id": "18882795016423351779855047017846676160725151167446687947380948164302842014020", "price": "0.8", "size": "234", "side": "SELL", "hash": "50fbd299586eae3d31776baefc2e7cfb545dcbf5", "best_bid": "0.4", "best_ask": "0.56"}], "timestamp": "1769384542562", "event_type": "price_change"}}
{"_local_timestamp": "2026-01-25T23:42:24.425404+00:00", "data": {"market": "0x780c042865b2018eeb8ddcdec110c6839c6f27a8062b37dded79501920250afe", "price_changes": [{"asset_id": "79287164977737814011242460177248792416483317253936439908020481835936787513608", "price": "0.03", "size": "33", "side": "BUY", "hash": "76619b889a8277140f2c9b65fac68af5056b4e32", "best_bid": "0.26", "best_ask": "0.75"}, {"asset_id": "96548263188568861225971459083251184634804319351377359745128053937517313229246", "price": "0.97", "size": "33", "side": "SELL", "hash": "5d99a34598842a1ef204b9665f4607d03f236660", "best_bid": "0.25", "best_ask": "0.74"}], "timestamp": "1769384544344", "event_type": "price_change"}}
{"_local_timestamp": "2026-01-25T23:42:24.462637+00:00", "data": {"market": "0x780c042865b2018eeb8ddcdec110c6839c6f27a8062b37dded79501920250afe", "price_changes": [{"asset_id": "79287164977737814011242460177248792416483317253936439908020481835936787513608", "price": "0.05", "size": "5.47", "side": "BUY", "hash": "e2abf0ed95308c686355e07a9771f7e0b823e54d", "best_bid": "0.26", "best_ask": "0.75"}, {"asset_id": "96548263188568861225971459083251184634804319351377359745128053937517313229246", "price": "0.95", "size": "5.47", "side": "SELL", "hash": "1f8ae9eb7c2c3b4e04293c8e7f4e0c7c288f08f8", "best_bid": "0.25", "best_ask": "0.74"}], "timestamp": "1769384544393", "event_type": "price_change"}}
{"_local_timestamp": "2026-01-25T23:42:26.331474+00:00", "data": {"market": "0x780c042865b2018eeb8ddcdec110c6839c6f27a8062b37dded79501920250afe", "price_changes": [{"asset_id": "96548263188568861225971459083251184634804319351377359745128053937517313229246", "price": "0.01", "size": "211.61", "side": "BUY", "hash": "1cdafc77c0053e179b700c9214afe8c01b119b48", "best_bid": "0.25", "best_ask": "0.74"}, {"asset_id": "79287164977737814011242460177248792416483317253936439908020481835936787513608", "price": "0.99", "size": "211.61", "side": "SELL", "hash": "d41b02f45257fe5cec8b5aeb23ba51f1a8b2cf6c", "best_bid": "0.26", "best_ask": "0.75"}], "timestamp": "1769384546255", "event_type": "price_change"}}
{"_local_timestamp": "2026-01-25T23:42:26.349016+00:00", "data": {"market": "0x780c042865b2018eeb8ddcdec110c6839c6f27a8062b37dded79501920250afe", "price_changes": [{"asset_id": "96548263188568861225971459083251184634804319351377359745128053937517313229246", "price": "0.02", "size": "94.19", "side": "BUY", "hash": "7064c77b03c1214b5b340c62b74fc999dd301334", "best_bid": "0.25", "best_ask": "0.74"}, {"asset_id": "79287164977737814011242460177248792416483317253936439908020481835936787513608", "price": "0.98", "size": "94.19", "side": "SELL", "hash": "a57f7e3d0f876edcaab2fe6ec24080c0e7277005", "best_bid": "0.26", "best_ask": "0.75"}], "timestamp": "1769384546278", "event_type": "price_change"}}
{"_local_timestamp": "2026-01-25T23:42:34.775149+00:00", "data": {"market": "0x1feaf4097b273ee90aea00fdc5afa9ec6e14b518caf2ddbc421851bef1bdc168", "price_changes": [{"asset_id": "22033330904498269999207988435951609926608006932357150385292796096528006231715", "price": "0.2", "size": "0", "side": "BUY", "hash": "ce6d08aa916379968e03fba73f564063e028ae6c", "best_bid": "0.44", "best_ask": "0.6"}, {"asset_id": "18882795016423351779855047017846676160725151167446687947380948164302842014020", "price": "0.8", "size": "0", "side": "SELL", "hash": "ba2164238c13b4a389f551b2c0481925a2d35888", "best_bid": "0.4", "best_ask": "0.56"}], "timestamp": "1769384554702", "event_type": "price_change"}}
{"_local_timestamp": "2026-01-25T23:42:34.802467+00:00", "data": {"market": "0x1feaf4097b273ee90aea00fdc5afa9ec6e14b518caf2ddbc421851bef1bdc168", "price_changes": [{"asset_id": "22033330904498269999207988435951609926608006932357150385292796096528006231715", "price": "0.21", "size": "55", "side": "BUY", "hash": "ae5efe5d8cb45db36727e18dfe8c4fb7ccfab8c0", "best_bid": "0.44", "best_ask": "0.6"}, {"asset_id": "18882795016423351779855047017846676160725151167446687947380948164302842014020", "price": "0.79", "size": "55", "side": "SELL", "hash": "4b86fff6d8acdf381b8443911d34b6138ce59ce6", "best_bid": "0.4", "best_ask": "0.56"}], "timestamp": "1769384554732", "event_type": "price_change"}}
{"_local_timestamp": "2026-01-25T23:42:37.786195+00:00", "data": {"market": "0x1feaf4097b273ee90aea00fdc5afa9ec6e14b518caf2ddbc421851bef1bdc168", "price_changes": [{"asset_id": "22033330904498269999207988435951609926608006932357150385292796096528006231715", "price": "0.21", "size": "0", "side": "BUY", "hash": "78affc6d0b25023f877cb7b9b8daf46aabeebb6f", "best_bid": "0.44", "best_ask": "0.6"}, {"asset_id": "18882795016423351779855047017846676160725151167446687947380948164302842014020", "price": "0.79", "size": "0", "side": "SELL", "hash": "715d3b858dae4f2dfa9cdd70a278a0849c5ffb20", "best_bid": "0.4", "best_ask": "0.56"}], "timestamp": "1769384557711", "event_type": "price_change"}}
{"_local_timestamp": "2026-01-25T23:42:37.808518+00:00", "data": {"market": "0x1feaf4097b273ee90aea00fdc5afa9ec6e14b518caf2ddbc421851bef1bdc168", "price_changes": [{"asset_id": "22033330904498269999207988435951609926608006932357150385292796096528006231715", "price": "0.2", "size": "216", "side": "BUY", "hash": "5f5492750dfd50b285e8f3e7ec6d5d6843dc3553", "best_bid": "0.44", "best_ask": "0.6"}, {"asset_id": "18882795016423351779855047017846676160725151167446687947380948164302842014020", "price": "0.8", "size": "216", "side": "SELL", "hash": "e1d794ff6219605dffe4a359ddd2db25c1ff49df", "best_bid": "0.4", "best_ask": "0.56"}], "timestamp": "1769384557739", "event_type": "price_change"}}
{"_local_timestamp": "2026-01-25T23:43:06.367592+00:00", "data": {"market": "0x1feaf4097b273ee90aea00fdc5afa9ec6e14b518caf2ddbc421851bef1bdc168", "price_changes": [{"asset_id": "22033330904498269999207988435951609926608006932357150385292796096528006231715", "price": "0.2", "size": "0", "side": "BUY", "hash": "c99f08cccdd476f2fae1387f947f2553bb2b6f31", "best_bid": "0.44", "best_ask": "0.6"}, {"asset_id": "18882795016423351779855047017846676160725151167446687947380948164302842014020", "price": "0.8", "size": "0", "side": "SELL", "hash": "7074e0b3894cc01777b4f866be5867420f271627", "best_bid": "0.4", "best_ask": "0.56"}], "timestamp": "1769384586171", "event_type": "price_change"}}
{"_local_timestamp": "2026-01-25T23:43:06.398904+00:00", "data": {"market": "0x1feaf4097b273ee90aea00fdc5afa9ec6e14b518caf2ddbc421851bef1bdc168", "price_changes": [{"asset_id": "22033330904498269999207988435951609926608006932357150385292796096528006231715", "price": "0.21", "size": "55", "side": "BUY", "hash": "6b9807ba3c942aa1e50f8fc941fc2d54f1301304", "best_bid": "0.44", "best_ask": "0.6"}, {"asset_id": "18882795016423351779855047017846676160725151167446687947380948164302842014020", "price": "0.79", "size": "55", "side": "SELL", "hash": "66133bdd2fd251acfc0080f2cad44de12930850c", "best_bid": "0.4", "best_ask": "0.56"}], "timestamp": "1769384586200", "event_type": "price_change"}}
{"_local_timestamp": "2026-01-25T23:43:06.436524+00:00", "data": {"market": "0x1feaf4097b273ee90aea00fdc5afa9ec6e14b518caf2ddbc421851bef1bdc168", "price_changes": [{"asset_id": "22033330904498269999207988435951609926608006932357150385292796096528006231715", "price": "0.21", "size": "0", "side": "BUY", "hash": "a5aa9c997ce280e571855d18cef9f3df88459022", "best_bid": "0.44", "best_ask": "0.6"}, {"asset_id": "18882795016423351779855047017846676160725151167446687947380948164302842014020", "price": "0.79", "size": "0", "side": "SELL", "hash": "d2d129c2b4290eb6b1b70ed59b9dced5619e8d1d", "best_bid": "0.4", "best_ask": "0.56"}], "timestamp": "1769384586225", "event_type": "price_change"}}
{"_local_timestamp": "2026-01-25T23:43:06.806817+00:00", "data": {"market": "0x1feaf4097b273ee90aea00fdc5afa9ec6e14b518caf2ddbc421851bef1bdc168", "price_changes": [{"asset_id": "22033330904498269999207988435951609926608006932357150385292796096528006231715", "price": "0.2", "size": "188", "side": "BUY", "hash": "d127a096a3371447964cc708e3b356f133672522", "best_bid": "0.44", "best_ask": "0.6"}, {"asset_id": "18882795016423351779855047017846676160725151167446687947380948164302842014020", "price": "0.8", "size": "188", "side": "SELL", "hash": "7e055b399fce9c7773eb9d6e54529c399a2fa136", "best_bid": "0.4", "best_ask": "0.56"}], "timestamp": "1769384586623", "event_type": "price_change"}}
{"_local_timestamp": "2026-01-25T23:43:07.401115+00:00", "data": {"market": "0x1feaf4097b273ee90aea00fdc5afa9ec6e14b518caf2ddbc421851bef1bdc168", "price_changes": [{"asset_id": "22033330904498269999207988435951609926608006932357150385292796096528006231715", "price": "0.2", "size": "0", "side": "BUY", "hash": "1474ec7888e238866206ca05beb0505af4e0c938", "best_bid": "0.44", "best_ask": "0.6"}, {"asset_id": "18882795016423351779855047017846676160725151167446687947380948164302842014020", "price": "0.8", "size": "0", "side": "SELL", "hash": "1d56f6e1a46679e897959e7fb1c86d87a66a3c3c", "best_bid": "0.4", "best_ask": "0.56"}], "timestamp": "1769384587263", "event_type": "price_change"}}
{"_local_timestamp": "2026-01-25T23:43:07.416877+00:00", "data": {"market": "0xdbe51bbd40ca77053fd794ac247cd2d07a150921accdd624f9f345fbc63db48b", "price_changes": [{"asset_id": "36448007855605050896824786938032039502111327633212361142790079215548046414522", "price": "0.17", "size": "0", "side": "BUY", "hash": "78c626a1aa80e80b23a06c858b3665db65dc858c", "best_bid": "0.05", "best_ask": "0.66"}, {"asset_id": "87345926905556212316847105466061439969543894768822947485860245095466364170902", "price": "0.83", "size": "0", "side": "SELL", "hash": "09858222b1937fca1866cd49cf87463891a67c5a", "best_bid": "0.34", "best_ask": "0.95"}], "timestamp": "1769384587277", "event_type": "price_change"}}
{"_local_timestamp": "2026-01-25T23:43:07.417731+00:00", "data": {"market": "0x780c042865b2018eeb8ddcdec110c6839c6f27a8062b37dded79501920250afe", "price_changes": [{"asset_id": "79287164977737814011242460177248792416483317253936439908020481835936787513608", "price": "0.26", "size": "0", "side": "BUY", "hash": "1f81f8c4487a8e4f11e9328d1caa7fc7e5fc6929", "best_bid": "0.05", "best_ask": "0.75"}, {"asset_id": "96548263188568861225971459083251184634804319351377359745128053937517313229246", "price": "0.74", "size": "0", "side": "SELL", "hash": "aa7a2cdc12916200cd4555aa84855129cce2f46c", "best_bid": "0.25", "best_ask": "0.95"}], "timestamp": "1769384587278", "event_type": "price_change"}}
{"_local_timestamp": "2026-01-25T23:43:07.418358+00:00", "data": {"market": "0xdbe51bbd40ca77053fd794ac247cd2d07a150921accdd624f9f345fbc63db48b", "price_changes": [{"asset_id": "87345926905556212316847105466061439969543894768822947485860245095466364170902", "price": "0.34", "size": "0", "side": "BUY", "hash": "53f834f66d90d093863a4e48a5e6e4bde14b52f1", "best_bid": "0.01", "best_ask": "0.95"}, {"asset_id": "36448007855605050896824786938032039502111327633212361142790079215548046414522", "price": "0.66", "size": "0", "side": "SELL", "hash": "d8c7552012dba90fda54fec82f622c9189445506", "best_bid": "0.05", "best_ask": "0.99"}], "timestamp": "1769384587278", "event_type": "price_change"}}
{"_local_timestamp": "2026-01-25T23:43:07.420669+00:00", "data": {"market": "0x1feaf4097b273ee90aea00fdc5afa9ec6e14b518caf2ddbc421851bef1bdc168", "price_changes": [{"asset_id": "18882795016423351779855047017846676160725151167446687947380948164302842014020", "price": "0.4", "size": "0", "side": "BUY", "hash": "35c976627ab764f14720d66f569d05420119868d", "best_bid": "0.03", "best_ask": "0.56"}, {"asset_id": "22033330904498269999207988435951609926608006932357150385292796096528006231715", "price": "0.6", "size": "0", "side": "SELL", "hash": "4c8c25914948c2a17452abe08dc84c9995886a66", "best_bid": "0.44", "best_ask": "0.97"}], "timestamp": "1769384587280", "event_type": "price_change"}}
{"_local_timestamp": "2026-01-25T23:43:07.421429+00:00", "data": {"market": "0x780c042865b2018eeb8ddcdec110c6839c6f27a8062b37dded79501920250afe", "price_changes": [{"asset_id": "96548263188568861225971459083251184634804319351377359745128053937517313229246", "price": "0.25", "size": "0", "side": "BUY", "hash": "e598874d505b123e1290d4e1a0e1e1548f91e018", "best_bid": "0.02", "best_ask": "0.95"}, {"asset_id": "79287164977737814011242460177248792416483317253936439908020481835936787513608", "price": "0.75", "size": "0", "side": "SELL", "hash": "0bf16b7656451b4f42298d2eb3089df5cf9551bf", "best_bid": "0.05", "best_ask": "0.98"}], "timestamp": "1769384587280", "event_type": "price_change"}}
{"_local_timestamp": "2026-01-25T23:43:10.789891+00:00", "data": {"market": "0x1feaf4097b273ee90aea00fdc5afa9ec6e14b518caf2ddbc421851bef1bdc168", "price_changes": [{"asset_id": "18882795016423351779855047017846676160725151167446687947380948164302842014020", "price": "0.04", "size": "5.47", "side": "BUY", "hash": "8937c883c926df4ae42458bcbd730f73e248492e", "best_bid": "0.04", "best_ask": "0.56"}, {"asset_id": "22033330904498269999207988435951609926608006932357150385292796096528006231715", "price": "0.96", "size": "5.47", "side": "SELL", "hash": "eb8d3f2ff06e775c93cb0f6b0f58dbf8f20b29ae", "best_bid": "0.44", "best_ask": "0.96"}], "timestamp": "1769384590721", "event_type": "price_change"}}
{"_local_timestamp": "2026-01-25T23:43:11.295042+00:00", "data": {"market": "0x780c042865b2018eeb8ddcdec110c6839c6f27a8062b37dded79501920250afe", "price_changes": [{"asset_id": "96548263188568861225971459083251184634804319351377359745128053937517313229246", "price": "0.01", "size": "200", "side": "BUY", "hash": "c4b0703fe92d719154554e57d9ed884539350195", "best_bid": "0.01", "best_ask": "0.95"}, {"asset_id": "79287164977737814011242460177248792416483317253936439908020481835936787513608", "price": "0.99", "size": "200", "side": "SELL", "hash": "d971f2e632430cf4560d39c3a83f55d68f8687e5", "best_bid": "0.05", "best_ask": "0.99"}], "timestamp": "1769384591226", "event_type": "price_change"}}
{"_local_timestamp": "2026-01-25T23:43:11.295854+00:00", "data": {"market": "0x780c042865b2018eeb8ddcdec110c6839c6f27a8062b37dded79501920250afe", "price_changes": [{"asset_id": "96548263188568861225971459083251184634804319351377359745128053937517313229246", "price": "0.02", "size": "0", "side": "BUY", "hash": "c4b0703fe92d719154554e57d9ed884539350195", "best_bid": "0.01", "best_ask": "0.95"}, {"asset_id": "79287164977737814011242460177248792416483317253936439908020481835936787513608", "price": "0.98", "size": "0", "side": "SELL", "hash": "d971f2e632430cf4560d39c3a83f55d68f8687e5", "best_bid": "0.05", "best_ask": "0.99"}], "timestamp": "1769384591226", "event_type": "price_change"}}
{"_local_timestamp": "2026-01-25T23:44:24.523292+00:00", "data": {"market": "0x1feaf4097b273ee90aea00fdc5afa9ec6e14b518caf2ddbc421851bef1bdc168", "price_changes": [{"asset_id": "22033330904498269999207988435951609926608006932357150385292796096528006231715", "price": "0.2", "size": "212", "side": "BUY", "hash": "7ec46178f18473b78f26c3cb19ca31854a5e26a2", "best_bid": "0.44", "best_ask": "0.96"}, {"asset_id": "18882795016423351779855047017846676160725151167446687947380948164302842014020", "price": "0.8", "size": "212", "side": "SELL", "hash": "0fc53a04d742cfccea72738fb1321e04cfa28961", "best_bid": "0.04", "best_ask": "0.56"}], "timestamp": "1769384664449", "event_type": "price_change"}}
{"_local_timestamp": "2026-01-25T23:44:24.820370+00:00", "data": {"market": "0xdbe51bbd40ca77053fd794ac247cd2d07a150921accdd624f9f345fbc63db48b", "price_changes": [{"asset_id": "36448007855605050896824786938032039502111327633212361142790079215548046414522", "price": "0.17", "size": "209", "side": "BUY", "hash": "1f2873ebc49c7eaba9e064fdd1afc576be744391", "best_bid": "0.17", "best_ask": "0.99"}, {"asset_id": "87345926905556212316847105466061439969543894768822947485860245095466364170902", "price": "0.83", "size": "209", "side": "SELL", "hash": "2d963c8c792e064747221bf6cf60a949c2c2c3d8", "best_bid": "0.01", "best_ask": "0.83"}], "timestamp": "1769384664745", "event_type": "price_change"}}
{"_local_timestamp": "2026-01-25T23:44:25.579704+00:00", "data": {"market": "0x1feaf4097b273ee90aea00fdc5afa9ec6e14b518caf2ddbc421851bef1bdc168", "price_changes": [{"asset_id": "22033330904498269999207988435951609926608006932357150385292796096528006231715", "price": "0.2", "size": "0", "side": "BUY", "hash": "8ba9e57946cd9f90f85699d97545f64801810c55", "best_bid": "0.44", "best_ask": "0.96"}, {"asset_id": "18882795016423351779855047017846676160725151167446687947380948164302842014020", "price": "0.8", "size": "0", "side": "SELL", "hash": "2090ad7ece77858a1d5c7dfe7b70f4618dc89cfd", "best_bid": "0.04", "best_ask": "0.56"}], "timestamp": "1769384665511", "event_type": "price_change"}}
{"_local_timestamp": "2026-01-25T23:44:25.690771+00:00", "data": {"market": "0x1feaf4097b273ee90aea00fdc5afa9ec6e14b518caf2ddbc421851bef1bdc168", "price_changes": [{"asset_id": "22033330904498269999207988435951609926608006932357150385292796096528006231715", "price": "0.19", "size": "203", "side": "BUY", "hash": "8d8b1a31199790a5c95c350530e24baeb6735f7e", "best_bid": "0.44", "best_ask": "0.96"}, {"asset_id": "18882795016423351779855047017846676160725151167446687947380948164302842014020", "price": "0.81", "size": "203", "side": "SELL", "hash": "e19b30661018fa92d74170c2d41c6928d2cad257", "best_bid": "0.04", "best_ask": "0.56"}], "timestamp": "1769384665624", "event_type": "price_change"}}
{"_local_timestamp": "2026-01-25T23:44:26.670279+00:00", "data": {"market": "0x1feaf4097b273ee90aea00fdc5afa9ec6e14b518caf2ddbc421851bef1bdc168", "price_changes": [{"asset_id": "22033330904498269999207988435951609926608006932357150385292796096528006231715", "price": "0.19", "size": "0", "side": "BUY", "hash": "aad3443ecc47764a7163811ddcba225b5dcfac8c", "best_bid": "0.44", "best_ask": "0.96"}, {"asset_id": "18882795016423351779855047017846676160725151167446687947380948164302842014020", "price": "0.81", "size": "0", "side": "SELL", "hash": "2232812fe926f194a2131f3551f391c0f02aab01", "best_bid": "0.04", "best_ask": "0.56"}], "timestamp": "1769384666599", "event_type": "price_change"}}
{"_local_timestamp": "2026-01-25T23:44:29.762964+00:00", "data": {"market": "0x1feaf4097b273ee90aea00fdc5afa9ec6e14b518caf2ddbc421851bef1bdc168", "price_changes": [{"asset_id": "22033330904498269999207988435951609926608006932357150385292796096528006231715", "price": "0.2", "size": "225", "side": "BUY", "hash": "1f286cbe4e95ba2f1568a35d2cf734f9cf204230", "best_bid": "0.44", "best_ask": "0.96"}, {"asset_id": "18882795016423351779855047017846676160725151167446687947380948164302842014020", "price": "0.8", "size": "225", "side": "SELL", "hash": "e291abde224e6e47011b0197fcab0d123b20ffb8", "best_bid": "0.04", "best_ask": "0.56"}], "timestamp": "1769384669689", "event_type": "price_change"}}
{"_local_timestamp": "2026-01-25T23:44:30.075081+00:00", "data": {"market": "0x1feaf4097b273ee90aea00fdc5afa9ec6e14b518caf2ddbc421851bef1bdc168", "price_changes": [{"asset_id": "18882795016423351779855047017846676160725151167446687947380948164302842014020", "price": "0.42", "size": "215", "side": "BUY", "hash": "1d5e391b99ff9f836e9ec27d6c74c385cbf1e782", "best_bid": "0.42", "best_ask": "0.56"}, {"asset_id": "22033330904498269999207988435951609926608006932357150385292796096528006231715", "price": "0.58", "size": "215", "side": "SELL", "hash": "56a01e5f34f8354edd042e769228b9d7ccfdd182", "best_bid": "0.44", "best_ask": "0.58"}], "timestamp": "1769384669998", "event_type": "price_change"}}
{"_local_timestamp": "2026-01-25T23:44:31.129549+00:00", "data": {"market": "0xdbe51bbd40ca77053fd794ac247cd2d07a150921accdd624f9f345fbc63db48b", "price_changes": [{"asset_id": "87345926905556212316847105466061439969543894768822947485860245095466364170902", "price": "0.36", "size": "225", "side": "BUY", "hash": "bfe8c6b6993e832ddf746e94a3257155bdf78f82", "best_bid": "0.36", "best_ask": "0.83"}, {"asset_id": "36448007855605050896824786938032039502111327633212361142790079215548046414522", "price": "0.64", "size": "225", "side": "SELL", "hash": "1fb5eb7c98fbe3e6dba13cde21a572087891abaf", "best_bid": "0.17", "best_ask": "0.64"}], "timestamp": "1769384671056", "event_type": "price_change"}}
{"_local_timestamp": "2026-01-25T23:44:31.825373+00:00", "data": {"market": "0x780c042865b2018eeb8ddcdec110c6839c6f27a8062b37dded79501920250afe", "price_changes": [{"asset_id": "79287164977737814011242460177248792416483317253936439908020481835936787513608", "price": "0.26", "size": "214", "side": "BUY", "hash": "335ec6ffd5c13ba323ead6030d47a33859aa3e7b", "best_bid": "0.26", "best_ask": "0.99"}, {"asset_id": "96548263188568861225971459083251184634804319351377359745128053937517313229246", "price": "0.74", "size": "214", "side": "SELL", "hash": "f29e6dc71cb1a294aca921325c5347e0cca671fd", "best_bid": "0.01", "best_ask": "0.74"}], "timestamp": "1769384671728", "event_type": "price_change"}}
{"_local_timestamp": "2026-01-25T23:44:31.984901+00:00", "data": {"market": "0x780c042865b2018eeb8ddcdec110c6839c6f27a8062b37dded79501920250afe", "price_changes": [{"asset_id": "96548263188568861225971459083251184634804319351377359745128053937517313229246", "price": "0.26", "size": "208", "side": "BUY", "hash": "ca16b751055af80464560805b62a4760917c9e34", "best_bid": "0.26", "best_ask": "0.74"}, {"asset_id": "79287164977737814011242460177248792416483317253936439908020481835936787513608", "price": "0.74", "size": "208", "side": "SELL", "hash": "c9ae3942515b53739d9b4657f8d2ff7ba83de4ad", "best_bid": "0.26", "best_ask": "0.74"}], "timestamp": "1769384671919", "event_type": "price_change"}}
{"_local_timestamp": "2026-01-25T23:44:32.070805+00:00", "data": {"market": "0x1feaf4097b273ee90aea00fdc5afa9ec6e14b518caf2ddbc421851bef1bdc168", "price_changes": [{"asset_id": "18882795016423351779855047017846676160725151167446687947380948164302842014020", "price": "0.04", "size": "0", "side": "BUY", "hash": "55c3208b9071e42b4cea99f92262808cfce3c402", "best_bid": "0.42", "best_ask": "0.56"}, {"asset_id": "22033330904498269999207988435951609926608006932357150385292796096528006231715", "price": "0.96", "size": "0", "side": "SELL", "hash": "3e981d0dbbcc183db917eaa53228c0dea9fed016", "best_bid": "0.44", "best_ask": "0.58"}], "timestamp": "1769384671998", "event_type": "price_change"}}
{"_local_timestamp": "2026-01-25T23:45:02.882790+00:00", "data": {"market": "0x780c042865b2018eeb8ddcdec110c6839c6f27a8062b37dded79501920250afe", "price_changes": [{"asset_id": "79287164977737814011242460177248792416483317253936439908020481835936787513608", "price": "0.26", "size": "0", "side": "BUY", "hash": "add8e528ebeda0d235ee1a7456a3f8361dc4d59d", "best_bid": "0.05", "best_ask": "0.74"}, {"asset_id": "96548263188568861225971459083251184634804319351377359745128053937517313229246", "price": "0.74", "size": "0", "side": "SELL", "hash": "bcfd49e3f343004346e55926608e8d85479a4437", "best_bid": "0.26", "best_ask": "0.95"}], "timestamp": "1769384702811", "event_type": "price_change"}}
{"_local_timestamp": "2026-01-25T23:45:02.990597+00:00", "data": {"market": "0x780c042865b2018eeb8ddcdec110c6839c6f27a8062b37dded79501920250afe", "price_changes": [{"asset_id": "79287164977737814011242460177248792416483317253936439908020481835936787513608", "price": "0.01", "size": "166.01", "side": "BUY", "hash": "db1c74e0ba834dd4988f75ea3cdac877de91aaca", "best_bid": "0.05", "best_ask": "0.74"}, {"asset_id": "96548263188568861225971459083251184634804319351377359745128053937517313229246", "price": "0.99", "size": "166.01", "side": "SELL", "hash": "34ba1b6fdaa0a70a106af5ceb46ac761789d182b", "best_bid": "0.26", "best_ask": "0.95"}], "timestamp": "1769384702922", "event_type": "price_change"}}
{"_local_timestamp": "2026-01-25T23:45:03.133989+00:00", "data": {"market": "0x780c042865b2018eeb8ddcdec110c6839c6f27a8062b37dded79501920250afe", "price_changes": [{"asset_id": "79287164977737814011242460177248792416483317253936439908020481835936787513608", "price": "0.01", "size": "113.01", "side": "BUY", "hash": "0d9deaf735f372675f89ccc79ce2211371bca87e", "best_bid": "0.05", "best_ask": "0.74"}, {"asset_id": "96548263188568861225971459083251184634804319351377359745128053937517313229246", "price": "0.99", "size": "113.01", "side": "SELL", "hash": "46551d0cdf0b287d7c5f8d4eec4d5a6d0ecb9fd9", "best_bid": "0.26", "best_ask": "0.95"}], "timestamp": "1769384703059", "event_type": "price_change"}}
{"_local_timestamp": "2026-01-25T23:45:03.493139+00:00", "data": {"market": "0x1feaf4097b273ee90aea00fdc5afa9ec6e14b518caf2ddbc421851bef1bdc168", "price_changes": [{"asset_id": "18882795016423351779855047017846676160725151167446687947380948164302842014020", "price": "0.03", "size": "0", "side": "BUY", "hash": "c40f8e49f16ed1267056c234ddbe98f27e90b9b8", "best_bid": "0.42", "best_ask": "0.56"}, {"asset_id": "22033330904498269999207988435951609926608006932357150385292796096528006231715", "price": "0.97", "size": "0", "side": "SELL", "hash": "be73407531154c885fe6aeb0d2f8bebfbe54d47d", "best_bid": "0.44", "best_ask": "0.58"}], "timestamp": "1769384703424", "event_type": "price_change"}}
{"_local_timestamp": "2026-01-25T23:45:04.125404+00:00", "data": {"market": "0x1feaf4097b273ee90aea00fdc5afa9ec6e14b518caf2ddbc421851bef1bdc168", "price_changes": [{"asset_id": "22033330904498269999207988435951609926608006932357150385292796096528006231715", "price": "0.2", "size": "0", "side": "BUY", "hash": "7bc8c01d7d2396009e9436db52ce9ec99c7ca541", "best_bid": "0.44", "best_ask": "0.58"}, {"asset_id": "18882795016423351779855047017846676160725151167446687947380948164302842014020", "price": "0.8", "size": "0", "side": "SELL", "hash": "9c6e6449d03bfeea9da62a88d8a88ea02c78fdfb", "best_bid": "0.42", "best_ask": "0.56"}], "timestamp": "1769384704032", "event_type": "price_change"}}
{"_local_timestamp": "2026-01-25T23:45:04.146032+00:00", "data": {"market": "0x1feaf4097b273ee90aea00fdc5afa9ec6e14b518caf2ddbc421851bef1bdc168", "price_changes": [{"asset_id": "22033330904498269999207988435951609926608006932357150385292796096528006231715", "price": "0.19", "size": "173", "side": "BUY", "hash": "399d17dd84a75ff6c48fbb15b476f44aa6e3a9f7", "best_bid": "0.44", "best_ask": "0.58"}, {"asset_id": "18882795016423351779855047017846676160725151167446687947380948164302842014020", "price": "0.81", "size": "173", "side": "SELL", "hash": "c23df0284fd30a47a00e1967e467cd7ae6f9a066", "best_bid": "0.42", "best_ask": "0.56"}], "timestamp": "1769384704071", "event_type": "price_change"}}
{"_local_timestamp": "2026-01-25T23:45:05.002974+00:00", "data": {"market": "0x1feaf4097b273ee90aea00fdc5afa9ec6e14b518caf2ddbc421851bef1bdc168", "price_changes": [{"asset_id": "22033330904498269999207988435951609926608006932357150385292796096528006231715", "price": "0.19", "size": "0", "side": "BUY", "hash": "a6a6656b5d1b16ca4f61a04202f9a0f22de7c3e1", "best_bid": "0.44", "best_ask": "0.58"}, {"asset_id": "18882795016423351779855047017846676160725151167446687947380948164302842014020", "price": "0.81", "size": "0", "side": "SELL", "hash": "c740e318bdfdd960470ef94db64999753d5c6855", "best_bid": "0.42", "best_ask": "0.56"}], "timestamp": "1769384704935", "event_type": "price_change"}}
{"_local_timestamp": "2026-01-25T23:45:05.050929+00:00", "data": {"market": "0x1feaf4097b273ee90aea00fdc5afa9ec6e14b518caf2ddbc421851bef1bdc168", "price_changes": [{"asset_id": "22033330904498269999207988435951609926608006932357150385292796096528006231715", "price": "0.2", "size": "46", "side": "BUY", "hash": "4c67c6ddc2bf00c236b63532dcb0e22ed9942b03", "best_bid": "0.44", "best_ask": "0.58"}, {"asset_id": "18882795016423351779855047017846676160725151167446687947380948164302842014020", "price": "0.8", "size": "46", "side": "SELL", "hash": "028389977658ee9386e922025c52a9475f9655ea", "best_bid": "0.42", "best_ask": "0.56"}], "timestamp": "1769384704983", "event_type": "price_change"}}
{"_local_timestamp": "2026-01-25T23:45:05.811959+00:00", "data": {"market": "0x1feaf4097b273ee90aea00fdc5afa9ec6e14b518caf2ddbc421851bef1bdc168", "price_changes": [{"asset_id": "18882795016423351779855047017846676160725151167446687947380948164302842014020", "price": "0.02", "size": "75", "side": "BUY", "hash": "1c129336628bc4bf67d2a123e3c53095b4e8efc2", "best_bid": "0.42", "best_ask": "0.56"}, {"asset_id": "22033330904498269999207988435951609926608006932357150385292796096528006231715", "price": "0.98", "size": "75", "side": "SELL", "hash": "91746d9515ca6889dfeca86cc5ea50764bd177dc", "best_bid": "0.44", "best_ask": "0.58"}], "timestamp": "1769384705741", "event_type": "price_change"}}
{"_local_timestamp": "2026-01-25T23:45:05.831960+00:00", "data": {"market": "0x1feaf4097b273ee90aea00fdc5afa9ec6e14b518caf2ddbc421851bef1bdc168", "price_changes": [{"asset_id": "18882795016423351779855047017846676160725151167446687947380948164302842014020", "price": "0.01", "size": "199.99", "side": "BUY", "hash": "09503bec1bf64ad3e11740697bd15ed8c396a2ae", "best_bid": "0.42", "best_ask": "0.56"}, {"asset_id": "22033330904498269999207988435951609926608006932357150385292796096528006231715", "price": "0.99", "size": "199.99", "side": "SELL", "hash": "63ad978fc6ae5705220a3d8f3efad0dcf4e62690", "best_bid": "0.44", "best_ask": "0.58"}], "timestamp": "1769384705752", "event_type": "price_change"}}
{"_local_timestamp": "2026-01-25T23:45:15.537424+00:00", "data": {"market": "0x780c042865b2018eeb8ddcdec110c6839c6f27a8062b37dded79501920250afe", "price_changes": [{"asset_id": "79287164977737814011242460177248792416483317253936439908020481835936787513608", "price": "0.26", "size": "58", "side": "BUY", "hash": "ede4735710ee370de653c1dd544de6e8426cc7b1", "best_bid": "0.26", "best_ask": "0.74"}, {"asset_id": "96548263188568861225971459083251184634804319351377359745128053937517313229246", "price": "0.74", "size": "58", "side": "SELL", "hash": "80d38df57231ebb39aaddda6038ef5851ee2e2dd", "best_bid": "0.26", "best_ask": "0.74"}], "timestamp": "1769384715457", "event_type": "price_change"}}
{"_local_timestamp": "2026-01-25T23:45:21.796902+00:00", "data": {"market": "0x780c042865b2018eeb8ddcdec110c6839c6f27a8062b37dded79501920250afe", "price_changes": [{"asset_id": "79287164977737814011242460177248792416483317253936439908020481835936787513608", "price": "0.26", "size": "0", "side": "BUY", "hash": "eb19f93a928ca5a93d09f39adecc87baa04e20f3", "best_bid": "0.05", "best_ask": "0.74"}, {"asset_id": "96548263188568861225971459083251184634804319351377359745128053937517313229246", "price": "0.74", "size": "0", "side": "SELL", "hash": "49221a1caaecac251013b18b4c6e29ba337123f7", "best_bid": "0.26", "best_ask": "0.95"}], "timestamp": "1769384721727", "event_type": "price_change"}}
{"_local_timestamp": "2026-01-25T23:45:23.610992+00:00", "data": {"market": "0x1feaf4097b273ee90aea00fdc5afa9ec6e14b518caf2ddbc421851bef1bdc168", "price_changes": [{"asset_id": "22033330904498269999207988435951609926608006932357150385292796096528006231715", "price": "0.2", "size": "0", "side": "BUY", "hash": "f96cb6d8ed9e42f6ebd1aeda755ceb6a35cbe87a", "best_bid": "0.44", "best_ask": "0.58"}, {"asset_id": "18882795016423351779855047017846676160725151167446687947380948164302842014020", "price": "0.8", "size": "0", "side": "SELL", "hash": "f61b624bea32cdc9e9974c7a7db5a007f02cbe49", "best_bid": "0.42", "best_ask": "0.56"}], "timestamp": "1769384723540", "event_type": "price_change"}}
{"_local_timestamp": "2026-01-25T23:45:23.637340+00:00", "data": {"market": "0x1feaf4097b273ee90aea00fdc5afa9ec6e14b518caf2ddbc421851bef1bdc168", "price_changes": [{"asset_id": "22033330904498269999207988435951609926608006932357150385292796096528006231715", "price": "0.2", "size": "46", "side": "BUY", "hash": "635a34a252e8ac35299834b704f42a719031a2a5", "best_bid": "0.44", "best_ask": "0.58"}, {"asset_id": "18882795016423351779855047017846676160725151167446687947380948164302842014020", "price": "0.8", "size": "46", "side": "SELL", "hash": "097bd66eba9f447f97d2433a6aabc5deb670d9f2", "best_bid": "0.42", "best_ask": "0.56"}], "timestamp": "1769384723568", "event_type": "price_change"}}
{"_local_timestamp": "2026-01-25T23:45:23.670960+00:00", "data": {"market": "0x1feaf4097b273ee90aea00fdc5afa9ec6e14b518caf2ddbc421851bef1bdc168", "price_changes": [{"asset_id": "22033330904498269999207988435951609926608006932357150385292796096528006231715", "price": "0.2", "size": "0", "side": "BUY", "hash": "907848342df52f9701767bd0ea2361f6f0c57bf8", "best_bid": "0.44", "best_ask": "0.58"}, {"asset_id": "18882795016423351779855047017846676160725151167446687947380948164302842014020", "price": "0.8", "size": "0", "side": "SELL", "hash": "ffd92bd07643d3ff9a65fb9a2e918cc010578f75", "best_bid": "0.42", "best_ask": "0.56"}], "timestamp": "1769384723597", "event_type": "price_change"}}
{"_local_timestamp": "2026-01-25T23:45:24.052475+00:00", "data": {"market": "0x1feaf4097b273ee90aea00fdc5afa9ec6e14b518caf2ddbc421851bef1bdc168", "price_changes": [{"asset_id": "22033330904498269999207988435951609926608006932357150385292796096528006231715", "price": "0.19", "size": "229", "side": "BUY", "hash": "3904b7a5771f8bcac47b76b609c544874f5cd91b", "best_bid": "0.44", "best_ask": "0.58"}, {"asset_id": "18882795016423351779855047017846676160725151167446687947380948164302842014020", "price": "0.81", "size": "229", "side": "SELL", "hash": "a51e5d62bdc2e403e13a07dd6a81c3acc5f270be", "best_bid": "0.42", "best_ask": "0.56"}], "timestamp": "1769384723976", "event_type": "price_change"}}
{"_local_timestamp": "2026-01-25T23:45:24.212105+00:00", "data": {"market": "0x1feaf4097b273ee90aea00fdc5afa9ec6e14b518caf2ddbc421851bef1bdc168", "price_changes": [{"asset_id": "22033330904498269999207988435951609926608006932357150385292796096528006231715", "price": "0.19", "size": "0", "side": "BUY", "hash": "4c3c8bc8f47e70d3d5fdce4f2751bd4dcab60539", "best_bid": "0.44", "best_ask": "0.58"}, {"asset_id": "18882795016423351779855047017846676160725151167446687947380948164302842014020", "price": "0.81", "size": "0", "side": "SELL", "hash": "6af0f5e15df8e8d865ef4754d96ad5db2fa8dc34", "best_bid": "0.42", "best_ask": "0.56"}], "timestamp": "1769384724140", "event_type": "price_change"}}
{"_local_timestamp": "2026-01-25T23:45:25.293371+00:00", "data": {"market": "0x780c042865b2018eeb8ddcdec110c6839c6f27a8062b37dded79501920250afe", "price_changes": [{"asset_id": "96548263188568861225971459083251184634804319351377359745128053937517313229246", "price": "0.26", "size": "0", "side": "BUY", "hash": "20fabc889e72f590043b67ca601bd53384def21d", "best_bid": "0.01", "best_ask": "0.95"}, {"asset_id": "79287164977737814011242460177248792416483317253936439908020481835936787513608", "price": "0.74", "size": "0", "side": "SELL", "hash": "fb2f501838be1be766a1346b695bcfa9423aad00", "best_bid": "0.05", "best_ask": "0.99"}], "timestamp": "1769384725228", "event_type": "price_change"}}
{"_local_timestamp": "2026-01-25T23:45:25.343183+00:00", "data": {"market": "0x780c042865b2018eeb8ddcdec110c6839c6f27a8062b37dded79501920250afe", "price_changes": [{"asset_id": "96548263188568861225971459083251184634804319351377359745128053937517313229246", "price": "0.03", "size": "193", "side": "BUY", "hash": "e051ad774c57aeb271ee527d90ff231b73a0482a", "best_bid": "0.03", "best_ask": "0.95"}, {"asset_id": "79287164977737814011242460177248792416483317253936439908020481835936787513608", "price": "0.97", "size": "193", "side": "SELL", "hash": "18240239fc84062e30bf2a5673ece982265fcd50", "best_bid": "0.05", "best_ask": "0.97"}], "timestamp": "1769384725273", "event_type": "price_change"}}
{"_local_timestamp": "2026-01-25T23:45:25.587244+00:00", "data": {"market": "0x780c042865b2018eeb8ddcdec110c6839c6f27a8062b37dded79501920250afe", "price_changes": [{"asset_id": "79287164977737814011242460177248792416483317253936439908020481835936787513608", "price": "0.27", "size": "191", "side": "BUY", "hash": "c5ded5930c7d279589e7a01ca368784f4c16e86f", "best_bid": "0.27", "best_ask": "0.97"}, {"asset_id": "96548263188568861225971459083251184634804319351377359745128053937517313229246", "price": "0.73", "size": "191", "side": "SELL", "hash": "c0dae8b2e29c1956f79ec98ad130b5d94ae02654", "best_bid": "0.03", "best_ask": "0.73"}], "timestamp": "1769384725505", "event_type": "price_change"}}
{"_local_timestamp": "2026-01-25T23:45:35.154630+00:00", "data": {"market": "0x1feaf4097b273ee90aea00fdc5afa9ec6e14b518caf2ddbc421851bef1bdc168", "price_changes": [{"asset_id": "22033330904498269999207988435951609926608006932357150385292796096528006231715", "price": "0.16", "size": "161", "side": "BUY", "hash": "536b00e4d4e75144f624050cf43b80ee0c9ecf74", "best_bid": "0.44", "best_ask": "0.58"}, {"asset_id": "18882795016423351779855047017846676160725151167446687947380948164302842014020", "price": "0.84", "size": "161", "side": "SELL", "hash": "4b479e57073b8c36270be52a2d2d756d6aa4289d", "best_bid": "0.42", "best_ask": "0.56"}], "timestamp": "1769384735076", "event_type": "price_change"}}
{"_local_timestamp": "2026-01-25T23:45:36.942362+00:00", "data": {"market": "0x1feaf4097b273ee90aea00fdc5afa9ec6e14b518caf2ddbc421851bef1bdc168", "price_changes": [{"asset_id": "22033330904498269999207988435951609926608006932357150385292796096528006231715", "price": "0.16", "size": "0", "side": "BUY", "hash": "cbdcde4e05aa08d2da075fd06971c50fe7e68266", "best_bid": "0.44", "best_ask": "0.58"}, {"asset_id": "18882795016423351779855047017846676160725151167446687947380948164302842014020", "price": "0.84", "size": "0", "side": "SELL", "hash": "9e2ff131b904add6f08c1049083e1feb40825536", "best_bid": "0.42", "best_ask": "0.56"}], "timestamp": "1769384736861", "event_type": "price_change"}}
{"_local_timestamp": "2026-01-25T23:45:36.978760+00:00", "data": {"market": "0x1feaf4097b273ee90aea00fdc5afa9ec6e14b518caf2ddbc421851bef1bdc168", "price_changes": [{"asset_id": "22033330904498269999207988435951609926608006932357150385292796096528006231715", "price": "0.17", "size": "49", "side": "BUY", "hash": "e828132c17609cf117004d2e53e69c1346cfd763", "best_bid": "0.44", "best_ask": "0.58"}, {"asset_id": "18882795016423351779855047017846676160725151167446687947380948164302842014020", "price": "0.83", "size": "49", "side": "SELL", "hash": "509b0abb083142bb72ee781761a851103501aade", "best_bid": "0.42", "best_ask": "0.56"}], "timestamp": "1769384736903", "event_type": "price_change"}}
{"_local_timestamp": "2026-01-25T23:45:40.748746+00:00", "data": {"market": "0x1feaf4097b273ee90aea00fdc5afa9ec6e14b518caf2ddbc421851bef1bdc168", "price_changes": [{"asset_id": "22033330904498269999207988435951609926608006932357150385292796096528006231715", "price": "0.17", "size": "0", "side": "BUY", "hash": "6c1471911b7889edf809cc8997136b0e565aacb6", "best_bid": "0.44", "best_ask": "0.58"}, {"asset_id": "18882795016423351779855047017846676160725151167446687947380948164302842014020", "price": "0.83", "size": "0", "side": "SELL", "hash": "3d2d905108a885cfbfcf555079aee796a5780211", "best_bid": "0.42", "best_ask": "0.56"}], "timestamp": "1769384740681", "event_type": "price_change"}}
{"_local_timestamp": "2026-01-25T23:45:40.785094+00:00", "data": {"market": "0x1feaf4097b273ee90aea00fdc5afa9ec6e14b518caf2ddbc421851bef1bdc168", "price_changes": [{"asset_id": "22033330904498269999207988435951609926608006932357150385292796096528006231715", "price": "0.19", "size": "67", "side": "BUY", "hash": "527b6694bc1d2c7beb44be415bd51719bf94206b", "best_bid": "0.44", "best_ask": "0.58"}, {"asset_id": "18882795016423351779855047017846676160725151167446687947380948164302842014020", "price": "0.81", "size": "67", "side": "SELL", "hash": "2cc6a11220e070608c874e5d2026803c9beadbeb", "best_bid": "0.42", "best_ask": "0.56"}], "timestamp": "1769384740711", "event_type": "price_change"}}
{"_local_timestamp": "2026-01-25T23:45:45.813958+00:00", "data": {"market": "0x1feaf4097b273ee90aea00fdc5afa9ec6e14b518caf2ddbc421851bef1bdc168", "price_changes": [{"asset_id": "22033330904498269999207988435951609926608006932357150385292796096528006231715", "price": "0.19", "size": "0", "side": "BUY", "hash": "ee0921065697a2a5d0cbf90cccfd26b1345b3ade", "best_bid": "0.44", "best_ask": "0.58"}, {"asset_id": "18882795016423351779855047017846676160725151167446687947380948164302842014020", "price": "0.81", "size": "0", "side": "SELL", "hash": "3ce9a6b45803fed5259463b014699bbe039ac95f", "best_bid": "0.42", "best_ask": "0.56"}], "timestamp": "1769384745739", "event_type": "price_change"}}
{"_local_timestamp": "2026-01-25T23:45:45.852153+00:00", "data": {"market": "0x1feaf4097b273ee90aea00fdc5afa9ec6e14b518caf2ddbc421851bef1bdc168", "price_changes": [{"asset_id": "22033330904498269999207988435951609926608006932357150385292796096528006231715", "price": "0.19", "size": "42", "side": "BUY", "hash": "47226944320fd039978298ea737212bfec267bb8", "best_bid": "0.44", "best_ask": "0.58"}, {"asset_id": "18882795016423351779855047017846676160725151167446687947380948164302842014020", "price": "0.81", "size": "42", "side": "SELL", "hash": "04c60d8835ac7f852b204f8ed36b531225432c67", "best_bid": "0.42", "best_ask": "0.56"}], "timestamp": "1769384745768", "event_type": "price_change"}}
{"_local_timestamp": "2026-01-25T23:45:45.870319+00:00", "data": {"market": "0x1feaf4097b273ee90aea00fdc5afa9ec6e14b518caf2ddbc421851bef1bdc168", "price_changes": [{"asset_id": "22033330904498269999207988435951609926608006932357150385292796096528006231715", "price": "0.19", "size": "0", "side": "BUY", "hash": "c2e9adba75a98e9594325476c8fc34e7c87d23cd", "best_bid": "0.44", "best_ask": "0.58"}, {"asset_id": "18882795016423351779855047017846676160725151167446687947380948164302842014020", "price": "0.81", "size": "0", "side": "SELL", "hash": "40b3e39bb1695a2ee214906af0ef9f8d05950d95", "best_bid": "0.42", "best_ask": "0.56"}], "timestamp": "1769384745798", "event_type": "price_change"}}
{"_local_timestamp": "2026-01-25T23:45:47.322306+00:00", "data": {"market": "0x1feaf4097b273ee90aea00fdc5afa9ec6e14b518caf2ddbc421851bef1bdc168", "price_changes": [{"asset_id": "22033330904498269999207988435951609926608006932357150385292796096528006231715", "price": "0.18", "size": "213", "side": "BUY", "hash": "f6c6a433f9a4da4da71a7cc5aa93f517ace461c4", "best_bid": "0.44", "best_ask": "0.58"}, {"asset_id": "18882795016423351779855047017846676160725151167446687947380948164302842014020", "price": "0.82", "size": "213", "side": "SELL", "hash": "b1ab4d9326adb0d5eaeaa025d9ee0ab79070c422", "best_bid": "0.42", "best_ask": "0.56"}], "timestamp": "1769384747241", "event_type": "price_change"}}
{"_local_timestamp": "2026-01-25T23:45:49.801954+00:00", "data": {"market": "0x1feaf4097b273ee90aea00fdc5afa9ec6e14b518caf2ddbc421851bef1bdc168", "price_changes": [{"asset_id": "22033330904498269999207988435951609926608006932357150385292796096528006231715", "price": "0.18", "size": "0", "side": "BUY", "hash": "0420a8ae1589ff4f685fa795b099fb2772295eb6", "best_bid": "0.44", "best_ask": "0.58"}, {"asset_id": "18882795016423351779855047017846676160725151167446687947380948164302842014020", "price": "0.82", "size": "0", "side": "SELL", "hash": "bf48aa9ee49cfd50bc03efcf0406d0df9cb70b4d", "best_bid": "0.42", "best_ask": "0.56"}], "timestamp": "1769384749736", "event_type": "price_change"}}
{"_local_timestamp": "2026-01-25T23:45:51.534197+00:00", "data": {"market": "0x1feaf4097b273ee90aea00fdc5afa9ec6e14b518caf2ddbc421851bef1bdc168", "price_changes": [{"asset_id": "22033330904498269999207988435951609926608006932357150385292796096528006231715", "price": "0.19", "size": "103", "side": "BUY", "hash": "4c4691c5fedad2a052fb1a558ad040b057a44c09", "best_bid": "0.44", "best_ask": "0.58"}, {"asset_id": "18882795016423351779855047017846676160725151167446687947380948164302842014020", "price": "0.81", "size": "103", "side": "SELL", "hash": "a3c2cb830f5e74d2f32ae7724f282768d737c2e7", "best_bid": "0.42", "best_ask": "0.56"}], "timestamp": "1769384751467", "event_type": "price_change"}}
{"_local_timestamp": "2026-01-25T23:45:51.561926+00:00", "data": {"market": "0x1feaf4097b273ee90aea00fdc5afa9ec6e14b518caf2ddbc421851bef1bdc168", "price_changes": [{"asset_id": "22033330904498269999207988435951609926608006932357150385292796096528006231715", "price": "0.19", "size": "0", "side": "BUY", "hash": "a3389fc5572a3468b42f309c3295d27fe1d2f920", "best_bid": "0.44", "best_ask": "0.58"}, {"asset_id": "18882795016423351779855047017846676160725151167446687947380948164302842014020", "price": "0.81", "size": "0", "side": "SELL", "hash": "fab0255137a96ca54e359ec51a00031284c10c33", "best_bid": "0.42", "best_ask": "0.56"}], "timestamp": "1769384751492", "event_type": "price_change"}}
{"_local_timestamp": "2026-01-25T23:45:52.472555+00:00", "data": {"market": "0x1feaf4097b273ee90aea00fdc5afa9ec6e14b518caf2ddbc421851bef1bdc168", "price_changes": [{"asset_id": "22033330904498269999207988435951609926608006932357150385292796096528006231715", "price": "0.18", "size": "229", "side": "BUY", "hash": "38d9679f7a8e2b1bc05f50ce0b4507a34e537255", "best_bid": "0.44", "best_ask": "0.58"}, {"asset_id": "18882795016423351779855047017846676160725151167446687947380948164302842014020", "price": "0.82", "size": "229", "side": "SELL", "hash": "9bf41cecad9257d3f1eb4f8b15ce465406edb332", "best_bid": "0.42", "best_ask": "0.56"}], "timestamp": "1769384752401", "event_type": "price_change"}}
{"_local_timestamp": "2026-01-25T23:45:53.520588+00:00", "data": {"market": "0x1feaf4097b273ee90aea00fdc5afa9ec6e14b518caf2ddbc421851bef1bdc168", "price_changes": [{"asset_id": "22033330904498269999207988435951609926608006932357150385292796096528006231715", "price": "0.18", "size": "0", "side": "BUY", "hash": "7bcac17f3a176fad04be053f2d02fddf3e3458a5", "best_bid": "0.44", "best_ask": "0.58"}, {"asset_id": "18882795016423351779855047017846676160725151167446687947380948164302842014020", "price": "0.82", "size": "0", "side": "SELL", "hash": "30fa9bc0009d95aca65592864483919dc34abe39", "best_bid": "0.42", "best_ask": "0.56"}], "timestamp": "1769384753449", "event_type": "price_change"}}
{"_local_timestamp": "2026-01-25T23:45:58.257930+00:00", "data": {"market": "0x1feaf4097b273ee90aea00fdc5afa9ec6e14b518caf2ddbc421851bef1bdc168", "price_changes": [{"asset_id": "22033330904498269999207988435951609926608006932357150385292796096528006231715", "price": "0.19", "size": "113", "side": "BUY", "hash": "184efd7bd3692554acd2c12ff27f4c5f970351ed", "best_bid": "0.44", "best_ask": "0.58"}, {"asset_id": "18882795016423351779855047017846676160725151167446687947380948164302842014020", "price": "0.81", "size": "113", "side": "SELL", "hash": "cd59797d88d12a7d2ff66d00cc00b15bb168d1b1", "best_bid": "0.42", "best_ask": "0.56"}], "timestamp": "1769384758181", "event_type": "price_change"}}
{"_local_timestamp": "2026-01-25T23:46:08.428244+00:00", "data": {"market": "0x1feaf4097b273ee90aea00fdc5afa9ec6e14b518caf2ddbc421851bef1bdc168", "price_changes": [{"asset_id": "22033330904498269999207988435951609926608006932357150385292796096528006231715", "price": "0.19", "size": "0", "side": "BUY", "hash": "21978fae96908b4e48a331b472502f6a14ff5144", "best_bid": "0.44", "best_ask": "0.58"}, {"asset_id": "18882795016423351779855047017846676160725151167446687947380948164302842014020", "price": "0.81", "size": "0", "side": "SELL", "hash": "3757491a032635677e41ab8f644dae5441376030", "best_bid": "0.42", "best_ask": "0.56"}], "timestamp": "1769384768353", "event_type": "price_change"}}
{"_local_timestamp": "2026-01-25T23:46:08.455952+00:00", "data": {"market": "0x1feaf4097b273ee90aea00fdc5afa9ec6e14b518caf2ddbc421851bef1bdc168", "price_changes": [{"asset_id": "22033330904498269999207988435951609926608006932357150385292796096528006231715", "price": "0.19", "size": "9", "side": "BUY", "hash": "aec772a80eb1e8b47acad4e21d111fc46e2d49d9", "best_bid": "0.44", "best_ask": "0.58"}, {"asset_id": "18882795016423351779855047017846676160725151167446687947380948164302842014020", "price": "0.81", "size": "9", "side": "SELL", "hash": "80d5041355265de8066ba6592630f6573e7f7c6e", "best_bid": "0.42", "best_ask": "0.56"}], "timestamp": "1769384768384", "event_type": "price_change"}}
{"_local_timestamp": "2026-01-25T23:46:08.489460+00:00", "data": {"market": "0x1feaf4097b273ee90aea00fdc5afa9ec6e14b518caf2ddbc421851bef1bdc168", "price_changes": [{"asset_id": "22033330904498269999207988435951609926608006932357150385292796096528006231715", "price": "0.19", "size": "0", "side": "BUY", "hash": "f1a2259f07159e86fa95ccc0fd976af44e68f9d8", "best_bid": "0.44", "best_ask": "0.58"}, {"asset_id": "18882795016423351779855047017846676160725151167446687947380948164302842014020", "price": "0.81", "size": "0", "side": "SELL", "hash": "fb9f7b04c2f41ab9ca1ba3d953fba91469a4239a", "best_bid": "0.42", "best_ask": "0.56"}], "timestamp": "1769384768415", "event_type": "price_change"}}
{"_local_timestamp": "2026-01-25T23:46:08.749151+00:00", "data": {"market": "0x1feaf4097b273ee90aea00fdc5afa9ec6e14b518caf2ddbc421851bef1bdc168", "price_changes": [{"asset_id": "22033330904498269999207988435951609926608006932357150385292796096528006231715", "price": "0.18", "size": "172", "side": "BUY", "hash": "73da0770093c8126842d3ca7a5400c5a416edeb7", "best_bid": "0.44", "best_ask": "0.58"}, {"asset_id": "18882795016423351779855047017846676160725151167446687947380948164302842014020", "price": "0.82", "size": "172", "side": "SELL", "hash": "d68d5e544b085ed0bf37d796d624ede437713729", "best_bid": "0.42", "best_ask": "0.56"}], "timestamp": "1769384768678", "event_type": "price_change"}}
{"_local_timestamp": "2026-01-25T23:46:12.145810+00:00", "data": {"market": "0x1feaf4097b273ee90aea00fdc5afa9ec6e14b518caf2ddbc421851bef1bdc168", "price_changes": [{"asset_id": "22033330904498269999207988435951609926608006932357150385292796096528006231715", "price": "0.18", "size": "0", "side": "BUY", "hash": "15060fd84779fee122528cbae00c08f7e9a7398b", "best_bid": "0.44", "best_ask": "0.58"}, {"asset_id": "18882795016423351779855047017846676160725151167446687947380948164302842014020", "price": "0.82", "size": "0", "side": "SELL", "hash": "2cdf9e63e7eb84b6279b9b9cb89064eb61fc655a", "best_bid": "0.42", "best_ask": "0.56"}], "timestamp": "1769384772074", "event_type": "price_change"}}
{"_local_timestamp": "2026-01-25T23:46:14.646184+00:00", "data": {"market": "0x1feaf4097b273ee90aea00fdc5afa9ec6e14b518caf2ddbc421851bef1bdc168", "price_changes": [{"asset_id": "22033330904498269999207988435951609926608006932357150385292796096528006231715", "price": "0.18", "size": "209", "side": "BUY", "hash": "31d3fc8985c1f1049f686508a8bfec0d201f1e20", "best_bid": "0.44", "best_ask": "0.58"}, {"asset_id": "18882795016423351779855047017846676160725151167446687947380948164302842014020", "price": "0.82", "size": "209", "side": "SELL", "hash": "10aed675fa74c9c9f3e66d67c73b446040b151e4", "best_bid": "0.42", "best_ask": "0.56"}], "timestamp": "1769384774580", "event_type": "price_change"}}
{"_local_timestamp": "2026-01-25T23:46:15.954372+00:00", "data": {"market": "0x1feaf4097b273ee90aea00fdc5afa9ec6e14b518caf2ddbc421851bef1bdc168", "price_changes": [{"asset_id": "22033330904498269999207988435951609926608006932357150385292796096528006231715", "price": "0.18", "size": "0", "side": "BUY", "hash": "7c84ae18a25dcd2ae26c6ba8f101e2a1cef5fddf", "best_bid": "0.44", "best_ask": "0.58"}, {"asset_id": "18882795016423351779855047017846676160725151167446687947380948164302842014020", "price": "0.82", "size": "0", "side": "SELL", "hash": "bfdbf6f8f3d6da51b71cbdfba917ede0c8a4f9a2", "best_bid": "0.42", "best_ask": "0.56"}], "timestamp": "1769384775879", "event_type": "price_change"}}
{"_local_timestamp": "2026-01-25T23:46:15.990215+00:00", "data": {"market": "0x1feaf4097b273ee90aea00fdc5afa9ec6e14b518caf2ddbc421851bef1bdc168", "price_changes": [{"asset_id": "22033330904498269999207988435951609926608006932357150385292796096528006231715", "price": "0.19", "size": "59", "side": "BUY", "hash": "8391f745991bbe70c7692f6cf0b74e2611ed24f9", "best_bid": "0.44", "best_ask": "0.58"}, {"asset_id": "18882795016423351779855047017846676160725151167446687947380948164302842014020", "price": "0.81", "size": "59", "side": "SELL", "hash": "153d1dd8055fcce6edabbb2efa13e3eae47e6a45", "best_bid": "0.42", "best_ask": "0.56"}], "timestamp": "1769384775920", "event_type": "price_change"}}
{"_local_timestamp": "2026-01-25T23:46:59.316662+00:00", "data": {"market": "0x780c042865b2018eeb8ddcdec110c6839c6f27a8062b37dded79501920250afe", "price_changes": [{"asset_id": "79287164977737814011242460177248792416483317253936439908020481835936787513608", "price": "0.28", "size": "1000", "side": "BUY", "hash": "ec68dbd0c428b79ec5f5335ba4ddfc4f1d643a46", "best_bid": "0.28", "best_ask": "0.97"}, {"asset_id": "96548263188568861225971459083251184634804319351377359745128053937517313229246", "price": "0.72", "size": "1000", "side": "SELL", "hash": "8411f4d23d0934d060800ad16a8825acecb79388", "best_bid": "0.03", "best_ask": "0.72"}], "timestamp": "1769384819154", "event_type": "price_change"}}
{"_local_timestamp": "2026-01-25T23:47:04.182522+00:00", "data": {"market": "0x780c042865b2018eeb8ddcdec110c6839c6f27a8062b37dded79501920250afe", "price_changes": [{"asset_id": "79287164977737814011242460177248792416483317253936439908020481835936787513608", "price": "0.27", "size": "0", "side": "BUY", "hash": "6f6b517b771d0bb8687388ac978f8de3c72dc16c", "best_bid": "0.28", "best_ask": "0.97"}, {"asset_id": "96548263188568861225971459083251184634804319351377359745128053937517313229246", "price": "0.73", "size": "0", "side": "SELL", "hash": "156e18e5862f399aa3bfff61776aafafcf7e96e0", "best_bid": "0.03", "best_ask": "0.72"}], "timestamp": "1769384824030", "event_type": "price_change"}}
{"_local_timestamp": "2026-01-25T23:47:04.203292+00:00", "data": {"market": "0x780c042865b2018eeb8ddcdec110c6839c6f27a8062b37dded79501920250afe", "price_changes": [{"asset_id": "79287164977737814011242460177248792416483317253936439908020481835936787513608", "price": "0.39", "size": "167", "side": "BUY", "hash": "15bb589a5850bb5068343f3edb8e06f0bc4e6c8c", "best_bid": "0.39", "best_ask": "0.97"}, {"asset_id": "96548263188568861225971459083251184634804319351377359745128053937517313229246", "price": "0.61", "size": "167", "side": "SELL", "hash": "1ac1d656191925c9e2bf339d33132af103f4f66f", "best_bid": "0.03", "best_ask": "0.61"}], "timestamp": "1769384824060", "event_type": "price_change"}}
{"_local_timestamp": "2026-01-25T23:47:06.873541+00:00", "data": {"market": "0x780c042865b2018eeb8ddcdec110c6839c6f27a8062b37dded79501920250afe", "price_changes": [{"asset_id": "79287164977737814011242460177248792416483317253936439908020481835936787513608", "price": "0.28", "size": "0", "side": "BUY", "hash": "d90e127de1513f3f53a84787fe1f9fd1befed886", "best_bid": "0.39", "best_ask": "0.97"}, {"asset_id": "96548263188568861225971459083251184634804319351377359745128053937517313229246", "price": "0.72", "size": "0", "side": "SELL", "hash": "3badcea0ad3590c34c6d7b6153a02c054cd60a93", "best_bid": "0.03", "best_ask": "0.61"}], "timestamp": "1769384826777", "event_type": "price_change"}}
{"_local_timestamp": "2026-01-25T23:47:07.463189+00:00", "data": {"market": "0x780c042865b2018eeb8ddcdec110c6839c6f27a8062b37dded79501920250afe", "price_changes": [{"asset_id": "96548263188568861225971459083251184634804319351377359745128053937517313229246", "price": "0.04", "size": "5.47", "side": "BUY", "hash": "173fac5b04f8494b22200fc7f70f45dd9a820d0c", "best_bid": "0.04", "best_ask": "0.61"}, {"asset_id": "79287164977737814011242460177248792416483317253936439908020481835936787513608", "price": "0.96", "size": "5.47", "side": "SELL", "hash": "5d55403045a06032d8407c4f041b0bf36a587426", "best_bid": "0.39", "best_ask": "0.96"}], "timestamp": "1769384827366", "event_type": "price_change"}}
{"_local_timestamp": "2026-01-25T23:47:08.505217+00:00", "data": {"market": "0x1feaf4097b273ee90aea00fdc5afa9ec6e14b518caf2ddbc421851bef1bdc168", "price_changes": [{"asset_id": "22033330904498269999207988435951609926608006932357150385292796096528006231715", "price": "0.19", "size": "0", "side": "BUY", "hash": "b9d5ef5896b216165c47f0d8cbb0638e01608782", "best_bid": "0.44", "best_ask": "0.58"}, {"asset_id": "18882795016423351779855047017846676160725151167446687947380948164302842014020", "price": "0.81", "size": "0", "side": "SELL", "hash": "21ec1c999754cd53c3a6456dee20fa6ca0a1b057", "best_bid": "0.42", "best_ask": "0.56"}], "timestamp": "1769384828406", "event_type": "price_change"}}
{"_local_timestamp": "2026-01-25T23:47:08.556615+00:00", "data": {"market": "0x1feaf4097b273ee90aea00fdc5afa9ec6e14b518caf2ddbc421851bef1bdc168", "price_changes": [{"asset_id": "22033330904498269999207988435951609926608006932357150385292796096528006231715", "price": "0.19", "size": "135", "side": "BUY", "hash": "76d03838d39a3c9c4a150cd6239287faf099e6fc", "best_bid": "0.44", "best_ask": "0.58"}, {"asset_id": "18882795016423351779855047017846676160725151167446687947380948164302842014020", "price": "0.81", "size": "135", "side": "SELL", "hash": "605753508d482642e412ace3a061d66c3616e335", "best_bid": "0.42", "best_ask": "0.56"}], "timestamp": "1769384828462", "event_type": "price_change"}}
{"_local_timestamp": "2026-01-25T23:47:08.579613+00:00", "data": {"market": "0x1feaf4097b273ee90aea00fdc5afa9ec6e14b518caf2ddbc421851bef1bdc168", "price_changes": [{"asset_id": "22033330904498269999207988435951609926608006932357150385292796096528006231715", "price": "0.19", "size": "0", "side": "BUY", "hash": "222d12cd0a2f9ceeef12418dbb7cd811cd9ebc8e", "best_bid": "0.44", "best_ask": "0.58"}, {"asset_id": "18882795016423351779855047017846676160725151167446687947380948164302842014020", "price": "0.81", "size": "0", "side": "SELL", "hash": "b6b998db35ea259576a445225357235fe8ae046e", "best_bid": "0.42", "best_ask": "0.56"}], "timestamp": "1769384828487", "event_type": "price_change"}}
{"_local_timestamp": "2026-01-25T23:47:09.167094+00:00", "data": {"market": "0x1feaf4097b273ee90aea00fdc5afa9ec6e14b518caf2ddbc421851bef1bdc168", "price_changes": [{"asset_id": "22033330904498269999207988435951609926608006932357150385292796096528006231715", "price": "0.18", "size": "169", "side": "BUY", "hash": "91cd306b8eff13fc60760113b106d77e8d18b2a6", "best_bid": "0.44", "best_ask": "0.58"}, {"asset_id": "18882795016423351779855047017846676160725151167446687947380948164302842014020", "price": "0.82", "size": "169", "side": "SELL", "hash": "a3dba5f1f68505e5247a3ce8c8a063bef1e2180b", "best_bid": "0.42", "best_ask": "0.56"}], "timestamp": "1769384829041", "event_type": "price_change"}}
{"_local_timestamp": "2026-01-25T23:47:11.359185+00:00", "data": {"market": "0x1feaf4097b273ee90aea00fdc5afa9ec6e14b518caf2ddbc421851bef1bdc168", "price_changes": [{"asset_id": "22033330904498269999207988435951609926608006932357150385292796096528006231715", "price": "0.18", "size": "0", "side": "BUY", "hash": "95cbf7d3aaefcf297306b32a4fe14e7fe7280277", "best_bid": "0.44", "best_ask": "0.58"}, {"asset_id": "18882795016423351779855047017846676160725151167446687947380948164302842014020", "price": "0.82", "size": "0", "side": "SELL", "hash": "37d62c25ef49a74cd4ba6c580c2bc363d032f9eb", "best_bid": "0.42", "best_ask": "0.56"}], "timestamp": "1769384831226", "event_type": "price_change"}}
{"_local_timestamp": "2026-01-25T23:47:13.914672+00:00", "data": {"market": "0x1feaf4097b273ee90aea00fdc5afa9ec6e14b518caf2ddbc421851bef1bdc168", "price_changes": [{"asset_id": "22033330904498269999207988435951609926608006932357150385292796096528006231715", "price": "0.19", "size": "117", "side": "BUY", "hash": "a05b17f2eb6d3ff076bcf1567d2509b4a5cfba02", "best_bid": "0.44", "best_ask": "0.58"}, {"asset_id": "18882795016423351779855047017846676160725151167446687947380948164302842014020", "price": "0.81", "size": "117", "side": "SELL", "hash": "e7a8e37c2a58c98fe2ca0ab64665dbb7fc99860e", "best_bid": "0.42", "best_ask": "0.56"}], "timestamp": "1769384833752", "event_type": "price_change"}}
{"_local_timestamp": "2026-01-25T23:47:17.836098+00:00", "data": {"market": "0x780c042865b2018eeb8ddcdec110c6839c6f27a8062b37dded79501920250afe", "price_changes": [{"asset_id": "79287164977737814011242460177248792416483317253936439908020481835936787513608", "price": "0.4", "size": "100", "side": "BUY", "hash": "6b10fcbcb4d1f3673d6177eba76acfeba8a0a825", "best_bid": "0.4", "best_ask": "0.96"}, {"asset_id": "96548263188568861225971459083251184634804319351377359745128053937517313229246", "price": "0.6", "size": "100", "side": "SELL", "hash": "5bfb0e9b6cff6541af3af0f610ddbe506088f4c9", "best_bid": "0.04", "best_ask": "0.6"}], "timestamp": "1769384837662", "event_type": "price_change"}}
{"_local_timestamp": "2026-01-25T23:47:25.216383+00:00", "data": {"market": "0x780c042865b2018eeb8ddcdec110c6839c6f27a8062b37dded79501920250afe", "price_changes": [{"asset_id": "79287164977737814011242460177248792416483317253936439908020481835936787513608", "price": "0.4", "size": "0", "side": "BUY", "hash": "ad9c8aeb17b1e902e9e7d39d6280b4e9a4037d7d", "best_bid": "0.39", "best_ask": "0.96"}, {"asset_id": "96548263188568861225971459083251184634804319351377359745128053937517313229246", "price": "0.6", "size": "0", "side": "SELL", "hash": "5dbdfc2bbf92427ea542a4d9539efe2d2920f101", "best_bid": "0.04", "best_ask": "0.61"}], "timestamp": "1769384845005", "event_type": "price_change"}}
{"_local_timestamp": "2026-01-25T23:47:25.219502+00:00", "data": {"market": "0x780c042865b2018eeb8ddcdec110c6839c6f27a8062b37dded79501920250afe", "asset_id": "79287164977737814011242460177248792416483317253936439908020481835936787513608", "bids": [{"price": "0.01", "size": "113.01"}, {"price": "0.03", "size": "33"}, {"price": "0.04", "size": "13.41"}, {"price": "0.05", "size": "5.47"}, {"price": "0.39", "size": "167"}], "asks": [{"price": "0.99", "size": "200"}, {"price": "0.97", "size": "193"}, {"price": "0.96", "size": "5.47"}], "hash": "ad9c8aeb17b1e902e9e7d39d6280b4e9a4037d7d", "timestamp": "1769384845005", "event_type": "book"}}
{"_local_timestamp": "2026-01-25T23:47:25.220365+00:00", "data": {"market": "0x780c042865b2018eeb8ddcdec110c6839c6f27a8062b37dded79501920250afe", "asset_id": "96548263188568861225971459083251184634804319351377359745128053937517313229246", "bids": [{"price": "0.01", "size": "200"}, {"price": "0.03", "size": "193"}, {"price": "0.04", "size": "5.47"}], "asks": [{"price": "0.99", "size": "113.01"}, {"price": "0.97", "size": "33"}, {"price": "0.96", "size": "13.41"}, {"price": "0.95", "size": "5.47"}, {"price": "0.61", "size": "167"}], "hash": "5dbdfc2bbf92427ea542a4d9539efe2d2920f101", "timestamp": "1769384845005", "event_type": "book"}}
{"_local_timestamp": "2026-01-25T23:47:25.221164+00:00", "data": {"market": "0x1feaf4097b273ee90aea00fdc5afa9ec6e14b518caf2ddbc421851bef1bdc168", "price_changes": [{"asset_id": "22033330904498269999207988435951609926608006932357150385292796096528006231715", "price": "0.44", "size": "122", "side": "BUY", "hash": "59d434294eacda03d8c056f86b1f7ea2c3da2050", "best_bid": "0.44", "best_ask": "0.58"}, {"asset_id": "18882795016423351779855047017846676160725151167446687947380948164302842014020", "price": "0.56", "size": "122", "side": "SELL", "hash": "abe708077b96872288c541652c474646f96328b3", "best_bid": "0.42", "best_ask": "0.56"}], "timestamp": "1769384845006", "event_type": "price_change"}}
{"_local_timestamp": "2026-01-25T23:47:25.228145+00:00", "data": {"market": "0x1feaf4097b273ee90aea00fdc5afa9ec6e14b518caf2ddbc421851bef1bdc168", "asset_id": "22033330904498269999207988435951609926608006932357150385292796096528006231715", "bids": [{"price": "0.01", "size": "200"}, {"price": "0.19", "size": "117"}, {"price": "0.44", "size": "122"}], "asks": [{"price": "0.99", "size": "199.99"}, {"price": "0.98", "size": "75"}, {"price": "0.58", "size": "215"}], "hash": "59d434294eacda03d8c056f86b1f7ea2c3da2050", "timestamp": "1769384845006", "event_type": "book"}}
{"_local_timestamp": "2026-01-25T23:47:25.229994+00:00", "data": {"market": "0x1feaf4097b273ee90aea00fdc5afa9ec6e14b518caf2ddbc421851bef1bdc168", "asset_id": "18882795016423351779855047017846676160725151167446687947380948164302842014020", "bids": [{"price": "0.01", "size": "199.99"}, {"price": "0.02", "size": "75"}, {"price": "0.42", "size": "215"}], "asks": [{"price": "0.99", "size": "200"}, {"price": "0.81", "size": "117"}, {"price": "0.56", "size": "122"}], "hash": "abe708077b96872288c541652c474646f96328b3", "timestamp": "1769384845006", "event_type": "book"}}
{"_local_timestamp": "2026-01-25T23:47:25.230862+00:00", "data": {"market": "0xdbe51bbd40ca77053fd794ac247cd2d07a150921accdd624f9f345fbc63db48b", "price_changes": [{"asset_id": "36448007855605050896824786938032039502111327633212361142790079215548046414522", "price": "0.17", "size": "109", "side": "BUY", "hash": "8fd6e2e6fadb1725e1173b9930049eb7f97778e8", "best_bid": "0.17", "best_ask": "0.64"}, {"asset_id": "87345926905556212316847105466061439969543894768822947485860245095466364170902", "price": "0.83", "size": "109", "side": "SELL", "hash": "e9a02ccdf8f47f71afe780e60e204b13b43b8d0c", "best_bid": "0.36", "best_ask": "0.83"}], "timestamp": "1769384845008", "event_type": "price_change"}}
{"_local_timestamp": "2026-01-25T23:47:25.231658+00:00", "data": {"market": "0xdbe51bbd40ca77053fd794ac247cd2d07a150921accdd624f9f345fbc63db48b", "asset_id": "36448007855605050896824786938032039502111327633212361142790079215548046414522", "bids": [{"price": "0.01", "size": "100"}, {"price": "0.04", "size": "25"}, {"price": "0.05", "size": "5.47"}, {"price": "0.17", "size": "109"}], "asks": [{"price": "0.99", "size": "200"}, {"price": "0.64", "size": "225"}], "hash": "8fd6e2e6fadb1725e1173b9930049eb7f97778e8", "timestamp": "1769384845008", "event_type": "book"}}
{"_local_timestamp": "2026-01-25T23:47:25.232454+00:00", "data": {"market": "0xdbe51bbd40ca77053fd794ac247cd2d07a150921accdd624f9f345fbc63db48b", "asset_id": "87345926905556212316847105466061439969543894768822947485860245095466364170902", "bids": [{"price": "0.01", "size": "200"}, {"price": "0.36", "size": "225"}], "asks": [{"price": "0.99", "size": "100"}, {"price": "0.96", "size": "25"}, {"price": "0.95", "size": "5.47"}, {"price": "0.83", "size": "109"}], "hash": "e9a02ccdf8f47f71afe780e60e204b13b43b8d0c", "timestamp": "1769384845008", "event_type": "book"}}
{"_local_timestamp": "2026-01-25T23:47:25.243548+00:00", "data": {"market": "0x780c042865b2018eeb8ddcdec110c6839c6f27a8062b37dded79501920250afe", "asset_id": "96548263188568861225971459083251184634804319351377359745128053937517313229246", "price": "0.6", "size": "100", "fee_rate_bps": "0", "side": "BUY", "timestamp": "1769384845034", "event_type": "last_trade_price", "transaction_hash": "0xf82d13f349a64f961a6b37568271d0f4c378ab2971625388354a0e25eabe98b2"}}
{"_local_timestamp": "2026-01-25T23:47:25.481371+00:00", "data": {"market": "0xdbe51bbd40ca77053fd794ac247cd2d07a150921accdd624f9f345fbc63db48b", "asset_id": "87345926905556212316847105466061439969543894768822947485860245095466364170902", "price": "0.83", "size": "100", "fee_rate_bps": "0", "side": "BUY", "timestamp": "1769384845034", "event_type": "last_trade_price", "transaction_hash": "0xcd4bcd414e50299cd0d8403678ad3d0e8230bf357ed47d9a78692519cf874928"}}
{"_local_timestamp": "2026-01-25T23:47:25.482272+00:00", "data": {"market": "0x1feaf4097b273ee90aea00fdc5afa9ec6e14b518caf2ddbc421851bef1bdc168", "asset_id": "18882795016423351779855047017846676160725151167446687947380948164302842014020", "price": "0.56", "size": "100", "fee_rate_bps": "0", "side": "BUY", "timestamp": "1769384845035", "event_type": "last_trade_price", "transaction_hash": "0x6ab43c489ddf75fdbc18bb1de6a2bee55970be37f7a770e01eb64c9adb4dc5c3"}}
{"_local_timestamp": "2026-01-25T23:47:25.483094+00:00", "data": {"market": "0x1feaf4097b273ee90aea00fdc5afa9ec6e14b518caf2ddbc421851bef1bdc168", "price_changes": [{"asset_id": "22033330904498269999207988435951609926608006932357150385292796096528006231715", "price": "0.44", "size": "0", "side": "BUY", "hash": "496a199d8f3b3329595891a8772ac6e000acfd04", "best_bid": "0.19", "best_ask": "0.58"}, {"asset_id": "18882795016423351779855047017846676160725151167446687947380948164302842014020", "price": "0.56", "size": "0", "side": "SELL", "hash": "f6bf5297be96045c33eb28bbcc3d76ffb278b052", "best_bid": "0.42", "best_ask": "0.81"}], "timestamp": "1769384845072", "event_type": "price_change"}}
{"_local_timestamp": "2026-01-25T23:47:25.483879+00:00", "data": {"market": "0x1feaf4097b273ee90aea00fdc5afa9ec6e14b518caf2ddbc421851bef1bdc168", "price_changes": [{"asset_id": "22033330904498269999207988435951609926608006932357150385292796096528006231715", "price": "0.19", "size": "221", "side": "BUY", "hash": "228fff958d03f67a06489321fe075f5f8ee66fd0", "best_bid": "0.19", "best_ask": "0.58"}, {"asset_id": "18882795016423351779855047017846676160725151167446687947380948164302842014020", "price": "0.81", "size": "221", "side": "SELL", "hash": "a0d9ee1cf8305debd9a9d42ce0c3c97e5026b052", "best_bid": "0.42", "best_ask": "0.81"}], "timestamp": "1769384845129", "event_type": "price_change"}}
{"_local_timestamp": "2026-01-25T23:47:26.150941+00:00", "data": {"market": "0x1feaf4097b273ee90aea00fdc5afa9ec6e14b518caf2ddbc421851bef1bdc168", "price_changes": [{"asset_id": "22033330904498269999207988435951609926608006932357150385292796096528006231715", "price": "0.19", "size": "117", "side": "BUY", "hash": "c132be7284ba82f5dbfb5d3fd03e48536d746f41", "best_bid": "0.19", "best_ask": "0.58"}, {"asset_id": "18882795016423351779855047017846676160725151167446687947380948164302842014020", "price": "0.81", "size": "117", "side": "SELL", "hash": "15bccbd1c5edadff9ef9990e4898f7fc121e32ac", "best_bid": "0.42", "best_ask": "0.81"}], "timestamp": "1769384845917", "event_type": "price_change"}}
{"_local_timestamp": "2026-01-25T23:47:26.179786+00:00", "data": {"market": "0x1feaf4097b273ee90aea00fdc5afa9ec6e14b518caf2ddbc421851bef1bdc168", "price_changes": [{"asset_id": "22033330904498269999207988435951609926608006932357150385292796096528006231715", "price": "0.19", "size": "0", "side": "BUY", "hash": "af900f76b0bccf791015d5f083e41d33e8957df8", "best_bid": "0.01", "best_ask": "0.58"}, {"asset_id": "18882795016423351779855047017846676160725151167446687947380948164302842014020", "price": "0.81", "size": "0", "side": "SELL", "hash": "16cf4810ded30897ab9564f38c8c5ad90b626aa5", "best_bid": "0.42", "best_ask": "0.99"}], "timestamp": "1769384845950", "event_type": "price_change"}}
{"_local_timestamp": "2026-01-25T23:47:26.263913+00:00", "data": {"market": "0x1feaf4097b273ee90aea00fdc5afa9ec6e14b518caf2ddbc421851bef1bdc168", "price_changes": [{"asset_id": "22033330904498269999207988435951609926608006932357150385292796096528006231715", "price": "0.1", "size": "238", "side": "BUY", "hash": "105ed4d90f50c49c9a68339d1b0b0e452540db5f", "best_bid": "0.1", "best_ask": "0.58"}, {"asset_id": "18882795016423351779855047017846676160725151167446687947380948164302842014020", "price": "0.9", "size": "238", "side": "SELL", "hash": "f1de39e243838ff0c69a891ead2e92b42707941b", "best_bid": "0.42", "best_ask": "0.9"}], "timestamp": "1769384846011", "event_type": "price_change"}}
{"_local_timestamp": "2026-01-25T23:47:27.609473+00:00", "data": {"market": "0x1feaf4097b273ee90aea00fdc5afa9ec6e14b518caf2ddbc421851bef1bdc168", "price_changes": [{"asset_id": "22033330904498269999207988435951609926608006932357150385292796096528006231715", "price": "0.02", "size": "5.47", "side": "BUY", "hash": "8555f6c880baa4254df07f050ad97e4256e15981", "best_bid": "0.1", "best_ask": "0.58"}, {"asset_id": "18882795016423351779855047017846676160725151167446687947380948164302842014020", "price": "0.98", "size": "5.47", "side": "SELL", "hash": "37126eb21b0af6f6be43f06111b4643a7a2fc6f4", "best_bid": "0.42", "best_ask": "0.9"}], "timestamp": "1769384847355", "event_type": "price_change"}}
{"_local_timestamp": "2026-01-25T23:47:39.889983+00:00", "data": {"market": "0x780c042865b2018eeb8ddcdec110c6839c6f27a8062b37dded79501920250afe", "price_changes": [{"asset_id": "79287164977737814011242460177248792416483317253936439908020481835936787513608", "price": "0.41", "size": "100", "side": "BUY", "hash": "6f520fdb259d8990f1e51cecb73a5e38ef571c14", "best_bid": "0.41", "best_ask": "0.96"}, {"asset_id": "96548263188568861225971459083251184634804319351377359745128053937517313229246", "price": "0.59", "size": "100", "side": "SELL", "hash": "d3d6b858bd7566f1acd1956a7d96b48edef4e558", "best_bid": "0.04", "best_ask": "0.59"}], "timestamp": "1769384859654", "event_type": "price_change"}}
{"_local_timestamp": "2026-01-25T23:48:03.627076+00:00", "data": {"market": "0x780c042865b2018eeb8ddcdec110c6839c6f27a8062b37dded79501920250afe", "price_changes": [{"asset_id": "79287164977737814011242460177248792416483317253936439908020481835936787513608", "price": "0.41", "size": "0", "side": "BUY", "hash": "85546ec0d0b59c844346d134ad376fab310f8928", "best_bid": "0.39", "best_ask": "0.96"}, {"asset_id": "96548263188568861225971459083251184634804319351377359745128053937517313229246", "price": "0.59", "size": "0", "side": "SELL", "hash": "79cf9a7820da8568fe5fcb1b08ba866aed5957cc", "best_bid": "0.04", "best_ask": "0.61"}], "timestamp": "1769384883556", "event_type": "price_change"}}
{"_local_timestamp": "2026-01-25T23:48:30.737390+00:00", "data": {"market": "0xdbe51bbd40ca77053fd794ac247cd2d07a150921accdd624f9f345fbc63db48b", "price_changes": [{"asset_id": "87345926905556212316847105466061439969543894768822947485860245095466364170902", "price": "0.02", "size": "95.2", "side": "BUY", "hash": "477b4d437c8aa2f15b006cd507a5552faa0d59c2", "best_bid": "0.36", "best_ask": "0.83"}, {"asset_id": "36448007855605050896824786938032039502111327633212361142790079215548046414522", "price": "0.98", "size": "95.2", "side": "SELL", "hash": "17dfcd5d8c4becc590f51951fc77708208ae73f5", "best_bid": "0.17", "best_ask": "0.64"}], "timestamp": "1769384910653", "event_type": "price_change"}}
{"_local_timestamp": "2026-01-25T23:48:30.738629+00:00", "data": {"market": "0xdbe51bbd40ca77053fd794ac247cd2d07a150921accdd624f9f345fbc63db48b", "price_changes": [{"asset_id": "87345926905556212316847105466061439969543894768822947485860245095466364170902", "price": "0.01", "size": "209.58", "side": "BUY", "hash": "323c3428c5125cc6fbcfebc0964be4cfe7e562c8", "best_bid": "0.36", "best_ask": "0.83"}, {"asset_id": "36448007855605050896824786938032039502111327633212361142790079215548046414522", "price": "0.99", "size": "209.58", "side": "SELL", "hash": "61ed02db9b18a7b679f7a4b7466d5604fa7db6be", "best_bid": "0.17", "best_ask": "0.64"}], "timestamp": "1769384910655", "event_type": "price_change"}}
{"_local_timestamp": "2026-01-25T23:48:33.306049+00:00", "data": {"market": "0x780c042865b2018eeb8ddcdec110c6839c6f27a8062b37dded79501920250afe", "price_changes": [{"asset_id": "79287164977737814011242460177248792416483317253936439908020481835936787513608", "price": "0.6", "size": "100", "side": "SELL", "hash": "72912eeb94a3b95a08a43a376a72c00db0ed08f8", "best_bid": "0.39", "best_ask": "0.6"}, {"asset_id": "96548263188568861225971459083251184634804319351377359745128053937517313229246", "price": "0.4", "size": "100", "side": "BUY", "hash": "8397b9c4a115087f4e24341f1696c51a19335eef", "best_bid": "0.4", "best_ask": "0.61"}], "timestamp": "1769384913228", "event_type": "price_change"}}
{"_local_timestamp": "2026-01-25T23:48:36.410866+00:00", "data": {"market": "0x780c042865b2018eeb8ddcdec110c6839c6f27a8062b37dded79501920250afe", "price_changes": [{"asset_id": "96548263188568861225971459083251184634804319351377359745128053937517313229246", "price": "0.04", "size": "0", "side": "BUY", "hash": "6356111525a4832cd770c3877d60f242a522ea5b", "best_bid": "0.4", "best_ask": "0.61"}, {"asset_id": "79287164977737814011242460177248792416483317253936439908020481835936787513608", "price": "0.96", "size": "0", "side": "SELL", "hash": "c820521117f08934851ee68df891e587a145609f", "best_bid": "0.39", "best_ask": "0.6"}], "timestamp": "1769384916326", "event_type": "price_change"}}
{"_local_timestamp": "2026-01-25T23:48:36.411932+00:00", "data": {"market": "0x780c042865b2018eeb8ddcdec110c6839c6f27a8062b37dded79501920250afe", "price_changes": [{"asset_id": "79287164977737814011242460177248792416483317253936439908020481835936787513608", "price": "0.05", "size": "0", "side": "BUY", "hash": "baea0cbd77c0df89a7bd7fbe0e06a76345f0e5d7", "best_bid": "0.39", "best_ask": "0.6"}, {"asset_id": "96548263188568861225971459083251184634804319351377359745128053937517313229246", "price": "0.95", "size": "0", "side": "SELL", "hash": "423a01040269f23f03c7dcbd009b0882131d2aa8", "best_bid": "0.4", "best_ask": "0.61"}], "timestamp": "1769384916326", "event_type": "price_change"}}
{"_local_timestamp": "2026-01-25T23:48:52.482159+00:00", "data": {"market": "0xdbe51bbd40ca77053fd794ac247cd2d07a150921accdd624f9f345fbc63db48b", "price_changes": [{"asset_id": "36448007855605050896824786938032039502111327633212361142790079215548046414522", "price": "0.23", "size": "194", "side": "BUY", "hash": "cbca164134a27668938278c93188d011634f5eab", "best_bid": "0.23", "best_ask": "0.64"}, {"asset_id": "87345926905556212316847105466061439969543894768822947485860245095466364170902", "price": "0.77", "size": "194", "side": "SELL", "hash": "7ca693a3250992f7bbafb3bb6d5ed7862eb45eb0", "best_bid": "0.36", "best_ask": "0.77"}], "timestamp": "1769384932412", "event_type": "price_change"}}
{"_local_timestamp": "2026-01-25T23:48:54.116763+00:00", "data": {"market": "0x780c042865b2018eeb8ddcdec110c6839c6f27a8062b37dded79501920250afe", "price_changes": [{"asset_id": "96548263188568861225971459083251184634804319351377359745128053937517313229246", "price": "0.5", "size": "105", "side": "BUY", "hash": "a9a06398eb08db2f18813fe6c73877914024c611", "best_bid": "0.5", "best_ask": "0.61"}, {"asset_id": "79287164977737814011242460177248792416483317253936439908020481835936787513608", "price": "0.5", "size": "105", "side": "SELL", "hash": "5d725501eddab9ca087991c3222a211df42f4d11", "best_bid": "0.39", "best_ask": "0.5"}], "timestamp": "1769384934042", "event_type": "price_change"}}
{"_local_timestamp": "2026-01-25T23:48:54.264709+00:00", "data": {"market": "0x780c042865b2018eeb8ddcdec110c6839c6f27a8062b37dded79501920250afe", "price_changes": [{"asset_id": "96548263188568861225971459083251184634804319351377359745128053937517313229246", "price": "0.03", "size": "0", "side": "BUY", "hash": "7200d235478da458d5ae4f1d964cb73f5d35d353", "best_bid": "0.5", "best_ask": "0.61"}, {"asset_id": "79287164977737814011242460177248792416483317253936439908020481835936787513608", "price": "0.97", "size": "0", "side": "SELL", "hash": "6101556d4df77d0c9f90d68d04a349b36cc4ae60", "best_bid": "0.39", "best_ask": "0.5"}], "timestamp": "1769384934191", "event_type": "price_change"}}
{"_local_timestamp": "2026-01-25T23:48:55.303921+00:00", "data": {"market": "0x780c042865b2018eeb8ddcdec110c6839c6f27a8062b37dded79501920250afe", "price_changes": [{"asset_id": "96548263188568861225971459083251184634804319351377359745128053937517313229246", "price": "0.47", "size": "196", "side": "BUY", "hash": "abf7f246678b16a9ad67ee82c07c3a463ba32606", "best_bid": "0.5", "best_ask": "0.61"}, {"asset_id": "79287164977737814011242460177248792416483317253936439908020481835936787513608", "price": "0.53", "size": "196", "side": "SELL", "hash": "667f8f9676b359282200c25fc93dde45271c98e1", "best_bid": "0.39", "best_ask": "0.5"}], "timestamp": "1769384935232", "event_type": "price_change"}}
{"_local_timestamp": "2026-01-25T23:48:55.324917+00:00", "data": {"market": "0x780c042865b2018eeb8ddcdec110c6839c6f27a8062b37dded79501920250afe", "price_changes": [{"asset_id": "96548263188568861225971459083251184634804319351377359745128053937517313229246", "price": "0.47", "size": "0", "side": "BUY", "hash": "478e9f4be5cbbb25bdd74ed5727ff69e3e84cf6e", "best_bid": "0.5", "best_ask": "0.61"}, {"asset_id": "79287164977737814011242460177248792416483317253936439908020481835936787513608", "price": "0.53", "size": "0", "side": "SELL", "hash": "0a6b3fa4e93c0cce198cb182219c458bc012c09b", "best_bid": "0.39", "best_ask": "0.5"}], "timestamp": "1769384935257", "event_type": "price_change"}}
{"_local_timestamp": "2026-01-25T23:48:55.612026+00:00", "data": {"market": "0x780c042865b2018eeb8ddcdec110c6839c6f27a8062b37dded79501920250afe", "price_changes": [{"asset_id": "96548263188568861225971459083251184634804319351377359745128053937517313229246", "price": "0.46", "size": "220", "side": "BUY", "hash": "ac2bf2af2b679702d605b9a23c671d4c201b8fa1", "best_bid": "0.5", "best_ask": "0.61"}, {"asset_id": "79287164977737814011242460177248792416483317253936439908020481835936787513608", "price": "0.54", "size": "220", "side": "SELL", "hash": "a758123f05e626bca0bc8c9192103d2216627139", "best_bid": "0.39", "best_ask": "0.5"}], "timestamp": "1769384935532", "event_type": "price_change"}}
{"_local_timestamp": "2026-01-25T23:48:56.077404+00:00", "data": {"market": "0x780c042865b2018eeb8ddcdec110c6839c6f27a8062b37dded79501920250afe", "price_changes": [{"asset_id": "96548263188568861225971459083251184634804319351377359745128053937517313229246", "price": "0.5", "size": "0", "side": "BUY", "hash": "a9388248dc675b3600633b2c15272ef0eccd9197", "best_bid": "0.46", "best_ask": "0.61"}, {"asset_id": "79287164977737814011242460177248792416483317253936439908020481835936787513608", "price": "0.5", "size": "0", "side": "SELL", "hash": "f628b21c84ad21b5f7f1db4f4fd2abd3ac43c7fd", "best_bid": "0.39", "best_ask": "0.54"}], "timestamp": "1769384936000", "event_type": "price_change"}}
{"_local_timestamp": "2026-01-25T23:48:57.161035+00:00", "data": {"market": "0x780c042865b2018eeb8ddcdec110c6839c6f27a8062b37dded79501920250afe", "price_changes": [{"asset_id": "79287164977737814011242460177248792416483317253936439908020481835936787513608", "price": "0.39", "size": "0", "side": "BUY", "hash": "8e14247ba477a3082fa09ada2b4a148ca1e0cfdb", "best_bid": "0.04", "best_ask": "0.54"}, {"asset_id": "96548263188568861225971459083251184634804319351377359745128053937517313229246", "price": "0.61", "size": "0", "side": "SELL", "hash": "2f52b3a43e9cd9ee6f0621ce2f67f483e30d722d", "best_bid": "0.46", "best_ask": "0.96"}], "timestamp": "1769384937083", "event_type": "price_change"}}
{"_local_timestamp": "2026-01-25T23:48:57.315909+00:00", "data": {"market": "0xdbe51bbd40ca77053fd794ac247cd2d07a150921accdd624f9f345fbc63db48b", "price_changes": [{"asset_id": "87345926905556212316847105466061439969543894768822947485860245095466364170902", "price": "0.36", "size": "0", "side": "BUY", "hash": "6d05265151af54278845874978581a4da9046825", "best_bid": "0.02", "best_ask": "0.77"}, {"asset_id": "36448007855605050896824786938032039502111327633212361142790079215548046414522", "price": "0.64", "size": "0", "side": "SELL", "hash": "b072ff6d022a072890ef4769dfa441f98d172858", "best_bid": "0.23", "best_ask": "0.98"}], "timestamp": "1769384937230", "event_type": "price_change"}}
{"_local_timestamp": "2026-01-25T23:48:57.641192+00:00", "data": {"market": "0x780c042865b2018eeb8ddcdec110c6839c6f27a8062b37dded79501920250afe", "price_changes": [{"asset_id": "96548263188568861225971459083251184634804319351377359745128053937517313229246", "price": "0.46", "size": "0", "side": "BUY", "hash": "95e97b34cc51e7262aa5ff18f7a11c9ab23c178f", "best_bid": "0.4", "best_ask": "0.96"}, {"asset_id": "79287164977737814011242460177248792416483317253936439908020481835936787513608", "price": "0.54", "size": "0", "side": "SELL", "hash": "9278c2a6bff3e243a7f8c91c9bd031f22e541896", "best_bid": "0.04", "best_ask": "0.6"}], "timestamp": "1769384937564", "event_type": "price_change"}}
{"_local_timestamp": "2026-01-25T23:48:57.642228+00:00", "data": {"market": "0xdbe51bbd40ca77053fd794ac247cd2d07a150921accdd624f9f345fbc63db48b", "price_changes": [{"asset_id": "36448007855605050896824786938032039502111327633212361142790079215548046414522", "price": "0.23", "size": "0", "side": "BUY", "hash": "993340411e704430bea6ae2bc0d0ce79159c8fc8", "best_bid": "0.17", "best_ask": "0.98"}, {"asset_id": "87345926905556212316847105466061439969543894768822947485860245095466364170902", "price": "0.77", "size": "0", "side": "SELL", "hash": "14111cae718adc5a21ad09d465b45d61385bd06a", "best_bid": "0.02", "best_ask": "0.83"}], "timestamp": "1769384937568", "event_type": "price_change"}}
{"_local_timestamp": "2026-01-25T23:48:57.643562+00:00", "data": {"market": "0x1feaf4097b273ee90aea00fdc5afa9ec6e14b518caf2ddbc421851bef1bdc168", "price_changes": [{"asset_id": "18882795016423351779855047017846676160725151167446687947380948164302842014020", "price": "0.42", "size": "0", "side": "BUY", "hash": "a188c1d3a95a45a76c502b09d355ecce3847b026", "best_bid": "0.02", "best_ask": "0.9"}, {"asset_id": "22033330904498269999207988435951609926608006932357150385292796096528006231715", "price": "0.58", "size": "0", "side": "SELL", "hash": "b7125b4be8327318ae07c1ea3efcdb54428eb788", "best_bid": "0.1", "best_ask": "0.98"}], "timestamp": "1769384937573", "event_type": "price_change"}}
{"_local_timestamp": "2026-01-25T23:48:57.679442+00:00", "data": {"market": "0x1feaf4097b273ee90aea00fdc5afa9ec6e14b518caf2ddbc421851bef1bdc168", "price_changes": [{"asset_id": "22033330904498269999207988435951609926608006932357150385292796096528006231715", "price": "0.1", "size": "0", "side": "BUY", "hash": "afe47ff23abcd727b0c5999dd1d359fcda4fe3d1", "best_bid": "0.02", "best_ask": "0.98"}, {"asset_id": "18882795016423351779855047017846676160725151167446687947380948164302842014020", "price": "0.9", "size": "0", "side": "SELL", "hash": "c3abbaa41ca329d4f50b42d6d951af83dee38275", "best_bid": "0.02", "best_ask": "0.98"}], "timestamp": "1769384937581", "event_type": "price_change"}}
{"_local_timestamp": "2026-01-25T23:48:57.685531+00:00", "data": {"market": "0xdbe51bbd40ca77053fd794ac247cd2d07a150921accdd624f9f345fbc63db48b", "price_changes": [{"asset_id": "36448007855605050896824786938032039502111327633212361142790079215548046414522", "price": "0.17", "size": "0", "side": "BUY", "hash": "84fc6973e765be1b91029f415322bc329954bffd", "best_bid": "0.05", "best_ask": "0.98"}, {"asset_id": "87345926905556212316847105466061439969543894768822947485860245095466364170902", "price": "0.83", "size": "0", "side": "SELL", "hash": "a7c4401497576de0419eba082e3798da34084af5", "best_bid": "0.02", "best_ask": "0.95"}], "timestamp": "1769384937610", "event_type": "price_change"}}
{"_local_timestamp": "2026-01-25T23:48:57.743078+00:00", "data": {"market": "0x1feaf4097b273ee90aea00fdc5afa9ec6e14b518caf2ddbc421851bef1bdc168", "price_changes": [{"asset_id": "18882795016423351779855047017846676160725151167446687947380948164302842014020", "price": "0.6", "size": "22", "side": "BUY", "hash": "fa28ce5e8295cbe03709f77f5f5f5f6ec44b1086", "best_bid": "0.6", "best_ask": "0.98"}, {"asset_id": "22033330904498269999207988435951609926608006932357150385292796096528006231715", "price": "0.4", "size": "22", "side": "SELL", "hash": "45bcd261a20a4e6e90b5198b76a7be5875d28341", "best_bid": "0.02", "best_ask": "0.4"}], "timestamp": "1769384937662", "event_type": "price_change"}}
{"_local_timestamp": "2026-01-25T23:48:57.971808+00:00", "data": {"market": "0x1feaf4097b273ee90aea00fdc5afa9ec6e14b518caf2ddbc421851bef1bdc168", "price_changes": [{"asset_id": "22033330904498269999207988435951609926608006932357150385292796096528006231715", "price": "0.09", "size": "33", "side": "BUY", "hash": "d30c8421d2cbc9e776b34e7d7327f1b62589cff9", "best_bid": "0.09", "best_ask": "0.4"}, {"asset_id": "18882795016423351779855047017846676160725151167446687947380948164302842014020", "price": "0.91", "size": "33", "side": "SELL", "hash": "58f5f2dacd114dfaa695de6a30b766552c0797b6", "best_bid": "0.6", "best_ask": "0.91"}], "timestamp": "1769384937902", "event_type": "price_change"}}
{"_local_timestamp": "2026-01-25T23:48:58.128022+00:00", "data": {"market": "0x1feaf4097b273ee90aea00fdc5afa9ec6e14b518caf2ddbc421851bef1bdc168", "price_changes": [{"asset_id": "22033330904498269999207988435951609926608006932357150385292796096528006231715", "price": "0.09", "size": "0", "side": "BUY", "hash": "f6040b4adfe4e9dbdf07409632e715ad30febc3f", "best_bid": "0.02", "best_ask": "0.4"}, {"asset_id": "18882795016423351779855047017846676160725151167446687947380948164302842014020", "price": "0.91", "size": "0", "side": "SELL", "hash": "ac39733b343cb5213bda8eeeae01d046ae435b2e", "best_bid": "0.6", "best_ask": "0.98"}], "timestamp": "1769384938008", "event_type": "price_change"}}
{"_local_timestamp": "2026-01-25T23:48:58.128950+00:00", "data": {"market": "0x1feaf4097b273ee90aea00fdc5afa9ec6e14b518caf2ddbc421851bef1bdc168", "price_changes": [{"asset_id": "18882795016423351779855047017846676160725151167446687947380948164302842014020", "price": "0.6", "size": "0", "side": "BUY", "hash": "2f6125bd399e3ec2b1694272839bc1f73323734f", "best_bid": "0.02", "best_ask": "0.98"}, {"asset_id": "22033330904498269999207988435951609926608006932357150385292796096528006231715", "price": "0.4", "size": "0", "side": "SELL", "hash": "9c9ebe4b5391f1bfb9b9215db8c654785c94f6ac", "best_bid": "0.02", "best_ask": "0.98"}], "timestamp": "1769384938009", "event_type": "price_change"}}
{"_local_timestamp": "2026-01-25T23:48:58.516698+00:00", "data": {"market": "0x1feaf4097b273ee90aea00fdc5afa9ec6e14b518caf2ddbc421851bef1bdc168", "price_changes": [{"asset_id": "18882795016423351779855047017846676160725151167446687947380948164302842014020", "price": "0.03", "size": "193", "side": "BUY", "hash": "1f7e483f7a715a28697d20a03edacf81856297e0", "best_bid": "0.03", "best_ask": "0.98"}, {"asset_id": "22033330904498269999207988435951609926608006932357150385292796096528006231715", "price": "0.97", "size": "193", "side": "SELL", "hash": "bbc674da0022b963c386399f91eb7322671ae09a", "best_bid": "0.02", "best_ask": "0.97"}], "timestamp": "1769384938444", "event_type": "price_change"}}
{"_local_timestamp": "2026-01-25T23:48:58.922716+00:00", "data": {"market": "0xdbe51bbd40ca77053fd794ac247cd2d07a150921accdd624f9f345fbc63db48b", "price_changes": [{"asset_id": "36448007855605050896824786938032039502111327633212361142790079215548046414522", "price": "0.1", "size": "182", "side": "BUY", "hash": "f6dac938c4075f9b1c22f545431ac058b2669ac4", "best_bid": "0.1", "best_ask": "0.98"}, {"asset_id": "87345926905556212316847105466061439969543894768822947485860245095466364170902", "price": "0.9", "size": "182", "side": "SELL", "hash": "6071ec2a56aab17b88f35190f90c2b5a504458a8", "best_bid": "0.02", "best_ask": "0.9"}], "timestamp": "1769384938852", "event_type": "price_change"}}
{"_local_timestamp": "2026-01-25T23:48:59.622399+00:00", "data": {"market": "0x780c042865b2018eeb8ddcdec110c6839c6f27a8062b37dded79501920250afe", "price_changes": [{"asset_id": "96548263188568861225971459083251184634804319351377359745128053937517313229246", "price": "0.5", "size": "105", "side": "BUY", "hash": "e0dc1679392694dacd0949464ffa5816b58206a9", "best_bid": "0.5", "best_ask": "0.96"}, {"asset_id": "79287164977737814011242460177248792416483317253936439908020481835936787513608", "price": "0.5", "size": "105", "side": "SELL", "hash": "960f4d1c245ff73c20c24e831aea92b79517b62a", "best_bid": "0.04", "best_ask": "0.5"}], "timestamp": "1769384939551", "event_type": "price_change"}}
{"_local_timestamp": "2026-01-25T23:48:59.635720+00:00", "data": {"market": "0x1feaf4097b273ee90aea00fdc5afa9ec6e14b518caf2ddbc421851bef1bdc168", "price_changes": [{"asset_id": "18882795016423351779855047017846676160725151167446687947380948164302842014020", "price": "0.03", "size": "0", "side": "BUY", "hash": "e78ae395ac7c9c6005c2ac9b768742446c6fe783", "best_bid": "0.02", "best_ask": "0.98"}, {"asset_id": "22033330904498269999207988435951609926608006932357150385292796096528006231715", "price": "0.97", "size": "0", "side": "SELL", "hash": "55032d2cba8c3c178a573d5d7efb4b6b650b641c", "best_bid": "0.02", "best_ask": "0.98"}], "timestamp": "1769384939566", "event_type": "price_change"}}
{"_local_timestamp": "2026-01-25T23:48:59.672857+00:00", "data": {"market": "0x1feaf4097b273ee90aea00fdc5afa9ec6e14b518caf2ddbc421851bef1bdc168", "price_changes": [{"asset_id": "18882795016423351779855047017846676160725151167446687947380948164302842014020", "price": "0.02", "size": "250", "side": "BUY", "hash": "a1334d5039f86f5b9bdaaacb5d7f15bb31d4c92e", "best_bid": "0.02", "best_ask": "0.98"}, {"asset_id": "22033330904498269999207988435951609926608006932357150385292796096528006231715", "price": "0.98", "size": "250", "side": "SELL", "hash": "d78b95da12ec6ee605beb505b709a1eba16ca907", "best_bid": "0.02", "best_ask": "0.98"}], "timestamp": "1769384939600", "event_type": "price_change"}}
{"_local_timestamp": "2026-01-25T23:48:59.978856+00:00", "data": {"market": "0xdbe51bbd40ca77053fd794ac247cd2d07a150921accdd624f9f345fbc63db48b", "price_changes": [{"asset_id": "36448007855605050896824786938032039502111327633212361142790079215548046414522", "price": "0.1", "size": "0", "side": "BUY", "hash": "56382ce17d2fe39ddb4f7799cfa5d50d0473dc64", "best_bid": "0.05", "best_ask": "0.98"}, {"asset_id": "87345926905556212316847105466061439969543894768822947485860245095466364170902", "price": "0.9", "size": "0", "side": "SELL", "hash": "ed323be8abfeca066bff76105e64d0c0df76a160", "best_bid": "0.02", "best_ask": "0.95"}], "timestamp": "1769384939910", "event_type": "price_change"}}
