{"_local_timestamp": "2026-01-25T23:34:16.363667+00:00", "data": [{"market": "0xf7868fee37e9875c85eea6b54c3bead88edf73399b496559ed118da237291ac0", "asset_id": "75022712147571731977471354068773654706301343036343635627256182244220003019029", "timestamp": "1769382483681", "hash": "0d4e42ef3833ff6fef81eeca79c293909675f1c4", "bids": [{"price": "0.01", "size": "614.79"}, {"price": "0.02", "size": "163.72"}, {"price": "0.03", "size": "49"}, {"price": "0.04", "size": "132.21"}, {"price": "0.05", "size": "40"}, {"price": "0.06", "size": "38.48"}], "asks": [{"price": "0.99", "size": "614.79"}, {"price": "0.98", "size": "157.03"}, {"price": "0.97", "size": "12.74"}, {"price": "0.95", "size": "125"}, {"price": "0.94", "size": "43.95"}], "event_type": "book", "last_trade_price": ""}, {"market": "0xebe261658d2db611ef865fe4aca2830e772a7f38d8a84f19c02af8b5bd53c05c", "asset_id": "20645081866280559802737026952513349750203311422729398388214727430471949833094", "timestamp": "1769382483671", "hash": "f2ef233dc14ecc06fc5f669550c440fbdca28a71", "bids": [{"price": "0.01", "size": "472.79"}, {"price": "0.02", "size": "160.48"}, {"price": "0.03", "size": "202.65"}, {"price": "0.05", "size": "12.73"}], "asks": [{"price": "0.99", "size": "550"}, {"price": "0.98", "size": "392"}], "event_type": "book", "last_trade_price": ""}, {"market": "0x834244e32a671f77e6969741232789579b956a70bb292ca71c532b123d05f78a", "asset_id": "77881499613006823580427346736653980418031939955705415568962293296108208777950", "timestamp": "1769382483702", "hash": "c2cb17408c682de1b6ca063f6ff96cbd7f241f74", "bids": [{"price": "0.01", "size": "450"}, {"price": "0.02", "size": "392"}], "asks": [{"price": "0.99", "size": "468.81"}, {"price": "0.98", "size": "158.94"}, {"price": "0.97", "size": "157.07"}, {"price": "0.95", "size": "11.48"}], "event_type": "book", "last_trade_price": ""}, {"market": "0xf7868fee37e9875c85eea6b54c3bead88edf73399b496559ed118da237291ac0", "asset_id": "36575861182547841458623953688569242818915437286447170715980199195551364420447", "timestamp": "1769382483681", "hash": "37752cf10c345cd8bd995688531b68b0af1631b4", "bids": [{"price": "0.01", "size": "614.79"}, {"price": "0.02", "size": "157.03"}, {"price": "0.03", "size": "12.74"}, {"price": "0.05", "size": "125"}, {"price": "0.06", "size": "43.95"}], "asks": [{"price": "0.99", "size": "614.79"}, {"price": "0.98", "size": "163.72"}, {"price": "0.97", "size": "49"}, {"price": "0.96", "size": "132.21"}, {"price": "0.95", "size": "40"}, {"price": "0.94", "size": "38.48"}], "event_type": "book", "last_trade_price": ""}, {"market": "0xebe261658d2db611ef865fe4aca2830e772a7f38d8a84f19c02af8b5bd53c05c", "asset_id": "13231236817200423829319889319098667214438380599680271032207820379046373444918", "timestamp": "1769382483671", "hash": "b5b95eeaa319621f4b51ec9d529be4001a4874e7", "bids": [{"price": "0.01", "size": "550"}, {"price": "0.02", "size": "392"}], "asks": [{"price": "0.99", "size": "472.79"}, {"price": "0.98", "size": "160.48"}, {"price": "0.97", "size": "202.65"}, {"price": "0.95", "size": "12.73"}], "event_type": "book", "last_trade_price": ""}, {"market": "0x3f7953f6669a8b54c52ce0e8ee51eb2a24fff0436af446124c77de6e53e79256", "asset_id": "104173049921411505146039734989916680381800640357006846487229534599607600088035", "timestamp": "1769383072680", "hash": "ab78e4f35faae23da20a20412cecce8f4fd10f01", "bids": [{"price": "0.01", "size": "450"}, {"price": "0.02", "size": "392"}], "asks": [{"price": "0.99", "size": "468.81"}, {"price": "0.98", "size": "158.94"}, {"price": "0.97", "size": "157.07"}, {"price": "0.95", "size": "11.48"}], "event_type": "book", "last_trade_price": ""}, {"market": "0x3f7953f6669a8b54c52ce0e8ee51eb2a24fff0436af446124c77de6e53e79256", "asset_id": "110473328357377864106097366486671221165511921025166728274343890142816627327143", "timestamp": "1769383072680", "hash": "4f459433173ba92ec282c4680a330329bc920ecd", "bids": [{"price": "0.01", "size": "468.81"}, {"price": "0.02", "size": "158.94"}, {"price": "0.03", "size": "157.07"}, {"price": "0.05", "size": "11.48"}], "asks": [{"price": "0.99", "size": "450"}, {"price": "0.98", "size": "392"}], "event_type": "book", "last_trade_price": ""}, {"market": "0xdce55b9a7d0928646a9e10c0187d5dfabc359f6211289382cadd73d801487401", "asset_id": "82328903631396069556370070677607021066362958688825828241594579141462628498367", "timestamp": "1769382484881", "hash": "f5409b854efde4b843596bbe1f378c8e3fb1423a", "bids": [{"price": "0.01", "size": "472.79"}, {"price": "0.02", "size": "160.48"}, {"price": "0.03", "size": "201.65"}, {"price": "0.05", "size": "12.73"}], "asks": [{"price": "0.99", "size": "450"}, {"price": "0.98", "size": "392"}], "event_type": "book", "last_trade_price": ""}, {"market": "0x834244e32a671f77e6969741232789579b956a70bb292ca71c532b123d05f78a", "asset_id": "78986296551192802391491866685278255386297721125199007061930380262085089728694", "timestamp": "1769382483702", "hash": "a01b8f09c3237105ba1378c6b3d460ae7ece5f8e", "bids": [{"price": "0.01", "size": "468.81"}, {"price": "0.02", "size": "158.94"}, {"price": "0.03", "size": "157.07"}, {"price": "0.05", "size": "11.48"}], "asks": [{"price": "0.99", "size": "450"}, {"price": "0.98", "size": "392"}], "event_type": "book", "last_trade_price": ""}, {"market": "0xdce55b9a7d0928646a9e10c0187d5dfabc359f6211289382cadd73d801487401", "asset_id": "5303505990611939193004006496016205142442263910489199019868966849775148844341", "timestamp": "1769382484881", "hash": "688358780fd2b2246ddeb476608aac642ea70b17", "bids": [{"price": "0.01", "size": "450"}, {"price": "0.02", "size": "392"}], "asks": [{"price": "0.99", "size": "472.79"}, {"price": "0.98", "size": "160.48"}, {"price": "0.97", "size": "201.65"}, {"price": "0.95", "size": "12.73"}], "event_type": "book", "last_trade_price": ""}]}
