{"_local_timestamp": "2026-01-25T23:41:22.453259+00:00", "data": [{"market": "0x380f21184de1f5db8a4d3b4d16be7e144fcaf239764fbba8d8f7c37f8cae86f2", "asset_id": "45242303476694398211454197993237928474441579519584727610165058842514109020814", "timestamp": "1769382569637", "hash": "3fa9d6bacc9e97a5e6cf6c5d4be058059c1592b7", "bids": [{"price": "0.01", "size": "139.71"}, {"price": "0.02", "size": "850"}, {"price": "0.03", "size": "30.17"}, {"price": "0.05", "size": "500"}, {"price": "0.08", "size": "300"}, {"price": "0.09", "size": "7.37"}, {"price": "0.15", "size": "86.66"}, {"price": "0.16", "size": "215.75"}, {"price": "0.77", "size": "100"}], "asks": [{"price": "0.99", "size": "139.19"}, {"price": "0.98", "size": "150"}, {"price": "0.95", "size": "260"}, {"price": "0.94", "size": "224.66"}, {"price": "0.93", "size": "7.27"}, {"price": "0.87", "size": "100"}], "event_type": "book", "last_trade_price": ""}, {"market": "0x8cca8372c5f45c240d28441966efce09dc3954b4f811ce523d1023ca8612b223", "asset_id": "111680055989460990403969986704505363968460427707546101205607395138867963168082", "timestamp": "1769382483672", "hash": "f3412c70a37d2974e8f501743cc4c2b4c7f58f85", "bids": [{"price": "0.01", "size": "644.79"}, {"price": "0.02", "size": "163.72"}, {"price": "0.03", "size": "16"}, {"price": "0.04", "size": "79.21"}, {"price": "0.05", "size": "90"}, {"price": "0.06", "size": "38.48"}], "asks": [{"price": "0.99", "size": "644.79"}, {"price": "0.98", "size": "156.7"}, {"price": "0.97", "size": "12.97"}, {"price": "0.95", "size": "125"}, {"price": "0.94", "size": "43.95"}], "event_type": "book", "last_trade_price": ""}, {"market": "0x380f21184de1f5db8a4d3b4d16be7e144fcaf239764fbba8d8f7c37f8cae86f2", "asset_id": "102368345966235769961429850340048566268287153097365435809509104072185388938128", "timestamp": "1769382569637", "hash": "22d9deeedebdca5dc22e00c4858364bd77c4badd", "bids": [{"price": "0.01", "size": "139.19"}, {"price": "0.02", "size": "150"}, {"price": "0.05", "size": "260"}, {"price": "0.06", "size": "224.66"}, {"price": "0.07", "size": "7.27"}, {"price": "0.13", "size": "100"}], "asks": [{"price": "0.99", "size": "139.71"}, {"price": "0.98", "size": "850"}, {"price": "0.97", "size": "30.17"}, {"price": "0.95", "size": "500"}, {"price": "0.92", "size": "300"}, {"price": "0.91", "size": "7.37"}, {"price": "0.85", "size": "86.66"}, {"price": "0.84", "size": "215.75"}, {"price": "0.23", "size": "100"}], "event_type": "book", "last_trade_price": ""}, {"market": "0x879adab88e18ac6c8bbaf4376ea8f31f26e054533356c0f9fe82134e05f3a6f3", "asset_id": "98493013498398386137416018896210313044570287849003802916545779211879923975318", "timestamp": "1769383942261", "hash": "e2579f633f644aac6653670af0497b3e8922087e", "bids": [{"price": "0.01", "size": "139.98"}, {"price": "0.02", "size": "850"}, {"price": "0.03", "size": "8.2"}, {"price": "0.05", "size": "500"}, {"price": "0.08", "size": "300"}, {"price": "0.09", "size": "7.26"}, {"price": "0.15", "size": "86.66"}, {"price": "0.16", "size": "215.75"}, {"price": "0.6", "size": "100"}], "asks": [{"price": "0.99", "size": "138.95"}, {"price": "0.98", "size": "850"}, {"price": "0.97", "size": "10.48"}, {"price": "0.94", "size": "716.66"}, {"price": "0.92", "size": "68.75"}, {"price": "0.91", "size": "34"}, {"price": "0.9", "size": "5.96"}, {"price": "0.73", "size": "371"}, {"price": "0.7", "size": "100"}], "event_type": "book", "last_trade_price": ""}, {"market": "0x8cca8372c5f45c240d28441966efce09dc3954b4f811ce523d1023ca8612b223", "asset_id": "13164463164964538698413954849655364613233837198443740396089650540378556550421", "timestamp": "1769382483672", "hash": "c4dab5da090c214df24555df3b7590823463daca", "bids": [{"price": "0.01", "size": "644.79"}, {"price": "0.02", "size": "156.7"}, {"price": "0.03", "size": "12.97"}, {"price": "0.05", "size": "125"}, {"price": "0.06", "size": "43.95"}], "asks": [{"price": "0.99", "size": "644.79"}, {"price": "0.98", "size": "163.72"}, {"price": "0.97", "size": "16"}, {"price": "0.96", "size": "79.21"}, {"price": "0.95", "size": "90"}, {"price": "0.94", "size": "38.48"}], "event_type": "book", "last_trade_price": ""}, {"market": "0xcd3be0c4eb4209b9cbed6d18fbca309e5c5bc3a645030748a5476162d3278909", "asset_id": "60193039361747425632982351522151060288946215732922952462742582075969680614020", "timestamp": "1769382484885", "hash": "7caa909b1381e79263f62ad53aa544b0ec4d45f6", "bids": [{"price": "0.01", "size": "546.74"}, {"price": "0.02", "size": "158.94"}, {"price": "0.03", "size": "216.44"}, {"price": "0.05", "size": "11.68"}], "asks": [{"price": "0.99", "size": "552.04"}, {"price": "0.98", "size": "160.48"}, {"price": "0.97", "size": "211.65"}, {"price": "0.96", "size": "39.24"}], "event_type": "book", "last_trade_price": ""}, {"market": "0xbb4782c91bb34db47cb4974404aae83c3a1100c3aed7d987659ea220ebcaa0eb", "asset_id": "62210172929238257852266923588302738106373978918064300028192920833794491764021", "timestamp": "1769382722511", "hash": "b460baef012c32c73d7e2677941272e385a9a8df", "bids": [{"price": "0.01", "size": "140.07"}, {"price": "0.02", "size": "850"}, {"price": "0.03", "size": "8.27"}, {"price": "0.05", "size": "500"}, {"price": "0.08", "size": "300"}, {"price": "0.09", "size": "7.23"}, {"price": "0.15", "size": "86.66"}, {"price": "0.16", "size": "215.75"}, {"price": "0.57", "size": "100"}], "asks": [{"price": "0.99", "size": "140.17"}, {"price": "0.98", "size": "850"}, {"price": "0.97", "size": "11.07"}, {"price": "0.93", "size": "185.71"}, {"price": "0.91", "size": "61.11"}, {"price": "0.9", "size": "5.65"}, {"price": "0.87", "size": "237"}, {"price": "0.67", "size": "100"}], "event_type": "book", "last_trade_price": ""}, {"market": "0x879adab88e18ac6c8bbaf4376ea8f31f26e054533356c0f9fe82134e05f3a6f3", "asset_id": "97032297314248609755662502350120187166193045603178369360827496710501483962426", "timestamp": "1769383942261", "hash": "91941a5cff1b933da052385288fba1358383f5dd", "bids": [{"price": "0.01", "size": "138.95"}, {"price": "0.02", "size": "850"}, {"price": "0.03", "size": "10.48"}, {"price": "0.06", "size": "716.66"}, {"price": "0.08", "size": "68.75"}, {"price": "0.09", "size": "34"}, {"price": "0.1", "size": "5.96"}, {"price": "0.27", "size": "371"}, {"price": "0.3", "size": "100"}], "asks": [{"price": "0.99", "size": "139.98"}, {"price": "0.98", "size": "850"}, {"price": "0.97", "size": "8.2"}, {"price": "0.95", "size": "500"}, {"price": "0.92", "size": "300"}, {"price": "0.91", "size": "7.26"}, {"price": "0.85", "size": "86.66"}, {"price": "0.84", "size": "215.75"}, {"price": "0.4", "size": "100"}], "event_type": "book", "last_trade_price": ""}, {"market": "0xbb4782c91bb34db47cb4974404aae83c3a1100c3aed7d987659ea220ebcaa0eb", "asset_id": "104621681632617441585815856190317856326262197867377752475157895632943327325557", "timestamp": "1769382722511", "hash": "a71e41d7b0f3d380453c7b61b246cf000e3193d0", "bids": [{"price": "0.01", "size": "140.17"}, {"price": "0.02", "size": "850"}, {"price": "0.03", "size": "11.07"}, {"price": "0.07", "size": "185.71"}, {"price": "0.09", "size": "61.11"}, {"price": "0.1", "size": "5.65"}, {"price": "0.13", "size": "237"}, {"price": "0.33", "size": "100"}], "asks": [{"price": "0.99", "size": "140.07"}, {"price": "0.98", "size": "850"}, {"price": "0.97", "size": "8.27"}, {"price": "0.95", "size": "500"}, {"price": "0.92", "size": "300"}, {"price": "0.91", "size": "7.23"}, {"price": "0.85", "size": "86.66"}, {"price": "0.84", "size": "215.75"}, {"price": "0.43", "size": "100"}], "event_type": "book", "last_trade_price": ""}, {"market": "0xcd3be0c4eb4209b9cbed6d18fbca309e5c5bc3a645030748a5476162d3278909", "asset_id": "72196976108580664116473742875535410765810268147830690617395612993798573037270", "timestamp": "1769382484885", "hash": "d5377342f53a5d41fe5839af061040e120c11eea", "bids": [{"price": "0.01", "size": "552.04"}, {"price": "0.02", "size": "160.48"}, {"price": "0.03", "size": "211.65"}, {"price": "0.04", "size": "39.24"}], "asks": [{"price": "0.99", "size": "546.74"}, {"price": "0.98", "size": "158.94"}, {"price": "0.97", "size": "216.44"}, {"price": "0.95", "size": "11.68"}], "event_type": "book", "last_trade_price": ""}]}
