{"_local_timestamp": "2026-01-25T23:41:19.658347+00:00", "data": [{"market": "0xdbe51bbd40ca77053fd794ac247cd2d07a150921accdd624f9f345fbc63db48b", "asset_id": "87345926905556212316847105466061439969543894768822947485860245095466364170902", "timestamp": "1769384465941", "hash": "064426cd6b8c34da647a5143f31cff4a4f76ee5a", "bids": [{"price": "0.01", "size": "200"}, {"price": "0.34", "size": "224"}], "asks": [{"price": "0.99", "size": "100"}, {"price": "0.96", "size": "25"}, {"price": "0.95", "size": "5.47"}, {"price": "0.83", "size": "235"}], "event_type": "book", "last_trade_price": "0.260"}, {"market": "0x780c042865b2018eeb8ddcdec110c6839c6f27a8062b37dded79501920250afe", "asset_id": "79287164977737814011242460177248792416483317253936439908020481835936787513608", "timestamp": "1769384467333", "hash": "5e146fcc91346234aafcf8571d00e5870d5215c9", "bids": [{"price": "0.01", "size": "100"}, {"price": "0.02", "size": "33.33"}, {"price": "0.03", "size": "38.47"}, {"price": "0.26", "size": "208"}], "asks": [{"price": "0.99", "size": "200"}, {"price": "0.75", "size": "237"}], "event_type": "book", "last_trade_price": "0.200"}, {"market": "0x780c042865b2018eeb8ddcdec110c6839c6f27a8062b37dded79501920250afe", "asset_id": "96548263188568861225971459083251184634804319351377359745128053937517313229246", "timestamp": "1769384467333", "hash": "73f9c4a191d4686e8c3d003928aa1467f404a0a1", "bids": [{"price": "0.01", "size": "200"}, {"price": "0.25", "size": "237"}], "asks": [{"price": "0.99", "size": "100"}, {"price": "0.98", "size": "33.33"}, {"price": "0.97", "size": "38.47"}, {"price": "0.74", "size": "208"}], "event_type": "book", "last_trade_price": "0.200"}, {"market": "0x1feaf4097b273ee90aea00fdc5afa9ec6e14b518caf2ddbc421851bef1bdc168", "asset_id": "22033330904498269999207988435951609926608006932357150385292796096528006231715", "timestamp": "1769384473380", "hash": "23bf90ccc93acb0243b2709f27a1754d921172fc", "bids": [{"price": "0.01", "size": "200"}, {"price": "0.21", "size": "50"}, {"price": "0.44", "size": "222"}], "asks": [{"price": "0.99", "size": "191.9"}, {"price": "0.98", "size": "20.21"}, {"price": "0.97", "size": "25.54"}, {"price": "0.6", "size": "98"}], "event_type": "book", "last_trade_price": "0.420"}, {"market": "0xdbe51bbd40ca77053fd794ac247cd2d07a150921accdd624f9f345fbc63db48b", "asset_id": "36448007855605050896824786938032039502111327633212361142790079215548046414522", "timestamp": "1769384465941", "hash": "3bc58b0dc805ee2517e5a0ecfd49c5a4d7eb2192", "bids": [{"price": "0.01", "size": "100"}, {"price": "0.04", "size": "25"}, {"price": "0.05", "size": "5.47"}, {"price": "0.17", "size": "235"}], "asks": [{"price": "0.99", "size": "200"}, {"price": "0.66", "size": "224"}], "event_type": "book", "last_trade_price": "0.260"}, {"market": "0x1feaf4097b273ee90aea00fdc5afa9ec6e14b518caf2ddbc421851bef1bdc168", "asset_id": "18882795016423351779855047017846676160725151167446687947380948164302842014020", "timestamp": "1769384473380", "hash": "cee120db385024a684b2e100f3e63665006da000", "bids": [{"price": "0.01", "size": "191.9"}, {"price": "0.02", "size": "20.21"}, {"price": "0.03", "size": "25.54"}, {"price": "0.4", "size": "98"}], "asks": [{"price": "0.99", "size": "200"}, {"price": "0.79", "size": "50"}, {"price": "0.56", "size": "222"}], "event_type": "book", "last_trade_price": "0.420"}]}
