{"_local_timestamp": "2026-01-25T23:34:16.069954+00:00", "data": [{"market": "0xa5a069d77ecd1efed825c53a3ca096f9ff2a3e30436f61fd5b5584f808c47990", "asset_id": "14536662233978654799224435140152880458447512181498279447754596454032827821989", "timestamp": "1769384053416", "hash": "3bfc3c12dc8aaa848ff785cd3ff77a16c108bd8c", "bids": [{"price": "0.001", "size": "100009.13"}, {"price": "0.002", "size": "55000"}, {"price": "0.003", "size": "14.79"}, {"price": "0.008", "size": "155"}, {"price": "0.01", "size": "27000"}, {"price": "0.011", "size": "55710"}, {"price": "0.012", "size": "29.11"}, {"price": "0.08", "size": "155"}, {"price": "0.097", "size": "100"}, {"price": "0.099", "size": "100"}, {"price": "0.1", "size": "3500"}, {"price": "0.101", "size": "10000"}, {"price": "0.102", "size": "5.84"}, {"price": "0.47", "size": "100"}, {"price": "0.49", "size": "100"}, {"price": "0.497", "size": "100"}, {"price": "0.499", "size": "500"}, {"price": "0.5", "size": "440"}, {"price": "0.75", "size": "60"}, {"price": "0.767", "size": "60"}, {"price": "0.768", "size": "53"}, {"price": "0.769", "size": "60"}, {"price": "0.77", "size": "60"}, {"price": "0.771", "size": "53"}, {"price": "0.772", "size": "25"}, {"price": "0.773", "size": "9.47"}, {"price": "0.99", "size": "10.52"}, {"price": "0.991", "size": "500"}, {"price": "0.992", "size": "90.3"}, {"price": "0.999", "size": "93703.74"}], "asks": [], "event_type": "book", "last_trade_price": "0.999"}, {"market": "0xa5a069d77ecd1efed825c53a3ca096f9ff2a3e30436f61fd5b5584f808c47990", "asset_id": "86144643747026406962997746762477458087644977761266547333134898147315078522778", "timestamp": "1769384053416", "hash": "ec7ca1b1efac813764a63a26b7e6a711384edeaf", "bids": [], "asks": [{"price": "0.999", "size": "100009.13"}, {"price": "0.998", "size": "55000"}, {"price": "0.997", "size": "14.79"}, {"price": "0.992", "size": "155"}, {"price": "0.99", "size": "27000"}, {"price": "0.989", "size": "55710"}, {"price": "0.988", "size": "29.11"}, {"price": "0.92", "size": "155"}, {"price": "0.903", "size": "100"}, {"price": "0.901", "size": "100"}, {"price": "0.9", "size": "3500"}, {"price": "0.899", "size": "10000"}, {"price": "0.898", "size": "5.84"}, {"price": "0.53", "size": "100"}, {"price": "0.51", "size": "100"}, {"price": "0.503", "size": "100"}, {"price": "0.501", "size": "500"}, {"price": "0.5", "size": "440"}, {"price": "0.25", "size": "60"}, {"price": "0.233", "size": "60"}, {"price": "0.232", "size": "53"}, {"price": "0.231", "size": "60"}, {"price": "0.23", "size": "60"}, {"price": "0.229", "size": "53"}, {"price": "0.228", "size": "25"}, {"price": "0.227", "size": "9.47"}, {"price": "0.01", "size": "10.52"}, {"price": "0.009", "size": "500"}, {"price": "0.008", "size": "90.3"}, {"price": "0.001", "size": "93703.74"}], "event_type": "book", "last_trade_price": "0.999"}]}
{"_local_timestamp": "2026-01-25T23:34:25.495425+00:00", "data": {"market": "0xa5a069d77ecd1efed825c53a3ca096f9ff2a3e30436f61fd5b5584f808c47990", "price_changes": [{"asset_id": "14536662233978654799224435140152880458447512181498279447754596454032827821989", "price": "0.999", "size": "80425.74", "side": "BUY", "hash": "be219a548485d1348fa61d92143d79a708cd811d", "best_bid": "0.999", "best_ask": "1"}, {"asset_id": "86144643747026406962997746762477458087644977761266547333134898147315078522778", "price": "0.001", "size": "80425.74", "side": "SELL", "hash": "6c1b8272f7fe88ded8cd6f3eb484d6185caa666e", "best_bid": "0", "best_ask": "0.001"}], "timestamp": "1769384065339", "event_type": "price_change"}}
{"_local_timestamp": "2026-01-25T23:34:26.322227+00:00", "data": {"market": "0xa5a069d77ecd1efed825c53a3ca096f9ff2a3e30436f61fd5b5584f808c47990", "price_changes": [{"asset_id": "14536662233978654799224435140152880458447512181498279447754596454032827821989", "price": "0.999", "size": "81050.74", "side": "BUY", "hash": "c8361b4911e529baa99dce3564348c7fcb8fe51b", "best_bid": "0.999", "best_ask": "1"}, {"asset_id": "86144643747026406962997746762477458087644977761266547333134898147315078522778", "price": "0.001", "size": "81050.74", "side": "SELL", "hash": "a5df98888cd0a7aa98c87a5058f7bc2de88e284a", "best_bid": "0", "best_ask": "0.001"}], "timestamp": "1769384066211", "event_type": "price_change"}}
{"_local_timestamp": "2026-01-25T23:34:26.690047+00:00", "data": {"market": "0xa5a069d77ecd1efed825c53a3ca096f9ff2a3e30436f61fd5b5584f808c47990", "price_changes": [{"asset_id": "14536662233978654799224435140152880458447512181498279447754596454032827821989", "price": "0.999", "size": "81674.74", "side": "BUY", "hash": "6b68f49ebf26435310cdc2da634ae79c78d9199f", "best_bid": "0.999", "best_ask": "1"}, {"asset_id": "86144643747026406962997746762477458087644977761266547333134898147315078522778", "price": "0.001", "size": "81674.74", "side": "SELL", "hash": "ec686eb71fe93ae6def2966cece7610fe0e8616a", "best_bid": "0", "best_ask": "0.001"}], "timestamp": "1769384066586", "event_type": "price_change"}}
{"_local_timestamp": "2026-01-25T23:34:27.923372+00:00", "data": {"market": "0xa5a069d77ecd1efed825c53a3ca096f9ff2a3e30436f61fd5b5584f808c47990", "price_changes": [{"asset_id": "14536662233978654799224435140152880458447512181498279447754596454032827821989", "price": "0.999", "size": "81829.74", "side": "BUY", "hash": "aef8c5eca1a2ce6d0554e7f17d9823d876b38dc2", "best_bid": "0.999", "best_ask": "1"}, {"asset_id": "86144643747026406962997746762477458087644977761266547333134898147315078522778", "price": "0.001", "size": "81829.74", "side": "SELL", "hash": "79c3aa172169727306b08b467569e440ecf7ffae", "best_bid": "0", "best_ask": "0.001"}], "timestamp": "1769384067743", "event_type": "price_change"}}
{"_local_timestamp": "2026-01-25T23:34:28.261614+00:00", "data": {"market": "0xa5a069d77ecd1efed825c53a3ca096f9ff2a3e30436f61fd5b5584f808c47990", "price_changes": [{"asset_id": "14536662233978654799224435140152880458447512181498279447754596454032827821989", "price": "0.999", "size": "81983.74", "side": "BUY", "hash": "cf1a31b461e35d9d1aa4c5113d793894c4bd4a75", "best_bid": "0.999", "best_ask": "1"}, {"asset_id": "86144643747026406962997746762477458087644977761266547333134898147315078522778", "price": "0.001", "size": "81983.74", "side": "SELL", "hash": "8f72889cef8032919acf28ff6d5434e034798f3c", "best_bid": "0", "best_ask": "0.001"}], "timestamp": "1769384068167", "event_type": "price_change"}}
{"_local_timestamp": "2026-01-25T23:34:29.358029+00:00", "data": {"market": "0xa5a069d77ecd1efed825c53a3ca096f9ff2a3e30436f61fd5b5584f808c47990", "price_changes": [{"asset_id": "14536662233978654799224435140152880458447512181498279447754596454032827821989", "price": "0.999", "size": "82136.74", "side": "BUY", "hash": "93c958201bcd33796c5f32032498c60478609ca0", "best_bid": "0.999", "best_ask": "1"}, {"asset_id": "86144643747026406962997746762477458087644977761266547333134898147315078522778", "price": "0.001", "size": "82136.74", "side": "SELL", "hash": "92fed58cc85ca2df691235de99799e8ee82e4685", "best_bid": "0", "best_ask": "0.001"}], "timestamp": "1769384069279", "event_type": "price_change"}}
{"_local_timestamp": "2026-01-25T23:34:29.777457+00:00", "data": {"market": "0xa5a069d77ecd1efed825c53a3ca096f9ff2a3e30436f61fd5b5584f808c47990", "price_changes": [{"asset_id": "14536662233978654799224435140152880458447512181498279447754596454032827821989", "price": "0.999", "size": "82288.74", "side": "BUY", "hash": "d6f2ce0536b516ffa3686d05cfb7535a41c806c6", "best_bid": "0.999", "best_ask": "1"}, {"asset_id": "86144643747026406962997746762477458087644977761266547333134898147315078522778", "price": "0.001", "size": "82288.74", "side": "SELL", "hash": "45bd80b6f187bb2339ab2f16ebdbf1586771d951", "best_bid": "0", "best_ask": "0.001"}], "timestamp": "1769384069637", "event_type": "price_change"}}
{"_local_timestamp": "2026-01-25T23:34:30.385053+00:00", "data": {"market": "0xa5a069d77ecd1efed825c53a3ca096f9ff2a3e30436f61fd5b5584f808c47990", "price_changes": [{"asset_id": "14536662233978654799224435140152880458447512181498279447754596454032827821989", "price": "0.999", "size": "82439.74", "side": "BUY", "hash": "684710b20865198284559aff2357424c73294f54", "best_bid": "0.999", "best_ask": "1"}, {"asset_id": "86144643747026406962997746762477458087644977761266547333134898147315078522778", "price": "0.001", "size": "82439.74", "side": "SELL", "hash": "8c669b0545ab3df8f499dc126baae2d0fa61998c", "best_bid": "0", "best_ask": "0.001"}], "timestamp": "1769384070205", "event_type": "price_change"}}
{"_local_timestamp": "2026-01-25T23:34:30.718557+00:00", "data": {"market": "0xa5a069d77ecd1efed825c53a3ca096f9ff2a3e30436f61fd5b5584f808c47990", "price_changes": [{"asset_id": "14536662233978654799224435140152880458447512181498279447754596454032827821989", "price": "0.999", "size": "82476.74", "side": "BUY", "hash": "f38eb7f90dd60b25a780913bf537ef60c7a88415", "best_bid": "0.999", "best_ask": "1"}, {"asset_id": "86144643747026406962997746762477458087644977761266547333134898147315078522778", "price": "0.001", "size": "82476.74", "side": "SELL", "hash": "e08dbc090eacd562378316ab8ae09a3315ad5618", "best_bid": "0", "best_ask": "0.001"}], "timestamp": "1769384070594", "event_type": "price_change"}}
{"_local_timestamp": "2026-01-25T23:34:31.014540+00:00", "data": {"market": "0xa5a069d77ecd1efed825c53a3ca096f9ff2a3e30436f61fd5b5584f808c47990", "price_changes": [{"asset_id": "14536662233978654799224435140152880458447512181498279447754596454032827821989", "price": "0.999", "size": "82512.74", "side": "BUY", "hash": "0429a3ba7afa246f9d13097b726472a32b1cba7b", "best_bid": "0.999", "best_ask": "1"}, {"asset_id": "86144643747026406962997746762477458087644977761266547333134898147315078522778", "price": "0.001", "size": "82512.74", "side": "SELL", "hash": "7c4f1be619e18235bb71a1794b1a4272a54b3077", "best_bid": "0", "best_ask": "0.001"}], "timestamp": "1769384070924", "event_type": "price_change"}}
{"_local_timestamp": "2026-01-25T23:34:32.265892+00:00", "data": {"market": "0xa5a069d77ecd1efed825c53a3ca096f9ff2a3e30436f61fd5b5584f808c47990", "price_changes": [{"asset_id": "14536662233978654799224435140152880458447512181498279447754596454032827821989", "price": "0.999", "size": "82547.74", "side": "BUY", "hash": "da8f76f997bbc4d9214172384bc1e4d48db107f1", "best_bid": "0.999", "best_ask": "1"}, {"asset_id": "86144643747026406962997746762477458087644977761266547333134898147315078522778", "price": "0.001", "size": "82547.74", "side": "SELL", "hash": "6696caefda4b723015a7bf311c0c7abd2b765377", "best_bid": "0", "best_ask": "0.001"}], "timestamp": "1769384072112", "event_type": "price_change"}}
{"_local_timestamp": "2026-01-25T23:34:32.664796+00:00", "data": {"market": "0xa5a069d77ecd1efed825c53a3ca096f9ff2a3e30436f61fd5b5584f808c47990", "price_changes": [{"asset_id": "14536662233978654799224435140152880458447512181498279447754596454032827821989", "price": "0.999", "size": "82581.74", "side": "BUY", "hash": "371c9919cca99e88399c40bdcc24cc9453405d50", "best_bid": "0.999", "best_ask": "1"}, {"asset_id": "86144643747026406962997746762477458087644977761266547333134898147315078522778", "price": "0.001", "size": "82581.74", "side": "SELL", "hash": "a734e1a00f4c361a13f90d164200df88ea1b805a", "best_bid": "0", "best_ask": "0.001"}], "timestamp": "1769384072577", "event_type": "price_change"}}
{"_local_timestamp": "2026-01-25T23:34:33.433089+00:00", "data": {"market": "0xa5a069d77ecd1efed825c53a3ca096f9ff2a3e30436f61fd5b5584f808c47990", "price_changes": [{"asset_id": "14536662233978654799224435140152880458447512181498279447754596454032827821989", "price": "0.999", "size": "82614.74", "side": "BUY", "hash": "d96dfef5a3e26fdb1bec5aa50e3153622702708d", "best_bid": "0.999", "best_ask": "1"}, {"asset_id": "86144643747026406962997746762477458087644977761266547333134898147315078522778", "price": "0.001", "size": "82614.74", "side": "SELL", "hash": "7778bb95ebe4f76401e659c05057bf88ecec7af0", "best_bid": "0", "best_ask": "0.001"}], "timestamp": "1769384073347", "event_type": "price_change"}}
{"_local_timestamp": "2026-01-25T23:34:36.157740+00:00", "data": {"market": "0xa5a069d77ecd1efed825c53a3ca096f9ff2a3e30436f61fd5b5584f808c47990", "price_changes": [{"asset_id": "14536662233978654799224435140152880458447512181498279447754596454032827821989", "price": "0.999", "size": "85114.74", "side": "BUY", "hash": "0a10a8fddba28c40f0c150914ebcd8643e2f64bc", "best_bid": "0.999", "best_ask": "1"}, {"asset_id": "86144643747026406962997746762477458087644977761266547333134898147315078522778", "price": "0.001", "size": "85114.74", "side": "SELL", "hash": "da527b790adb7ccabc6bff84dcfa6ad0aef6ce47", "best_bid": "0", "best_ask": "0.001"}], "timestamp": "1769384076057", "event_type": "price_change"}}
{"_local_timestamp": "2026-01-25T23:34:38.530900+00:00", "data": {"market": "0xa5a069d77ecd1efed825c53a3ca096f9ff2a3e30436f61fd5b5584f808c47990", "price_changes": [{"asset_id": "14536662233978654799224435140152880458447512181498279447754596454032827821989", "price": "0.999", "size": "85269.74", "side": "BUY", "hash": "e87084a205ce8426f0ed7718deaba7e3263f2bb1", "best_bid": "0.999", "best_ask": "1"}, {"asset_id": "86144643747026406962997746762477458087644977761266547333134898147315078522778", "price": "0.001", "size": "85269.74", "side": "SELL", "hash": "c09bf3c589c9f71eb4cad7b1bfe01477b2ab5001", "best_bid": "0", "best_ask": "0.001"}], "timestamp": "1769384078440", "event_type": "price_change"}}
{"_local_timestamp": "2026-01-25T23:34:38.890265+00:00", "data": {"market": "0xa5a069d77ecd1efed825c53a3ca096f9ff2a3e30436f61fd5b5584f808c47990", "price_changes": [{"asset_id": "14536662233978654799224435140152880458447512181498279447754596454032827821989", "price": "0.999", "size": "85423.74", "side": "BUY", "hash": "d31d002ea6fc68b7afcf316b7de641f6a0e3d044", "best_bid": "0.999", "best_ask": "1"}, {"asset_id": "86144643747026406962997746762477458087644977761266547333134898147315078522778", "price": "0.001", "size": "85423.74", "side": "SELL", "hash": "7e3c9b36f6329d30d332da419e3766b67a3c8a19", "best_bid": "0", "best_ask": "0.001"}], "timestamp": "1769384078803", "event_type": "price_change"}}
{"_local_timestamp": "2026-01-25T23:34:40.173748+00:00", "data": {"market": "0xa5a069d77ecd1efed825c53a3ca096f9ff2a3e30436f61fd5b5584f808c47990", "price_changes": [{"asset_id": "14536662233978654799224435140152880458447512181498279447754596454032827821989", "price": "0.999", "size": "85576.74", "side": "BUY", "hash": "7b493b8c798e6274fdf8cdcec5cb8e7a6b0f6c7c", "best_bid": "0.999", "best_ask": "1"}, {"asset_id": "86144643747026406962997746762477458087644977761266547333134898147315078522778", "price": "0.001", "size": "85576.74", "side": "SELL", "hash": "8d915f876cd7530cd273b8a10869d402d1daf3c6", "best_bid": "0", "best_ask": "0.001"}], "timestamp": "1769384079999", "event_type": "price_change"}}
{"_local_timestamp": "2026-01-25T23:34:40.668228+00:00", "data": {"market": "0xa5a069d77ecd1efed825c53a3ca096f9ff2a3e30436f61fd5b5584f808c47990", "price_changes": [{"asset_id": "14536662233978654799224435140152880458447512181498279447754596454032827821989", "price": "0.999", "size": "85728.74", "side": "BUY", "hash": "42c26184a2f198c7345c113fecade68ba26006ab", "best_bid": "0.999", "best_ask": "1"}, {"asset_id": "86144643747026406962997746762477458087644977761266547333134898147315078522778", "price": "0.001", "size": "85728.74", "side": "SELL", "hash": "4cc20d1f0c816a5e1d737825840b79e74433b796", "best_bid": "0", "best_ask": "0.001"}], "timestamp": "1769384080495", "event_type": "price_change"}}
