{"_local_timestamp": "2026-01-25T23:34:14.226743+00:00", "data": [{"market": "0x0eeb357e20ed15374e8835da257f5e93cae15464c5d8d47696d9cdd870654035", "asset_id": "93406267431116607025067939325556270299955833084538024810174646439616691614109", "timestamp": "1769383482769", "hash": "7ae64f38596ae8b5df70cffaebddbe8559e2fe03", "bids": [{"price": "0.01", "size": "620.01"}, {"price": "0.02", "size": "161.27"}, {"price": "0.03", "size": "19.05"}, {"price": "0.04", "size": "525"}, {"price": "0.05", "size": "280"}, {"price": "0.06", "size": "38.06"}, {"price": "0.07", "size": "88"}, {"price": "0.08", "size": "87.74"}, {"price": "0.1", "size": "39"}, {"price": "0.12", "size": "10"}], "asks": [{"price": "0.99", "size": "614.69"}, {"price": "0.98", "size": "663.64"}, {"price": "0.97", "size": "233"}, {"price": "0.96", "size": "22.17"}, {"price": "0.95", "size": "80"}, {"price": "0.94", "size": "55.07"}], "event_type": "book", "last_trade_price": ""}, {"market": "0x6ca0ae263c7538391436eb64875fa25e60e37edb950b99dfe227017487cf85d8", "asset_id": "44833380597262727509134241660858305942898002580168804409621755300945410656606", "timestamp": "1769383307645", "hash": "cfc201bc24fed3c855392a171f5082a4a9d4c5c3", "bids": [{"price": "0.01", "size": "614.69"}, {"price": "0.02", "size": "663.64"}, {"price": "0.03", "size": "233"}, {"price": "0.04", "size": "42.17"}, {"price": "0.05", "size": "88.57"}, {"price": "0.06", "size": "47.99"}], "asks": [{"price": "0.99", "size": "271.28"}, {"price": "0.98", "size": "159.71"}, {"price": "0.97", "size": "628.09"}, {"price": "0.96", "size": "525"}, {"price": "0.95", "size": "286.32"}, {"price": "0.94", "size": "33"}, {"price": "0.93", "size": "6.2"}, {"price": "0.91", "size": "82"}, {"price": "0.9", "size": "39"}, {"price": "0.86", "size": "10"}], "event_type": "book", "last_trade_price": ""}, {"market": "0x3727b0afd1bb7c2194a18eb6302b848f1dfcd0ccf8dbfb6ca49fd20c51c32a1a", "asset_id": "59142191896925690838724343082674006552373611775640420884310203564261499901615", "timestamp": "1769383413743", "hash": "78cd55c2b0f3bc9d3c6320342e21c1c9578b8cd8", "bids": [{"price": "0.01", "size": "418.63"}, {"price": "0.02", "size": "435.42"}, {"price": "0.03", "size": "12.79"}, {"price": "0.04", "size": "325"}, {"price": "0.05", "size": "485.18"}, {"price": "0.06", "size": "33"}, {"price": "0.07", "size": "5.08"}, {"price": "0.08", "size": "69"}, {"price": "0.1", "size": "6.06"}, {"price": "0.11", "size": "39"}, {"price": "0.13", "size": "10"}], "asks": [{"price": "0.99", "size": "614.69"}, {"price": "0.98", "size": "763.64"}, {"price": "0.97", "size": "266"}, {"price": "0.96", "size": "116.17"}, {"price": "0.95", "size": "48"}, {"price": "0.94", "size": "11.56"}], "event_type": "book", "last_trade_price": ""}, {"market": "0x6ca0ae263c7538391436eb64875fa25e60e37edb950b99dfe227017487cf85d8", "asset_id": "55212666999929101762427824884895245076766099931074880258004130358357671824454", "timestamp": "1769383307645", "hash": "f2ad13733b410d6d7200a743f6ce4dc721a75c67", "bids": [{"price": "0.01", "size": "271.28"}, {"price": "0.02", "size": "159.71"}, {"price": "0.03", "size": "628.09"}, {"price": "0.04", "size": "525"}, {"price": "0.05", "size": "286.32"}, {"price": "0.06", "size": "33"}, {"price": "0.07", "size": "6.2"}, {"price": "0.09", "size": "82"}, {"price": "0.1", "size": "39"}, {"price": "0.14", "size": "10"}], "asks": [{"price": "0.99", "size": "614.69"}, {"price": "0.98", "size": "663.64"}, {"price": "0.97", "size": "233"}, {"price": "0.96", "size": "42.17"}, {"price": "0.95", "size": "88.57"}, {"price": "0.94", "size": "47.99"}], "event_type": "book", "last_trade_price": ""}, {"market": "0x3727b0afd1bb7c2194a18eb6302b848f1dfcd0ccf8dbfb6ca49fd20c51c32a1a", "asset_id": "64041885252381846570038977064537170362257051689128950857769013064900743181507", "timestamp": "1769383413743", "hash": "ff3fbe2d6e50a6dfd794fe7b68055f014cedc606", "bids": [{"price": "0.01", "size": "614.69"}, {"price": "0.02", "size": "763.64"}, {"price": "0.03", "size": "266"}, {"price": "0.04", "size": "116.17"}, {"price": "0.05", "size": "48"}, {"price": "0.06", "size": "11.56"}], "asks": [{"price": "0.99", "size": "418.63"}, {"price": "0.98", "size": "435.42"}, {"price": "0.97", "size": "12.79"}, {"price": "0.96", "size": "325"}, {"price": "0.95", "size": "485.18"}, {"price": "0.94", "size": "33"}, {"price": "0.93", "size": "5.08"}, {"price": "0.92", "size": "69"}, {"price": "0.9", "size": "6.06"}, {"price": "0.89", "size": "39"}, {"price": "0.87", "size": "10"}], "event_type": "book", "last_trade_price": ""}, {"market": "0x0eeb357e20ed15374e8835da257f5e93cae15464c5d8d47696d9cdd870654035", "asset_id": "44528150247264218375726085150535905042244065278977329619481541892321125462942", "timestamp": "1769383482769", "hash": "2d695f2ed6772de9d762b126f0fcc18c1f803a57", "bids": [{"price": "0.01", "size": "614.69"}, {"price": "0.02", "size": "663.64"}, {"price": "0.03", "size": "233"}, {"price": "0.04", "size": "22.17"}, {"price": "0.05", "size": "80"}, {"price": "0.06", "size": "55.07"}], "asks": [{"price": "0.99", "size": "620.01"}, {"price": "0.98", "size": "161.27"}, {"price": "0.97", "size": "19.05"}, {"price": "0.96", "size": "525"}, {"price": "0.95", "size": "280"}, {"price": "0.94", "size": "38.06"}, {"price": "0.93", "size": "88"}, {"price": "0.92", "size": "87.74"}, {"price": "0.9", "size": "39"}, {"price": "0.88", "size": "10"}], "event_type": "book", "last_trade_price": ""}]}
{"_local_timestamp": "2026-01-25T23:34:27.261808+00:00", "data": {"market": "0x3727b0afd1bb7c2194a18eb6302b848f1dfcd0ccf8dbfb6ca49fd20c51c32a1a", "price_changes": [{"asset_id": "59142191896925690838724343082674006552373611775640420884310203564261499901615", "price": "0.05", "size": "480", "side": "BUY", "hash": "7ea5263f3d9e91869e486298edf31116713b7547", "best_bid": "0.13", "best_ask": "0.94"}, {"asset_id": "64041885252381846570038977064537170362257051689128950857769013064900743181507", "price": "0.95", "size": "480", "side": "SELL", "hash": "d1777560a7d3dbbe3d5d11ab6b99da30293bbbc8", "best_bid": "0.06", "best_ask": "0.87"}], "timestamp": "1769384067192", "event_type": "price_change"}}
{"_local_timestamp": "2026-01-25T23:34:27.262544+00:00", "data": {"market": "0x3727b0afd1bb7c2194a18eb6302b848f1dfcd0ccf8dbfb6ca49fd20c51c32a1a", "price_changes": [{"asset_id": "59142191896925690838724343082674006552373611775640420884310203564261499901615", "price": "0.07", "size": "0", "side": "BUY", "hash": "7ea5263f3d9e91869e486298edf31116713b7547", "best_bid": "0.13", "best_ask": "0.94"}, {"asset_id": "64041885252381846570038977064537170362257051689128950857769013064900743181507", "price": "0.93", "size": "0", "side": "SELL", "hash": "d1777560a7d3dbbe3d5d11ab6b99da30293bbbc8", "best_bid": "0.06", "best_ask": "0.87"}], "timestamp": "1769384067192", "event_type": "price_change"}}
{"_local_timestamp": "2026-01-25T23:34:27.262897+00:00", "data": {"market": "0x3727b0afd1bb7c2194a18eb6302b848f1dfcd0ccf8dbfb6ca49fd20c51c32a1a", "price_changes": [{"asset_id": "59142191896925690838724343082674006552373611775640420884310203564261499901615", "price": "0.1", "size": "0", "side": "BUY", "hash": "7ea5263f3d9e91869e486298edf31116713b7547", "best_bid": "0.13", "best_ask": "0.94"}, {"asset_id": "64041885252381846570038977064537170362257051689128950857769013064900743181507", "price": "0.9", "size": "0", "side": "SELL", "hash": "d1777560a7d3dbbe3d5d11ab6b99da30293bbbc8", "best_bid": "0.06", "best_ask": "0.87"}], "timestamp": "1769384067192", "event_type": "price_change"}}
{"_local_timestamp": "2026-01-25T23:34:28.667808+00:00", "data": {"market": "0x3727b0afd1bb7c2194a18eb6302b848f1dfcd0ccf8dbfb6ca49fd20c51c32a1a", "price_changes": [{"asset_id": "59142191896925690838724343082674006552373611775640420884310203564261499901615", "price": "0.09", "size": "8.97", "side": "BUY", "hash": "78b39fc329c2fa01d86b3614f2b071a1b44aefec", "best_bid": "0.13", "best_ask": "0.94"}, {"asset_id": "64041885252381846570038977064537170362257051689128950857769013064900743181507", "price": "0.91", "size": "8.97", "side": "SELL", "hash": "59df0ef03409a25e998126aaebc9e5e233100051", "best_bid": "0.06", "best_ask": "0.87"}], "timestamp": "1769384068266", "event_type": "price_change"}}
{"_local_timestamp": "2026-01-25T23:34:28.686634+00:00", "data": {"market": "0x3727b0afd1bb7c2194a18eb6302b848f1dfcd0ccf8dbfb6ca49fd20c51c32a1a", "price_changes": [{"asset_id": "59142191896925690838724343082674006552373611775640420884310203564261499901615", "price": "0.06", "size": "39.89", "side": "BUY", "hash": "0d1c4f4042b5953c2463b640e7fe40313463cd7c", "best_bid": "0.13", "best_ask": "0.94"}, {"asset_id": "64041885252381846570038977064537170362257051689128950857769013064900743181507", "price": "0.94", "size": "39.89", "side": "SELL", "hash": "00f57a396b61c6eef3a7a41b45a2149c708a95cf", "best_bid": "0.06", "best_ask": "0.87"}], "timestamp": "1769384068269", "event_type": "price_change"}}
