{"_local_timestamp": "2026-01-25T23:34:13.445686+00:00", "data": [{"market": "0x7fabdfaa4dcc784fa27fd57d9cfa6ae3d45a4a2652d2a4ef1efa9cdeb4a44681", "asset_id": "29039635662434100684391050176018937663230844880229428082670662991448314388395", "timestamp": "1769383356356", "hash": "7d4694c7cd3cc543c9e60a7c3f554a3d4cf425c5", "bids": [{"price": "0.01", "size": "768.98"}, {"price": "0.02", "size": "161.27"}, {"price": "0.03", "size": "19.26"}, {"price": "0.04", "size": "550"}, {"price": "0.05", "size": "300"}, {"price": "0.06", "size": "8.45"}, {"price": "0.08", "size": "98"}, {"price": "0.09", "size": "39"}, {"price": "0.12", "size": "10"}], "asks": [{"price": "0.99", "size": "714.69"}, {"price": "0.98", "size": "663.64"}, {"price": "0.97", "size": "266"}, {"price": "0.96", "size": "184.17"}, {"price": "0.95", "size": "40"}, {"price": "0.94", "size": "5.47"}], "event_type": "book", "last_trade_price": ""}, {"market": "0xa1699c81fc81bb2fc8e8fb179a81b3859cc8a63e2ad60502f5801a25084dbdd9", "asset_id": "109764249832641932265798810963520878717791807439042327663614461362128205862826", "timestamp": "1769383363571", "hash": "970e420f9efb3d6232aefab585f73a940a94dc26", "bids": [{"price": "0.01", "size": "714.69"}, {"price": "0.02", "size": "663.64"}, {"price": "0.03", "size": "266"}, {"price": "0.04", "size": "184.17"}, {"price": "0.05", "size": "49.03"}, {"price": "0.06", "size": "14.61"}], "asks": [{"price": "0.99", "size": "516.42"}, {"price": "0.98", "size": "435.42"}, {"price": "0.97", "size": "6.7"}, {"price": "0.96", "size": "684.54"}, {"price": "0.95", "size": "175"}, {"price": "0.94", "size": "7.84"}, {"price": "0.92", "size": "84"}, {"price": "0.91", "size": "6.38"}, {"price": "0.87", "size": "10"}], "event_type": "book", "last_trade_price": ""}, {"market": "0x7fabdfaa4dcc784fa27fd57d9cfa6ae3d45a4a2652d2a4ef1efa9cdeb4a44681", "asset_id": "25078229364099106806853620789779895355599501822102615790774967331616808557656", "timestamp": "1769383356356", "hash": "a2deb1277c3b0582c183cbec8b44b9ce3741fdab", "bids": [{"price": "0.01", "size": "714.69"}, {"price": "0.02", "size": "663.64"}, {"price": "0.03", "size": "266"}, {"price": "0.04", "size": "184.17"}, {"price": "0.05", "size": "40"}, {"price": "0.06", "size": "5.47"}], "asks": [{"price": "0.99", "size": "768.98"}, {"price": "0.98", "size": "161.27"}, {"price": "0.97", "size": "19.26"}, {"price": "0.96", "size": "550"}, {"price": "0.95", "size": "300"}, {"price": "0.94", "size": "8.45"}, {"price": "0.92", "size": "98"}, {"price": "0.91", "size": "39"}, {"price": "0.88", "size": "10"}], "event_type": "book", "last_trade_price": ""}, {"market": "0x337364014acbed02a06f85eba4b213d3df768074b9f0e00a2304e116eaea9878", "asset_id": "91599301938873373716335769664957443729891080571235576652873081355308208774673", "timestamp": "1769383360016", "hash": "32c1d17d9985db4b569cdbf9701c87dd9e18a38b", "bids": [{"price": "0.01", "size": "714.69"}, {"price": "0.02", "size": "513.64"}, {"price": "0.03", "size": "266"}, {"price": "0.04", "size": "184.17"}, {"price": "0.05", "size": "46"}, {"price": "0.06", "size": "5.47"}], "asks": [{"price": "0.99", "size": "717.98"}, {"price": "0.98", "size": "19"}, {"price": "0.97", "size": "12.63"}, {"price": "0.96", "size": "675"}, {"price": "0.95", "size": "175"}, {"price": "0.94", "size": "5.91"}, {"price": "0.92", "size": "79"}, {"price": "0.91", "size": "7.85"}, {"price": "0.87", "size": "10"}], "event_type": "book", "last_trade_price": ""}, {"market": "0xa1699c81fc81bb2fc8e8fb179a81b3859cc8a63e2ad60502f5801a25084dbdd9", "asset_id": "22075010908437011603222822244469862945805967868444423171623217210310550567604", "timestamp": "1769383363571", "hash": "d807c7bd430e068440cc6d071e5bfbe622b539fd", "bids": [{"price": "0.01", "size": "516.42"}, {"price": "0.02", "size": "435.42"}, {"price": "0.03", "size": "6.7"}, {"price": "0.04", "size": "684.54"}, {"price": "0.05", "size": "175"}, {"price": "0.06", "size": "7.84"}, {"price": "0.08", "size": "84"}, {"price": "0.09", "size": "6.38"}, {"price": "0.13", "size": "10"}], "asks": [{"price": "0.99", "size": "714.69"}, {"price": "0.98", "size": "663.64"}, {"price": "0.97", "size": "266"}, {"price": "0.96", "size": "184.17"}, {"price": "0.95", "size": "49.03"}, {"price": "0.94", "size": "14.61"}], "event_type": "book", "last_trade_price": ""}, {"market": "0x337364014acbed02a06f85eba4b213d3df768074b9f0e00a2304e116eaea9878", "asset_id": "69006245321371646349058805045276676017776513738562672843456488043198581437980", "timestamp": "1769383360016", "hash": "7c2c2305acd05fb4ceca11bae2863960e716d556", "bids": [{"price": "0.01", "size": "717.98"}, {"price": "0.02", "size": "19"}, {"price": "0.03", "size": "12.63"}, {"price": "0.04", "size": "675"}, {"price": "0.05", "size": "175"}, {"price": "0.06", "size": "5.91"}, {"price": "0.08", "size": "79"}, {"price": "0.09", "size": "7.85"}, {"price": "0.13", "size": "10"}], "asks": [{"price": "0.99", "size": "714.69"}, {"price": "0.98", "size": "513.64"}, {"price": "0.97", "size": "266"}, {"price": "0.96", "size": "184.17"}, {"price": "0.95", "size": "46"}, {"price": "0.94", "size": "5.47"}], "event_type": "book", "last_trade_price": ""}]}
{"_local_timestamp": "2026-01-25T23:34:50.161608+00:00", "data": {"market": "0x337364014acbed02a06f85eba4b213d3df768074b9f0e00a2304e116eaea9878", "price_changes": [{"asset_id": "69006245321371646349058805045276676017776513738562672843456488043198581437980", "price": "0.03", "size": "0", "side": "BUY", "hash": "e1c8db2b0fa440cd7fbe9d4ed1284affe31b7fb7", "best_bid": "0.13", "best_ask": "0.94"}, {"asset_id": "91599301938873373716335769664957443729891080571235576652873081355308208774673", "price": "0.97", "size": "0", "side": "SELL", "hash": "7fe58942002b199d5dd26e0a4de12e51f905e41f", "best_bid": "0.06", "best_ask": "0.87"}], "timestamp": "1769384090093", "event_type": "price_change"}}
{"_local_timestamp": "2026-01-25T23:34:50.162528+00:00", "data": {"market": "0x7fabdfaa4dcc784fa27fd57d9cfa6ae3d45a4a2652d2a4ef1efa9cdeb4a44681", "price_changes": [{"asset_id": "29039635662434100684391050176018937663230844880229428082670662991448314388395", "price": "0.01", "size": "700", "side": "BUY", "hash": "8bab0df678ae21d2c4613adb58b8fecf2594256b", "best_bid": "0.12", "best_ask": "0.94"}, {"asset_id": "25078229364099106806853620789779895355599501822102615790774967331616808557656", "price": "0.99", "size": "700", "side": "SELL", "hash": "1261edfcbf13231e70724a720b4d88df1596c10b", "best_bid": "0.06", "best_ask": "0.88"}], "timestamp": "1769384090093", "event_type": "price_change"}}
{"_local_timestamp": "2026-01-25T23:34:50.647546+00:00", "data": {"market": "0xa1699c81fc81bb2fc8e8fb179a81b3859cc8a63e2ad60502f5801a25084dbdd9", "price_changes": [{"asset_id": "22075010908437011603222822244469862945805967868444423171623217210310550567604", "price": "0.04", "size": "675", "side": "BUY", "hash": "1c6ffc5f759466fae9da12cea62d9e33841e3f18", "best_bid": "0.13", "best_ask": "0.94"}, {"asset_id": "109764249832641932265798810963520878717791807439042327663614461362128205862826", "price": "0.96", "size": "675", "side": "SELL", "hash": "220c95052782251619d4606a1c13f4e4cb35c644", "best_bid": "0.06", "best_ask": "0.87"}], "timestamp": "1769384090578", "event_type": "price_change"}}
{"_local_timestamp": "2026-01-25T23:34:51.989420+00:00", "data": {"market": "0xa1699c81fc81bb2fc8e8fb179a81b3859cc8a63e2ad60502f5801a25084dbdd9", "price_changes": [{"asset_id": "22075010908437011603222822244469862945805967868444423171623217210310550567604", "price": "0.03", "size": "19.42", "side": "BUY", "hash": "890e6f3dc80ab8ca981cd26c8eebc278a1eb6a08", "best_bid": "0.13", "best_ask": "0.94"}, {"asset_id": "109764249832641932265798810963520878717791807439042327663614461362128205862826", "price": "0.97", "size": "19.42", "side": "SELL", "hash": "96f3e34e5d6b72631589536a8208cf1d43aacd97", "best_bid": "0.06", "best_ask": "0.87"}], "timestamp": "1769384091919", "event_type": "price_change"}}
{"_local_timestamp": "2026-01-25T23:34:52.106015+00:00", "data": {"market": "0x337364014acbed02a06f85eba4b213d3df768074b9f0e00a2304e116eaea9878", "price_changes": [{"asset_id": "69006245321371646349058805045276676017776513738562672843456488043198581437980", "price": "0.02", "size": "37.95", "side": "BUY", "hash": "fab5e42d4acb080626ca2bc4e8e3809300fd23b8", "best_bid": "0.13", "best_ask": "0.94"}, {"asset_id": "91599301938873373716335769664957443729891080571235576652873081355308208774673", "price": "0.98", "size": "37.95", "side": "SELL", "hash": "e54c85ae59e6e1ef8d8233c55100b3bb55801bff", "best_bid": "0.06", "best_ask": "0.87"}], "timestamp": "1769384092035", "event_type": "price_change"}}
{"_local_timestamp": "2026-01-25T23:34:52.106535+00:00", "data": {"market": "0x7fabdfaa4dcc784fa27fd57d9cfa6ae3d45a4a2652d2a4ef1efa9cdeb4a44681", "price_changes": [{"asset_id": "29039635662434100684391050176018937663230844880229428082670662991448314388395", "price": "0.01", "size": "768.98", "side": "BUY", "hash": "790346b71b8167dba22ada490a33aebce8b4fedb", "best_bid": "0.12", "best_ask": "0.94"}, {"asset_id": "25078229364099106806853620789779895355599501822102615790774967331616808557656", "price": "0.99", "size": "768.98", "side": "SELL", "hash": "b38e750d691291e9f8dd1f884d62b51a340c54d2", "best_bid": "0.06", "best_ask": "0.88"}], "timestamp": "1769384092035", "event_type": "price_change"}}
