{"_local_timestamp": "2026-01-25T23:34:16.412699+00:00", "data": [{"market": "0xcd47244f623e860fda6784759aac9e6ae44973c479c866a1fb399430a38f9ee8", "asset_id": "47508661303796684090507149586611844779847107669156225519703857424775469866391", "timestamp": "1769382485551", "hash": "f0af73011218a0966f3a1eb9f921e0b5d1191b62", "bids": [{"price": "0.01", "size": "450"}, {"price": "0.02", "size": "392"}], "asks": [{"price": "0.99", "size": "489.66"}, {"price": "0.98", "size": "160.56"}, {"price": "0.97", "size": "158.07"}, {"price": "0.96", "size": "5.47"}], "event_type": "book", "last_trade_price": ""}, {"market": "0x5ce8de80db18ff6c23d9a21eb1de77894db419f340307fdf6ee3e022d51f5670", "asset_id": "41620242533853113537194236736483163848329336841116517760057886904800297036915", "timestamp": "1769382483674", "hash": "c21191205b40c18bc02cab1ae26f7f1bf6207599", "bids": [{"price": "0.01", "size": "550"}, {"price": "0.02", "size": "392"}], "asks": [{"price": "0.99", "size": "472.79"}, {"price": "0.98", "size": "160.48"}, {"price": "0.97", "size": "203.65"}, {"price": "0.95", "size": "12.73"}], "event_type": "book", "last_trade_price": ""}, {"market": "0xc878faf10a950461cd7e6959656a2577a4e90cf58be625413df6bf35e715488e", "asset_id": "97552172484509352085603608150071287266382407797719023117531825410906248330245", "timestamp": "1769382623713", "hash": "5d703d25ba424f171b2b2144c0d6e6800e6c40ca", "bids": [{"price": "0.01", "size": "614.79"}, {"price": "0.02", "size": "163.72"}, {"price": "0.03", "size": "49"}, {"price": "0.04", "size": "132.21"}, {"price": "0.05", "size": "40"}, {"price": "0.06", "size": "38.48"}], "asks": [{"price": "0.99", "size": "614.79"}, {"price": "0.98", "size": "157.03"}, {"price": "0.97", "size": "12.74"}, {"price": "0.95", "size": "125"}, {"price": "0.94", "size": "43.95"}], "event_type": "book", "last_trade_price": ""}, {"market": "0x000f59a3fbcd67e2a098e9dd461f113b9fcbccad41d7736e4ae3592594f8d032", "asset_id": "80147906103753220355795834948297606176017375337463345419873552216931547526418", "timestamp": "1769383110707", "hash": "93581df7a8c5e87cfb26c8c32013454116b4d8e8", "bids": [{"price": "0.01", "size": "468.34"}, {"price": "0.02", "size": "160.56"}, {"price": "0.03", "size": "155.58"}, {"price": "0.05", "size": "11.22"}], "asks": [{"price": "0.99", "size": "450"}, {"price": "0.98", "size": "392"}], "event_type": "book", "last_trade_price": ""}, {"market": "0xc878faf10a950461cd7e6959656a2577a4e90cf58be625413df6bf35e715488e", "asset_id": "82901084301669252533563223489569859117079352658692058672828165925671148958375", "timestamp": "1769382623713", "hash": "909fe71e4f73aabab380561855cdc7767c76805e", "bids": [{"price": "0.01", "size": "614.79"}, {"price": "0.02", "size": "157.03"}, {"price": "0.03", "size": "12.74"}, {"price": "0.05", "size": "125"}, {"price": "0.06", "size": "43.95"}], "asks": [{"price": "0.99", "size": "614.79"}, {"price": "0.98", "size": "163.72"}, {"price": "0.97", "size": "49"}, {"price": "0.96", "size": "132.21"}, {"price": "0.95", "size": "40"}, {"price": "0.94", "size": "38.48"}], "event_type": "book", "last_trade_price": ""}, {"market": "0x000f59a3fbcd67e2a098e9dd461f113b9fcbccad41d7736e4ae3592594f8d032", "asset_id": "108214579757714677167970202845656176671433745238319809334591507313341972393009", "timestamp": "1769383110707", "hash": "a832650c143a83bddc51d7881b7e77b9c87a649a", "bids": [{"price": "0.01", "size": "450"}, {"price": "0.02", "size": "392"}], "asks": [{"price": "0.99", "size": "468.34"}, {"price": "0.98", "size": "160.56"}, {"price": "0.97", "size": "155.58"}, {"price": "0.95", "size": "11.22"}], "event_type": "book", "last_trade_price": ""}, {"market": "0x5617996d644b4c369db0b5b110407dc4189bbc6aaafad7deaceafc7f469f827e", "asset_id": "9241346078901957431773169800393634769111325120807602785328038392915568196153", "timestamp": "1769382534197", "hash": "9e0f61498e693fa026e8f886e5f91c3b386736b9", "bids": [{"price": "0.01", "size": "450"}, {"price": "0.02", "size": "392"}], "asks": [{"price": "0.99", "size": "472.79"}, {"price": "0.98", "size": "160.48"}, {"price": "0.97", "size": "203.65"}, {"price": "0.95", "size": "12.73"}], "event_type": "book", "last_trade_price": ""}, {"market": "0x5617996d644b4c369db0b5b110407dc4189bbc6aaafad7deaceafc7f469f827e", "asset_id": "114491114592947178628027297352479348487700208875445284885603102732661271628624", "timestamp": "1769382534197", "hash": "5ff2eeda7df2d89e412cdc9a2d5fdf59465f8e1e", "bids": [{"price": "0.01", "size": "472.79"}, {"price": "0.02", "size": "160.48"}, {"price": "0.03", "size": "203.65"}, {"price": "0.05", "size": "12.73"}], "asks": [{"price": "0.99", "size": "450"}, {"price": "0.98", "size": "392"}], "event_type": "book", "last_trade_price": ""}, {"market": "0xcd47244f623e860fda6784759aac9e6ae44973c479c866a1fb399430a38f9ee8", "asset_id": "93526672060897634220146169641947960111822808428162624970833302710942768074420", "timestamp": "1769382485551", "hash": "deda93a59d23207ef77b2bb45055380f6e490f45", "bids": [{"price": "0.01", "size": "489.66"}, {"price": "0.02", "size": "160.56"}, {"price": "0.03", "size": "158.07"}, {"price": "0.04", "size": "5.47"}], "asks": [{"price": "0.99", "size": "450"}, {"price": "0.98", "size": "392"}], "event_type": "book", "last_trade_price": ""}, {"market": "0x5ce8de80db18ff6c23d9a21eb1de77894db419f340307fdf6ee3e022d51f5670", "asset_id": "24297302574895634277800416419966357454190316812544376349124613767129065661327", "timestamp": "1769382483674", "hash": "6d74ed101e05469c6449aafb92d35b58b16a32bd", "bids": [{"price": "0.01", "size": "472.79"}, {"price": "0.02", "size": "160.48"}, {"price": "0.03", "size": "203.65"}, {"price": "0.05", "size": "12.73"}], "asks": [{"price": "0.99", "size": "550"}, {"price": "0.98", "size": "392"}], "event_type": "book", "last_trade_price": ""}]}
