{"_local_timestamp": "2026-01-25T23:34:13.746454+00:00", "data": [{"market": "0x06f7cb5e91d39d5cbdbfe7178d3012e8642190a03614e7ca46afcec347a914fc", "asset_id": "30797512881060725796735611959888208083747722242820087804207672592317562808995", "timestamp": "1769383298004", "hash": "94c5c61c743f519cfb452bb33a774d3de420139f", "bids": [{"price": "0.001", "size": "3014.99"}, {"price": "0.002", "size": "55.42"}, {"price": "0.01", "size": "100"}, {"price": "0.017", "size": "13.88"}, {"price": "0.05", "size": "40"}, {"price": "0.051", "size": "50"}, {"price": "0.052", "size": "11.48"}, {"price": "0.097", "size": "5.33"}, {"price": "0.098", "size": "5.41"}, {"price": "0.099", "size": "5.47"}, {"price": "0.97", "size": "900.66"}], "asks": [], "event_type": "book", "last_trade_price": "0.001"}, {"market": "0x167b9382efef2d45421a3baa8e9714e95b8ff2b07a634af6cb1976a1c46fd43d", "asset_id": "57812261958109320947585804948025107746700199297727231221029973851471273059014", "timestamp": "1769383201005", "hash": "4600ea9e9569c047eb4a947c597fdb6e88984870", "bids": [{"price": "0.001", "size": "14.99"}, {"price": "0.01", "size": "300"}, {"price": "0.011", "size": "5.47"}, {"price": "0.97", "size": "994.53"}, {"price": "0.971", "size": "25.47"}], "asks": [], "event_type": "book", "last_trade_price": "0.010"}, {"market": "0x167b9382efef2d45421a3baa8e9714e95b8ff2b07a634af6cb1976a1c46fd43d", "asset_id": "30302919951679516931114910132059485774264097338888581544540632790552606225381", "timestamp": "1769383201005", "hash": "324c4efec6f6418571cf457762cd118599568285", "bids": [], "asks": [{"price": "0.999", "size": "14.99"}, {"price": "0.99", "size": "300"}, {"price": "0.989", "size": "5.47"}, {"price": "0.03", "size": "994.53"}, {"price": "0.029", "size": "25.47"}], "event_type": "book", "last_trade_price": "0.010"}, {"market": "0xd16746c6acba3a9e848889956c0445c687a81ddf8e20f4ec9eeec85a9d913895", "asset_id": "102160281721763287773638395598674620443892670693916948067964313241767675237839", "timestamp": "1769383644699", "hash": "59be137b5d4eff5b852a902688353e33363fc37d", "bids": [{"price": "0.001", "size": "3014.99"}, {"price": "0.002", "size": "14.66"}, {"price": "0.01", "size": "100"}, {"price": "0.011", "size": "5.77"}, {"price": "0.03", "size": "66"}, {"price": "0.031", "size": "25"}, {"price": "0.032", "size": "12.37"}, {"price": "0.035", "size": "5.08"}, {"price": "0.036", "size": "5.47"}, {"price": "0.99", "size": "969.53"}, {"price": "0.993", "size": "174.41"}], "asks": [{"price": "0.999", "size": "14.99"}, {"price": "0.998", "size": "110.45"}, {"price": "0.997", "size": "73.37"}], "event_type": "book", "last_trade_price": "0.006"}, {"market": "0xd16746c6acba3a9e848889956c0445c687a81ddf8e20f4ec9eeec85a9d913895", "asset_id": "13098413062339074296821519941383425391124072498458911348437951295927635869380", "timestamp": "1769383644699", "hash": "b282a2161180691f1bfae23440466887444e7c38", "bids": [{"price": "0.001", "size": "14.99"}, {"price": "0.002", "size": "110.45"}, {"price": "0.003", "size": "73.37"}], "asks": [{"price": "0.999", "size": "3014.99"}, {"price": "0.998", "size": "14.66"}, {"price": "0.99", "size": "100"}, {"price": "0.989", "size": "5.77"}, {"price": "0.97", "size": "66"}, {"price": "0.969", "size": "25"}, {"price": "0.968", "size": "12.37"}, {"price": "0.965", "size": "5.08"}, {"price": "0.964", "size": "5.47"}, {"price": "0.01", "size": "969.53"}, {"price": "0.007", "size": "174.41"}], "event_type": "book", "last_trade_price": "0.006"}, {"market": "0x06f7cb5e91d39d5cbdbfe7178d3012e8642190a03614e7ca46afcec347a914fc", "asset_id": "18858230443902809526979157430632665590797672429912418995495491478376269194302", "timestamp": "1769383298004", "hash": "0fc44ab4286a7fd545ad47d2444b5ead79b53a3a", "bids": [], "asks": [{"price": "0.999", "size": "3014.99"}, {"price": "0.998", "size": "55.42"}, {"price": "0.99", "size": "100"}, {"price": "0.983", "size": "13.88"}, {"price": "0.95", "size": "40"}, {"price": "0.949", "size": "50"}, {"price": "0.948", "size": "11.48"}, {"price": "0.903", "size": "5.33"}, {"price": "0.902", "size": "5.41"}, {"price": "0.901", "size": "5.47"}, {"price": "0.03", "size": "900.66"}], "event_type": "book", "last_trade_price": "0.001"}]}
{"_local_timestamp": "2026-01-25T23:34:39.096266+00:00", "data": {"market": "0x06f7cb5e91d39d5cbdbfe7178d3012e8642190a03614e7ca46afcec347a914fc", "price_changes": [{"asset_id": "30797512881060725796735611959888208083747722242820087804207672592317562808995", "price": "0.002", "size": "0", "side": "BUY", "hash": "3ce8422b0a74ec39e675f57d9907ee9df640fd09", "best_bid": "0.97", "best_ask": "1"}, {"asset_id": "18858230443902809526979157430632665590797672429912418995495491478376269194302", "price": "0.998", "size": "0", "side": "SELL", "hash": "9d99f66ab869c92ff20bea0fa782598e4574c01c", "best_bid": "0", "best_ask": "0.03"}], "timestamp": "1769384079003", "event_type": "price_change"}}
{"_local_timestamp": "2026-01-25T23:36:13.050116+00:00", "data": {"market": "0x06f7cb5e91d39d5cbdbfe7178d3012e8642190a03614e7ca46afcec347a914fc", "price_changes": [{"asset_id": "30797512881060725796735611959888208083747722242820087804207672592317562808995", "price": "0.017", "size": "0", "side": "BUY", "hash": "61290c9a1784f8816092273a4e1b8a3ad6ad3585", "best_bid": "0.97", "best_ask": "1"}, {"asset_id": "18858230443902809526979157430632665590797672429912418995495491478376269194302", "price": "0.983", "size": "0", "side": "SELL", "hash": "dcf67bd8cfbf635b0366dd8aa62701fc701db4e4", "best_bid": "0", "best_ask": "0.03"}], "timestamp": "1769384172975", "event_type": "price_change"}}
{"_local_timestamp": "2026-01-25T23:36:13.050771+00:00", "data": {"market": "0x06f7cb5e91d39d5cbdbfe7178d3012e8642190a03614e7ca46afcec347a914fc", "price_changes": [{"asset_id": "30797512881060725796735611959888208083747722242820087804207672592317562808995", "price": "0.097", "size": "0", "side": "BUY", "hash": "61290c9a1784f8816092273a4e1b8a3ad6ad3585", "best_bid": "0.97", "best_ask": "1"}, {"asset_id": "18858230443902809526979157430632665590797672429912418995495491478376269194302", "price": "0.903", "size": "0", "side": "SELL", "hash": "dcf67bd8cfbf635b0366dd8aa62701fc701db4e4", "best_bid": "0", "best_ask": "0.03"}], "timestamp": "1769384172975", "event_type": "price_change"}}
{"_local_timestamp": "2026-01-25T23:36:13.051035+00:00", "data": {"market": "0x06f7cb5e91d39d5cbdbfe7178d3012e8642190a03614e7ca46afcec347a914fc", "price_changes": [{"asset_id": "30797512881060725796735611959888208083747722242820087804207672592317562808995", "price": "0.098", "size": "0", "side": "BUY", "hash": "61290c9a1784f8816092273a4e1b8a3ad6ad3585", "best_bid": "0.97", "best_ask": "1"}, {"asset_id": "18858230443902809526979157430632665590797672429912418995495491478376269194302", "price": "0.902", "size": "0", "side": "SELL", "hash": "dcf67bd8cfbf635b0366dd8aa62701fc701db4e4", "best_bid": "0", "best_ask": "0.03"}], "timestamp": "1769384172975", "event_type": "price_change"}}
{"_local_timestamp": "2026-01-25T23:36:14.011794+00:00", "data": {"market": "0x06f7cb5e91d39d5cbdbfe7178d3012e8642190a03614e7ca46afcec347a914fc", "price_changes": [{"asset_id": "18858230443902809526979157430632665590797672429912418995495491478376269194302", "price": "0.901", "size": "0", "side": "SELL", "hash": "47c01271be6948ba705ff5138fb1509ed36f2f55", "best_bid": "0", "best_ask": "0.03"}, {"asset_id": "30797512881060725796735611959888208083747722242820087804207672592317562808995", "price": "0.099", "size": "0", "side": "BUY", "hash": "8c310ba7b60ab29339f281360d5b5fda345b7246", "best_bid": "0.97", "best_ask": "1"}], "timestamp": "1769384173940", "event_type": "price_change"}}
{"_local_timestamp": "2026-01-25T23:36:14.052202+00:00", "data": {"market": "0x06f7cb5e91d39d5cbdbfe7178d3012e8642190a03614e7ca46afcec347a914fc", "price_changes": [{"asset_id": "18858230443902809526979157430632665590797672429912418995495491478376269194302", "price": "0.947", "size": "5.47", "side": "SELL", "hash": "38399e8d5673b6578088368dc412bb6ed95b0d86", "best_bid": "0", "best_ask": "0.03"}, {"asset_id": "30797512881060725796735611959888208083747722242820087804207672592317562808995", "price": "0.053", "size": "5.47", "side": "BUY", "hash": "1da3446e90d9088d1e6fb59cea632ed2b5bb2109", "best_bid": "0.97", "best_ask": "1"}], "timestamp": "1769384173984", "event_type": "price_change"}}
{"_local_timestamp": "2026-01-25T23:36:14.355620+00:00", "data": {"market": "0x06f7cb5e91d39d5cbdbfe7178d3012e8642190a03614e7ca46afcec347a914fc", "price_changes": [{"asset_id": "30797512881060725796735611959888208083747722242820087804207672592317562808995", "price": "0.1", "size": "5.41", "side": "BUY", "hash": "2529c0061f07c94c88669275176cd54396055d48", "best_bid": "0.97", "best_ask": "1"}, {"asset_id": "18858230443902809526979157430632665590797672429912418995495491478376269194302", "price": "0.9", "size": "5.41", "side": "SELL", "hash": "1f20cbbb6bce82ed97a6029c08ee8179ad88dc06", "best_bid": "0", "best_ask": "0.03"}], "timestamp": "1769384174287", "event_type": "price_change"}}
{"_local_timestamp": "2026-01-25T23:36:14.368054+00:00", "data": {"market": "0x06f7cb5e91d39d5cbdbfe7178d3012e8642190a03614e7ca46afcec347a914fc", "price_changes": [{"asset_id": "30797512881060725796735611959888208083747722242820087804207672592317562808995", "price": "0.052", "size": "21.23", "side": "BUY", "hash": "7841767695d59a344fb3eb837470d6a4227220d0", "best_bid": "0.97", "best_ask": "1"}, {"asset_id": "18858230443902809526979157430632665590797672429912418995495491478376269194302", "price": "0.948", "size": "21.23", "side": "SELL", "hash": "588192b53ea11ce5d572b06081438861916edd1d", "best_bid": "0", "best_ask": "0.03"}], "timestamp": "1769384174301", "event_type": "price_change"}}
{"_local_timestamp": "2026-01-25T23:36:14.386487+00:00", "data": {"market": "0x06f7cb5e91d39d5cbdbfe7178d3012e8642190a03614e7ca46afcec347a914fc", "price_changes": [{"asset_id": "30797512881060725796735611959888208083747722242820087804207672592317562808995", "price": "0.002", "size": "33.54", "side": "BUY", "hash": "f7f8f5f280406ea843270eb12bf4816c05b8629a", "best_bid": "0.97", "best_ask": "1"}, {"asset_id": "18858230443902809526979157430632665590797672429912418995495491478376269194302", "price": "0.998", "size": "33.54", "side": "SELL", "hash": "27b00330cb1034d4b5a5376896cd9f14c0a7e813", "best_bid": "0", "best_ask": "0.03"}], "timestamp": "1769384174317", "event_type": "price_change"}}
{"_local_timestamp": "2026-01-25T23:36:14.403193+00:00", "data": {"market": "0x06f7cb5e91d39d5cbdbfe7178d3012e8642190a03614e7ca46afcec347a914fc", "price_changes": [{"asset_id": "30797512881060725796735611959888208083747722242820087804207672592317562808995", "price": "0.001", "size": "3022.57", "side": "BUY", "hash": "bae1b612e7e215687c14f8d74c59d8d45e1a1c69", "best_bid": "0.97", "best_ask": "1"}, {"asset_id": "18858230443902809526979157430632665590797672429912418995495491478376269194302", "price": "0.999", "size": "3022.57", "side": "SELL", "hash": "ccdea66553259593100980a91b7075e9dd95da5e", "best_bid": "0", "best_ask": "0.03"}], "timestamp": "1769384174335", "event_type": "price_change"}}
{"_local_timestamp": "2026-01-25T23:36:14.418983+00:00", "data": {"market": "0x06f7cb5e91d39d5cbdbfe7178d3012e8642190a03614e7ca46afcec347a914fc", "price_changes": [{"asset_id": "30797512881060725796735611959888208083747722242820087804207672592317562808995", "price": "0.011", "size": "25.42", "side": "BUY", "hash": "1585817a87b7dca44ca3d4efc74a446b52e024d4", "best_bid": "0.97", "best_ask": "1"}, {"asset_id": "18858230443902809526979157430632665590797672429912418995495491478376269194302", "price": "0.989", "size": "25.42", "side": "SELL", "hash": "75695be2f6fedcea977d8f2b68e2b7071fbafe2c", "best_bid": "0", "best_ask": "0.03"}], "timestamp": "1769384174353", "event_type": "price_change"}}
{"_local_timestamp": "2026-01-25T23:36:15.310772+00:00", "data": {"market": "0x06f7cb5e91d39d5cbdbfe7178d3012e8642190a03614e7ca46afcec347a914fc", "price_changes": [{"asset_id": "18858230443902809526979157430632665590797672429912418995495491478376269194302", "price": "0.947", "size": "0", "side": "SELL", "hash": "b03457461765334cd2efeea853987cbfd77c498e", "best_bid": "0", "best_ask": "0.03"}, {"asset_id": "30797512881060725796735611959888208083747722242820087804207672592317562808995", "price": "0.053", "size": "0", "side": "BUY", "hash": "64213de1e70f3279c5236965df02cffa0f3b560e", "best_bid": "0.97", "best_ask": "1"}], "timestamp": "1769384175241", "event_type": "price_change"}}
{"_local_timestamp": "2026-01-25T23:36:15.379795+00:00", "data": {"market": "0x06f7cb5e91d39d5cbdbfe7178d3012e8642190a03614e7ca46afcec347a914fc", "price_changes": [{"asset_id": "18858230443902809526979157430632665590797672429912418995495491478376269194302", "price": "0.899", "size": "5.47", "side": "SELL", "hash": "907353b314bf7ce2c1702a88565e8f9933649bd8", "best_bid": "0", "best_ask": "0.03"}, {"asset_id": "30797512881060725796735611959888208083747722242820087804207672592317562808995", "price": "0.101", "size": "5.47", "side": "BUY", "hash": "2d6f9f93fe5288411ec3836244d50077564ec2d6", "best_bid": "0.97", "best_ask": "1"}], "timestamp": "1769384175307", "event_type": "price_change"}}
{"_local_timestamp": "2026-01-25T23:36:15.437708+00:00", "data": {"market": "0x06f7cb5e91d39d5cbdbfe7178d3012e8642190a03614e7ca46afcec347a914fc", "price_changes": [{"asset_id": "18858230443902809526979157430632665590797672429912418995495491478376269194302", "price": "0.949", "size": "0", "side": "SELL", "hash": "f0bfdd9900e9029fe7d15002d082ad6672ab8565", "best_bid": "0", "best_ask": "0.03"}, {"asset_id": "30797512881060725796735611959888208083747722242820087804207672592317562808995", "price": "0.051", "size": "0", "side": "BUY", "hash": "0214f20b40299a262df700515451d3c91509ada4", "best_bid": "0.97", "best_ask": "1"}], "timestamp": "1769384175370", "event_type": "price_change"}}
{"_local_timestamp": "2026-01-25T23:36:15.472480+00:00", "data": {"market": "0x06f7cb5e91d39d5cbdbfe7178d3012e8642190a03614e7ca46afcec347a914fc", "price_changes": [{"asset_id": "18858230443902809526979157430632665590797672429912418995495491478376269194302", "price": "0.947", "size": "50", "side": "SELL", "hash": "70a9596d11d2e4f01b6e95537bdc703d0949c042", "best_bid": "0", "best_ask": "0.03"}, {"asset_id": "30797512881060725796735611959888208083747722242820087804207672592317562808995", "price": "0.053", "size": "50", "side": "BUY", "hash": "b33465376def0de8064c20b500f88b999599a2cd", "best_bid": "0.97", "best_ask": "1"}], "timestamp": "1769384175404", "event_type": "price_change"}}
{"_local_timestamp": "2026-01-25T23:37:14.362191+00:00", "data": {"market": "0x167b9382efef2d45421a3baa8e9714e95b8ff2b07a634af6cb1976a1c46fd43d", "price_changes": [{"asset_id": "57812261958109320947585804948025107746700199297727231221029973851471273059014", "price": "0.001", "size": "74.68", "side": "BUY", "hash": "9ff6f563069c834ec041b0dfd5c8865915ff2a3b", "best_bid": "0.971", "best_ask": "1"}, {"asset_id": "30302919951679516931114910132059485774264097338888581544540632790552606225381", "price": "0.999", "size": "74.68", "side": "SELL", "hash": "1bbef20f2800b1d5770b398fade320f37615a4a2", "best_bid": "0", "best_ask": "0.029"}], "timestamp": "1769384234290", "event_type": "price_change"}}
{"_local_timestamp": "2026-01-25T23:37:14.381682+00:00", "data": {"market": "0x167b9382efef2d45421a3baa8e9714e95b8ff2b07a634af6cb1976a1c46fd43d", "price_changes": [{"asset_id": "57812261958109320947585804948025107746700199297727231221029973851471273059014", "price": "0.012", "size": "5.01", "side": "BUY", "hash": "d2132edbbdbba7816480d81c5d00cd7035a9be74", "best_bid": "0.971", "best_ask": "1"}, {"asset_id": "30302919951679516931114910132059485774264097338888581544540632790552606225381", "price": "0.988", "size": "5.01", "side": "SELL", "hash": "49912353ebad0f49d245ed2cba77d4e60a821e09", "best_bid": "0", "best_ask": "0.029"}], "timestamp": "1769384234311", "event_type": "price_change"}}
{"_local_timestamp": "2026-01-25T23:37:14.395339+00:00", "data": {"market": "0x167b9382efef2d45421a3baa8e9714e95b8ff2b07a634af6cb1976a1c46fd43d", "price_changes": [{"asset_id": "57812261958109320947585804948025107746700199297727231221029973851471273059014", "price": "0.002", "size": "7.49", "side": "BUY", "hash": "e4919289f6dcb4668c2cc65a53a1fa239359c529", "best_bid": "0.971", "best_ask": "1"}, {"asset_id": "30302919951679516931114910132059485774264097338888581544540632790552606225381", "price": "0.998", "size": "7.49", "side": "SELL", "hash": "33cd1d62cb50fc66f7c9fa1a8baa3427da6236a3", "best_bid": "0", "best_ask": "0.029"}], "timestamp": "1769384234325", "event_type": "price_change"}}
{"_local_timestamp": "2026-01-25T23:37:14.411079+00:00", "data": {"market": "0x167b9382efef2d45421a3baa8e9714e95b8ff2b07a634af6cb1976a1c46fd43d", "price_changes": [{"asset_id": "57812261958109320947585804948025107746700199297727231221029973851471273059014", "price": "0.011", "size": "175.02", "side": "BUY", "hash": "4bf8e9fc182f95adeee967e5cd04be6897042849", "best_bid": "0.971", "best_ask": "1"}, {"asset_id": "30302919951679516931114910132059485774264097338888581544540632790552606225381", "price": "0.989", "size": "175.02", "side": "SELL", "hash": "413d686ee3955958fbbfb61a2a626aee57f05369", "best_bid": "0", "best_ask": "0.029"}], "timestamp": "1769384234344", "event_type": "price_change"}}
{"_local_timestamp": "2026-01-25T23:37:14.527279+00:00", "data": {"market": "0x167b9382efef2d45421a3baa8e9714e95b8ff2b07a634af6cb1976a1c46fd43d", "price_changes": [{"asset_id": "30302919951679516931114910132059485774264097338888581544540632790552606225381", "price": "0.989", "size": "169.55", "side": "SELL", "hash": "a5936564835f9b2c3948e23cdd3cff925bbe27d0", "best_bid": "0", "best_ask": "0.029"}, {"asset_id": "57812261958109320947585804948025107746700199297727231221029973851471273059014", "price": "0.011", "size": "169.55", "side": "BUY", "hash": "70b8c3f035a60edbd3455442b2b6b410e78b84f1", "best_bid": "0.971", "best_ask": "1"}], "timestamp": "1769384234455", "event_type": "price_change"}}
{"_local_timestamp": "2026-01-25T23:37:14.625795+00:00", "data": {"market": "0x167b9382efef2d45421a3baa8e9714e95b8ff2b07a634af6cb1976a1c46fd43d", "price_changes": [{"asset_id": "30302919951679516931114910132059485774264097338888581544540632790552606225381", "price": "0.987", "size": "5.47", "side": "SELL", "hash": "942a0c27c309d09d4da0a16a0feed5996a450fc2", "best_bid": "0", "best_ask": "0.029"}, {"asset_id": "57812261958109320947585804948025107746700199297727231221029973851471273059014", "price": "0.013", "size": "5.47", "side": "BUY", "hash": "6665d61f69f31bcc739c2061898a60eb5e87da1e", "best_bid": "0.971", "best_ask": "1"}], "timestamp": "1769384234554", "event_type": "price_change"}}
