{"_local_timestamp": "2026-01-25T23:41:19.414946+00:00", "data": [{"market": "0x167b9382efef2d45421a3baa8e9714e95b8ff2b07a634af6cb1976a1c46fd43d", "asset_id": "57812261958109320947585804948025107746700199297727231221029973851471273059014", "timestamp": "1769384234554", "hash": "6665d61f69f31bcc739c2061898a60eb5e87da1e", "bids": [{"price": "0.001", "size": "74.68"}, {"price": "0.002", "size": "7.49"}, {"price": "0.01", "size": "300"}, {"price": "0.011", "size": "169.55"}, {"price": "0.012", "size": "5.01"}, {"price": "0.013", "size": "5.47"}, {"price": "0.97", "size": "994.53"}, {"price": "0.971", "size": "25.47"}], "asks": [], "event_type": "book", "last_trade_price": "0.010"}, {"market": "0x167b9382efef2d45421a3baa8e9714e95b8ff2b07a634af6cb1976a1c46fd43d", "asset_id": "30302919951679516931114910132059485774264097338888581544540632790552606225381", "timestamp": "1769384234554", "hash": "942a0c27c309d09d4da0a16a0feed5996a450fc2", "bids": [], "asks": [{"price": "0.999", "size": "74.68"}, {"price": "0.998", "size": "7.49"}, {"price": "0.99", "size": "300"}, {"price": "0.989", "size": "169.55"}, {"price": "0.988", "size": "5.01"}, {"price": "0.987", "size": "5.47"}, {"price": "0.03", "size": "994.53"}, {"price": "0.029", "size": "25.47"}], "event_type": "book", "last_trade_price": "0.010"}, {"market": "0xd16746c6acba3a9e848889956c0445c687a81ddf8e20f4ec9eeec85a9d913895", "asset_id": "102160281721763287773638395598674620443892670693916948067964313241767675237839", "timestamp": "1769384446001", "hash": "79de9124c989812d6af36c8728032a0b91f509b2", "bids": [{"price": "0.001", "size": "3014.99"}, {"price": "0.002", "size": "14.66"}, {"price": "0.01", "size": "100"}, {"price": "0.011", "size": "5.77"}, {"price": "0.03", "size": "66"}, {"price": "0.031", "size": "25"}, {"price": "0.035", "size": "5.08"}, {"price": "0.036", "size": "5.47"}, {"price": "0.99", "size": "969.53"}, {"price": "0.993", "size": "174.41"}], "asks": [{"price": "0.999", "size": "14.99"}, {"price": "0.998", "size": "110.45"}, {"price": "0.997", "size": "73.37"}], "event_type": "book", "last_trade_price": "0.006"}, {"market": "0x06f7cb5e91d39d5cbdbfe7178d3012e8642190a03614e7ca46afcec347a914fc", "asset_id": "18858230443902809526979157430632665590797672429912418995495491478376269194302", "timestamp": "1769384175404", "hash": "70a9596d11d2e4f01b6e95537bdc703d0949c042", "bids": [], "asks": [{"price": "0.999", "size": "3022.57"}, {"price": "0.998", "size": "33.54"}, {"price": "0.99", "size": "100"}, {"price": "0.989", "size": "25.42"}, {"price": "0.95", "size": "40"}, {"price": "0.948", "size": "21.23"}, {"price": "0.947", "size": "50"}, {"price": "0.9", "size": "5.41"}, {"price": "0.899", "size": "5.47"}, {"price": "0.03", "size": "900.66"}], "event_type": "book", "last_trade_price": "0.001"}, {"market": "0xd16746c6acba3a9e848889956c0445c687a81ddf8e20f4ec9eeec85a9d913895", "asset_id": "13098413062339074296821519941383425391124072498458911348437951295927635869380", "timestamp": "1769384446001", "hash": "eb37702b871d1b5662b26a737d7afea715593d83", "bids": [{"price": "0.001", "size": "14.99"}, {"price": "0.002", "size": "110.45"}, {"price": "0.003", "size": "73.37"}], "asks": [{"price": "0.999", "size": "3014.99"}, {"price": "0.998", "size": "14.66"}, {"price": "0.99", "size": "100"}, {"price": "0.989", "size": "5.77"}, {"price": "0.97", "size": "66"}, {"price": "0.969", "size": "25"}, {"price": "0.965", "size": "5.08"}, {"price": "0.964", "size": "5.47"}, {"price": "0.01", "size": "969.53"}, {"price": "0.007", "size": "174.41"}], "event_type": "book", "last_trade_price": "0.006"}, {"market": "0x06f7cb5e91d39d5cbdbfe7178d3012e8642190a03614e7ca46afcec347a914fc", "asset_id": "30797512881060725796735611959888208083747722242820087804207672592317562808995", "timestamp": "1769384175404", "hash": "b33465376def0de8064c20b500f88b999599a2cd", "bids": [{"price": "0.001", "size": "3022.57"}, {"price": "0.002", "size": "33.54"}, {"price": "0.01", "size": "100"}, {"price": "0.011", "size": "25.42"}, {"price": "0.05", "size": "40"}, {"price": "0.052", "size": "21.23"}, {"price": "0.053", "size": "50"}, {"price": "0.1", "size": "5.41"}, {"price": "0.101", "size": "5.47"}, {"price": "0.97", "size": "900.66"}], "asks": [], "event_type": "book", "last_trade_price": "0.001"}]}
{"_local_timestamp": "2026-01-25T23:42:03.281361+00:00", "data": {"market": "0x167b9382efef2d45421a3baa8e9714e95b8ff2b07a634af6cb1976a1c46fd43d", "price_changes": [{"asset_id": "57812261958109320947585804948025107746700199297727231221029973851471273059014", "price": "0.011", "size": "0", "side": "BUY", "hash": "855dc562b9e1d139f5d0d2a3061690492924c375", "best_bid": "0.971", "best_ask": "1"}, {"asset_id": "30302919951679516931114910132059485774264097338888581544540632790552606225381", "price": "0.989", "size": "0", "side": "SELL", "hash": "12a2de72549edf14659da4214e80186a7c4ae53e", "best_bid": "0", "best_ask": "0.029"}], "timestamp": "1769384523203", "event_type": "price_change"}}
{"_local_timestamp": "2026-01-25T23:42:03.282309+00:00", "data": {"market": "0x167b9382efef2d45421a3baa8e9714e95b8ff2b07a634af6cb1976a1c46fd43d", "price_changes": [{"asset_id": "57812261958109320947585804948025107746700199297727231221029973851471273059014", "price": "0.002", "size": "0", "side": "BUY", "hash": "855dc562b9e1d139f5d0d2a3061690492924c375", "best_bid": "0.971", "best_ask": "1"}, {"asset_id": "30302919951679516931114910132059485774264097338888581544540632790552606225381", "price": "0.998", "size": "0", "side": "SELL", "hash": "12a2de72549edf14659da4214e80186a7c4ae53e", "best_bid": "0", "best_ask": "0.029"}], "timestamp": "1769384523203", "event_type": "price_change"}}
{"_local_timestamp": "2026-01-25T23:42:03.282631+00:00", "data": {"market": "0x167b9382efef2d45421a3baa8e9714e95b8ff2b07a634af6cb1976a1c46fd43d", "price_changes": [{"asset_id": "57812261958109320947585804948025107746700199297727231221029973851471273059014", "price": "0.012", "size": "0", "side": "BUY", "hash": "855dc562b9e1d139f5d0d2a3061690492924c375", "best_bid": "0.971", "best_ask": "1"}, {"asset_id": "30302919951679516931114910132059485774264097338888581544540632790552606225381", "price": "0.988", "size": "0", "side": "SELL", "hash": "12a2de72549edf14659da4214e80186a7c4ae53e", "best_bid": "0", "best_ask": "0.029"}], "timestamp": "1769384523203", "event_type": "price_change"}}
{"_local_timestamp": "2026-01-25T23:42:03.282923+00:00", "data": {"market": "0x167b9382efef2d45421a3baa8e9714e95b8ff2b07a634af6cb1976a1c46fd43d", "price_changes": [{"asset_id": "57812261958109320947585804948025107746700199297727231221029973851471273059014", "price": "0.001", "size": "14.99", "side": "BUY", "hash": "855dc562b9e1d139f5d0d2a3061690492924c375", "best_bid": "0.971", "best_ask": "1"}, {"asset_id": "30302919951679516931114910132059485774264097338888581544540632790552606225381", "price": "0.999", "size": "14.99", "side": "SELL", "hash": "12a2de72549edf14659da4214e80186a7c4ae53e", "best_bid": "0", "best_ask": "0.029"}], "timestamp": "1769384523203", "event_type": "price_change"}}
{"_local_timestamp": "2026-01-25T23:42:03.283217+00:00", "data": {"market": "0x06f7cb5e91d39d5cbdbfe7178d3012e8642190a03614e7ca46afcec347a914fc", "price_changes": [{"asset_id": "30797512881060725796735611959888208083747722242820087804207672592317562808995", "price": "0.011", "size": "0", "side": "BUY", "hash": "29bbb212a4db253b12e9b336f6cfdb0641d1bcba", "best_bid": "0.97", "best_ask": "1"}, {"asset_id": "18858230443902809526979157430632665590797672429912418995495491478376269194302", "price": "0.989", "size": "0", "side": "SELL", "hash": "fa740f2088cb294f0fe40e9586b8d944962a9330", "best_bid": "0", "best_ask": "0.03"}], "timestamp": "1769384523203", "event_type": "price_change"}}
{"_local_timestamp": "2026-01-25T23:42:03.283506+00:00", "data": {"market": "0x06f7cb5e91d39d5cbdbfe7178d3012e8642190a03614e7ca46afcec347a914fc", "price_changes": [{"asset_id": "30797512881060725796735611959888208083747722242820087804207672592317562808995", "price": "0.001", "size": "3014.99", "side": "BUY", "hash": "29bbb212a4db253b12e9b336f6cfdb0641d1bcba", "best_bid": "0.97", "best_ask": "1"}, {"asset_id": "18858230443902809526979157430632665590797672429912418995495491478376269194302", "price": "0.999", "size": "3014.99", "side": "SELL", "hash": "fa740f2088cb294f0fe40e9586b8d944962a9330", "best_bid": "0", "best_ask": "0.03"}], "timestamp": "1769384523203", "event_type": "price_change"}}
{"_local_timestamp": "2026-01-25T23:42:03.283797+00:00", "data": {"market": "0x06f7cb5e91d39d5cbdbfe7178d3012e8642190a03614e7ca46afcec347a914fc", "price_changes": [{"asset_id": "30797512881060725796735611959888208083747722242820087804207672592317562808995", "price": "0.002", "size": "0", "side": "BUY", "hash": "29bbb212a4db253b12e9b336f6cfdb0641d1bcba", "best_bid": "0.97", "best_ask": "1"}, {"asset_id": "18858230443902809526979157430632665590797672429912418995495491478376269194302", "price": "0.998", "size": "0", "side": "SELL", "hash": "fa740f2088cb294f0fe40e9586b8d944962a9330", "best_bid": "0", "best_ask": "0.03"}], "timestamp": "1769384523203", "event_type": "price_change"}}
{"_local_timestamp": "2026-01-25T23:42:03.284103+00:00", "data": {"market": "0x06f7cb5e91d39d5cbdbfe7178d3012e8642190a03614e7ca46afcec347a914fc", "price_changes": [{"asset_id": "30797512881060725796735611959888208083747722242820087804207672592317562808995", "price": "0.052", "size": "0", "side": "BUY", "hash": "29bbb212a4db253b12e9b336f6cfdb0641d1bcba", "best_bid": "0.97", "best_ask": "1"}, {"asset_id": "18858230443902809526979157430632665590797672429912418995495491478376269194302", "price": "0.948", "size": "0", "side": "SELL", "hash": "fa740f2088cb294f0fe40e9586b8d944962a9330", "best_bid": "0", "best_ask": "0.03"}], "timestamp": "1769384523203", "event_type": "price_change"}}
{"_local_timestamp": "2026-01-25T23:42:03.284412+00:00", "data": {"market": "0x06f7cb5e91d39d5cbdbfe7178d3012e8642190a03614e7ca46afcec347a914fc", "price_changes": [{"asset_id": "30797512881060725796735611959888208083747722242820087804207672592317562808995", "price": "0.1", "size": "0", "side": "BUY", "hash": "29bbb212a4db253b12e9b336f6cfdb0641d1bcba", "best_bid": "0.97", "best_ask": "1"}, {"asset_id": "18858230443902809526979157430632665590797672429912418995495491478376269194302", "price": "0.9", "size": "0", "side": "SELL", "hash": "fa740f2088cb294f0fe40e9586b8d944962a9330", "best_bid": "0", "best_ask": "0.03"}], "timestamp": "1769384523203", "event_type": "price_change"}}
{"_local_timestamp": "2026-01-25T23:42:03.964555+00:00", "data": {"market": "0x06f7cb5e91d39d5cbdbfe7178d3012e8642190a03614e7ca46afcec347a914fc", "price_changes": [{"asset_id": "18858230443902809526979157430632665590797672429912418995495491478376269194302", "price": "0.899", "size": "0", "side": "SELL", "hash": "eccbb4b6cebc63dbd4a9d849f41f193560918a02", "best_bid": "0", "best_ask": "0.03"}, {"asset_id": "30797512881060725796735611959888208083747722242820087804207672592317562808995", "price": "0.101", "size": "0", "side": "BUY", "hash": "607177b3aaf179f46e48f7ffe319d8a50551f545", "best_bid": "0.97", "best_ask": "1"}], "timestamp": "1769384523894", "event_type": "price_change"}}
{"_local_timestamp": "2026-01-25T23:42:03.966127+00:00", "data": {"market": "0x167b9382efef2d45421a3baa8e9714e95b8ff2b07a634af6cb1976a1c46fd43d", "price_changes": [{"asset_id": "30302919951679516931114910132059485774264097338888581544540632790552606225381", "price": "0.987", "size": "0", "side": "SELL", "hash": "01d5c8bb7bc8e5a64afd4f97f02121f119ed3932", "best_bid": "0", "best_ask": "0.029"}, {"asset_id": "57812261958109320947585804948025107746700199297727231221029973851471273059014", "price": "0.013", "size": "0", "side": "BUY", "hash": "3c6c521ae67d8b9a9e8efab6d79fec5363f19e2c", "best_bid": "0.971", "best_ask": "1"}], "timestamp": "1769384523894", "event_type": "price_change"}}
{"_local_timestamp": "2026-01-25T23:42:04.065177+00:00", "data": {"market": "0x06f7cb5e91d39d5cbdbfe7178d3012e8642190a03614e7ca46afcec347a914fc", "price_changes": [{"asset_id": "18858230443902809526979157430632665590797672429912418995495491478376269194302", "price": "0.946", "size": "5.47", "side": "SELL", "hash": "febfa22c2cad9e255f4f19a12995b24e5ead756a", "best_bid": "0", "best_ask": "0.03"}, {"asset_id": "30797512881060725796735611959888208083747722242820087804207672592317562808995", "price": "0.054", "size": "5.47", "side": "BUY", "hash": "66c378a4f0edafb105c096037f46bc15c6c72758", "best_bid": "0.97", "best_ask": "1"}], "timestamp": "1769384523991", "event_type": "price_change"}}
{"_local_timestamp": "2026-01-25T23:42:04.065571+00:00", "data": {"market": "0x167b9382efef2d45421a3baa8e9714e95b8ff2b07a634af6cb1976a1c46fd43d", "price_changes": [{"asset_id": "30302919951679516931114910132059485774264097338888581544540632790552606225381", "price": "0.989", "size": "5.47", "side": "SELL", "hash": "61c24ad194b5131fce3b8a17081b6246e24727f9", "best_bid": "0", "best_ask": "0.029"}, {"asset_id": "57812261958109320947585804948025107746700199297727231221029973851471273059014", "price": "0.011", "size": "5.47", "side": "BUY", "hash": "136794b37c704646f17d8fbcb62fd9bafd1e61de", "best_bid": "0.971", "best_ask": "1"}], "timestamp": "1769384523991", "event_type": "price_change"}}
{"_local_timestamp": "2026-01-25T23:42:04.500017+00:00", "data": {"market": "0x06f7cb5e91d39d5cbdbfe7178d3012e8642190a03614e7ca46afcec347a914fc", "price_changes": [{"asset_id": "18858230443902809526979157430632665590797672429912418995495491478376269194302", "price": "0.947", "size": "0", "side": "SELL", "hash": "0e3c5cf9994289f7dd547937d7d871c6ae50f41a", "best_bid": "0", "best_ask": "0.03"}, {"asset_id": "30797512881060725796735611959888208083747722242820087804207672592317562808995", "price": "0.053", "size": "0", "side": "BUY", "hash": "ecad94fdb61c152a90c81e8adb965a18df25a5be", "best_bid": "0.97", "best_ask": "1"}], "timestamp": "1769384524433", "event_type": "price_change"}}
{"_local_timestamp": "2026-01-25T23:42:04.548531+00:00", "data": {"market": "0x06f7cb5e91d39d5cbdbfe7178d3012e8642190a03614e7ca46afcec347a914fc", "price_changes": [{"asset_id": "18858230443902809526979157430632665590797672429912418995495491478376269194302", "price": "0.949", "size": "50", "side": "SELL", "hash": "5556f18f1c30e5f043d038a9d8ee925a15765b39", "best_bid": "0", "best_ask": "0.03"}, {"asset_id": "30797512881060725796735611959888208083747722242820087804207672592317562808995", "price": "0.051", "size": "50", "side": "BUY", "hash": "d45c5cdd8648c3944b480c066231246ef74260de", "best_bid": "0.97", "best_ask": "1"}], "timestamp": "1769384524475", "event_type": "price_change"}}
{"_local_timestamp": "2026-01-25T23:42:05.455752+00:00", "data": {"market": "0x06f7cb5e91d39d5cbdbfe7178d3012e8642190a03614e7ca46afcec347a914fc", "price_changes": [{"asset_id": "18858230443902809526979157430632665590797672429912418995495491478376269194302", "price": "0.946", "size": "0", "side": "SELL", "hash": "e1719a1c3f7476a087f6dead6b71f714eb31b168", "best_bid": "0", "best_ask": "0.03"}, {"asset_id": "30797512881060725796735611959888208083747722242820087804207672592317562808995", "price": "0.054", "size": "0", "side": "BUY", "hash": "1869b79b763e477c72eac62b69537e32ce3f5374", "best_bid": "0.97", "best_ask": "1"}], "timestamp": "1769384525379", "event_type": "price_change"}}
{"_local_timestamp": "2026-01-25T23:42:05.603771+00:00", "data": {"market": "0x06f7cb5e91d39d5cbdbfe7178d3012e8642190a03614e7ca46afcec347a914fc", "price_changes": [{"asset_id": "18858230443902809526979157430632665590797672429912418995495491478376269194302", "price": "0.948", "size": "5.47", "side": "SELL", "hash": "4b7776d19f6d48ae4f131238c478da1cd18697df", "best_bid": "0", "best_ask": "0.03"}, {"asset_id": "30797512881060725796735611959888208083747722242820087804207672592317562808995", "price": "0.052", "size": "5.47", "side": "BUY", "hash": "d40487e36f38e6e91f493f0de00ba8acddfde587", "best_bid": "0.97", "best_ask": "1"}], "timestamp": "1769384525530", "event_type": "price_change"}}
