{"_local_timestamp": "2026-01-25T23:34:13.590054+00:00", "data": [{"market": "0x372b3cf6610add4ed536c0d976b76217a17f481df1adec056bdfa63d9290f7f1", "asset_id": "73002224588229054345480671193245655367303492455601180880661595479268577551263", "timestamp": "1769383114125", "hash": "a0c83f0cfacf35705cab2d39caeece4291f35283", "bids": [{"price": "0.01", "size": "220.29"}, {"price": "0.02", "size": "159.71"}, {"price": "0.03", "size": "628.09"}, {"price": "0.04", "size": "300"}, {"price": "0.05", "size": "431.32"}, {"price": "0.06", "size": "108"}, {"price": "0.07", "size": "6.2"}, {"price": "0.09", "size": "79"}, {"price": "0.1", "size": "5.1"}, {"price": "0.11", "size": "39"}, {"price": "0.14", "size": "10"}], "asks": [{"price": "0.99", "size": "614.69"}, {"price": "0.98", "size": "663.64"}, {"price": "0.97", "size": "200"}, {"price": "0.96", "size": "168.17"}, {"price": "0.95", "size": "40"}, {"price": "0.94", "size": "51.07"}], "event_type": "book", "last_trade_price": ""}, {"market": "0x05b3e9f1c7dd56fcc602220ededdc771744c7b2f12d8f39f046fdd1cf5bb4101", "asset_id": "112578705155440980277437752614951028803983364626594600423798165699444340436017", "timestamp": "1769383111828", "hash": "30d0fef1409425d3435cca0e083fdabf8c3d1bd2", "bids": [{"price": "0.01", "size": "614.69"}, {"price": "0.02", "size": "663.64"}, {"price": "0.03", "size": "200"}, {"price": "0.04", "size": "168.17"}, {"price": "0.05", "size": "40"}, {"price": "0.06", "size": "51.07"}], "asks": [{"price": "0.99", "size": "618.49"}, {"price": "0.98", "size": "160.42"}, {"price": "0.97", "size": "11.72"}, {"price": "0.96", "size": "500"}, {"price": "0.95", "size": "306.29"}, {"price": "0.94", "size": "33"}, {"price": "0.93", "size": "13.43"}, {"price": "0.91", "size": "79"}, {"price": "0.9", "size": "79"}, {"price": "0.87", "size": "10"}], "event_type": "book", "last_trade_price": ""}, {"market": "0x05b3e9f1c7dd56fcc602220ededdc771744c7b2f12d8f39f046fdd1cf5bb4101", "asset_id": "48237417568293891388805996171465893682215538100765485108374661451808411443563", "timestamp": "1769383111828", "hash": "fd24bc06a784e709d8e75b19302a3c754fd88fbd", "bids": [{"price": "0.01", "size": "618.49"}, {"price": "0.02", "size": "160.42"}, {"price": "0.03", "size": "11.72"}, {"price": "0.04", "size": "500"}, {"price": "0.05", "size": "306.29"}, {"price": "0.06", "size": "33"}, {"price": "0.07", "size": "13.43"}, {"price": "0.09", "size": "79"}, {"price": "0.1", "size": "79"}, {"price": "0.13", "size": "10"}], "asks": [{"price": "0.99", "size": "614.69"}, {"price": "0.98", "size": "663.64"}, {"price": "0.97", "size": "200"}, {"price": "0.96", "size": "168.17"}, {"price": "0.95", "size": "40"}, {"price": "0.94", "size": "51.07"}], "event_type": "book", "last_trade_price": ""}, {"market": "0x372b3cf6610add4ed536c0d976b76217a17f481df1adec056bdfa63d9290f7f1", "asset_id": "19501220877900482273614295395586797579626034794782366657678633902270983876735", "timestamp": "1769383114125", "hash": "354f11ec4d4764b2ce656a95e77f484a6ba6bf02", "bids": [{"price": "0.01", "size": "614.69"}, {"price": "0.02", "size": "663.64"}, {"price": "0.03", "size": "200"}, {"price": "0.04", "size": "168.17"}, {"price": "0.05", "size": "40"}, {"price": "0.06", "size": "51.07"}], "asks": [{"price": "0.99", "size": "220.29"}, {"price": "0.98", "size": "159.71"}, {"price": "0.97", "size": "628.09"}, {"price": "0.96", "size": "300"}, {"price": "0.95", "size": "431.32"}, {"price": "0.94", "size": "108"}, {"price": "0.93", "size": "6.2"}, {"price": "0.91", "size": "79"}, {"price": "0.9", "size": "5.1"}, {"price": "0.89", "size": "39"}, {"price": "0.86", "size": "10"}], "event_type": "book", "last_trade_price": ""}, {"market": "0xb65cbebe5692cbc18215f5d3eed673a2eb58dbbab6baa8ec7aaee29a11efa688", "asset_id": "113851792688215274893579460563502065395364731607372894232322281642103677282056", "timestamp": "1769383110734", "hash": "d8f8c06597bde480ea84a0667bacc0cdae1b934c", "bids": [{"price": "0.01", "size": "614.69"}, {"price": "0.02", "size": "663.64"}, {"price": "0.03", "size": "200"}, {"price": "0.04", "size": "6.17"}, {"price": "0.05", "size": "164"}, {"price": "0.06", "size": "51.67"}], "asks": [{"price": "0.99", "size": "224.85"}, {"price": "0.98", "size": "159.71"}, {"price": "0.97", "size": "629.11"}, {"price": "0.96", "size": "500"}, {"price": "0.95", "size": "308.46"}, {"price": "0.94", "size": "33"}, {"price": "0.93", "size": "10.86"}, {"price": "0.92", "size": "44"}, {"price": "0.9", "size": "79"}, {"price": "0.86", "size": "10"}], "event_type": "book", "last_trade_price": ""}, {"market": "0xb65cbebe5692cbc18215f5d3eed673a2eb58dbbab6baa8ec7aaee29a11efa688", "asset_id": "55818270637526773175357737674205343545690193711681204187096961225056932535342", "timestamp": "1769383110734", "hash": "2b984861d89fa4db347dc29c802a079d21105626", "bids": [{"price": "0.01", "size": "224.85"}, {"price": "0.02", "size": "159.71"}, {"price": "0.03", "size": "629.11"}, {"price": "0.04", "size": "500"}, {"price": "0.05", "size": "308.46"}, {"price": "0.06", "size": "33"}, {"price": "0.07", "size": "10.86"}, {"price": "0.08", "size": "44"}, {"price": "0.1", "size": "79"}, {"price": "0.14", "size": "10"}], "asks": [{"price": "0.99", "size": "614.69"}, {"price": "0.98", "size": "663.64"}, {"price": "0.97", "size": "200"}, {"price": "0.96", "size": "6.17"}, {"price": "0.95", "size": "164"}, {"price": "0.94", "size": "51.67"}], "event_type": "book", "last_trade_price": ""}]}
{"_local_timestamp": "2026-01-25T23:34:38.217961+00:00", "data": {"market": "0x372b3cf6610add4ed536c0d976b76217a17f481df1adec056bdfa63d9290f7f1", "price_changes": [{"asset_id": "73002224588229054345480671193245655367303492455601180880661595479268577551263", "price": "0.01", "size": "200", "side": "BUY", "hash": "7e278a3f8747a9e3e624390bf03f925e1c065e39", "best_bid": "0.14", "best_ask": "0.94"}, {"asset_id": "19501220877900482273614295395586797579626034794782366657678633902270983876735", "price": "0.99", "size": "200", "side": "SELL", "hash": "929a07d55bc7adad8e09c74aeb81fbad2cc0bf52", "best_bid": "0.06", "best_ask": "0.86"}], "timestamp": "1769384078146", "event_type": "price_change"}}
{"_local_timestamp": "2026-01-25T23:34:38.218988+00:00", "data": {"market": "0x05b3e9f1c7dd56fcc602220ededdc771744c7b2f12d8f39f046fdd1cf5bb4101", "price_changes": [{"asset_id": "48237417568293891388805996171465893682215538100765485108374661451808411443563", "price": "0.07", "size": "6.17", "side": "BUY", "hash": "c96124ba53f2e8c30deb298aba966d039deeb080", "best_bid": "0.13", "best_ask": "0.94"}, {"asset_id": "112578705155440980277437752614951028803983364626594600423798165699444340436017", "price": "0.93", "size": "6.17", "side": "SELL", "hash": "1d4579e161166b1b2f8eda0dc373bd094519ef4a", "best_bid": "0.06", "best_ask": "0.87"}], "timestamp": "1769384078146", "event_type": "price_change"}}
{"_local_timestamp": "2026-01-25T23:34:40.219201+00:00", "data": {"market": "0x05b3e9f1c7dd56fcc602220ededdc771744c7b2f12d8f39f046fdd1cf5bb4101", "price_changes": [{"asset_id": "48237417568293891388805996171465893682215538100765485108374661451808411443563", "price": "0.07", "size": "13.43", "side": "BUY", "hash": "691c2d648a9b0298e429b1087c7aeb281354ad59", "best_bid": "0.13", "best_ask": "0.94"}, {"asset_id": "112578705155440980277437752614951028803983364626594600423798165699444340436017", "price": "0.93", "size": "13.43", "side": "SELL", "hash": "89a1911461043335a8105ec09223a3d6274e042c", "best_bid": "0.06", "best_ask": "0.87"}], "timestamp": "1769384080047", "event_type": "price_change"}}
{"_local_timestamp": "2026-01-25T23:34:40.219856+00:00", "data": {"market": "0x372b3cf6610add4ed536c0d976b76217a17f481df1adec056bdfa63d9290f7f1", "price_changes": [{"asset_id": "73002224588229054345480671193245655367303492455601180880661595479268577551263", "price": "0.01", "size": "220.29", "side": "BUY", "hash": "aec81a346ae1ae2579d8129bac1725f77325b5c0", "best_bid": "0.14", "best_ask": "0.94"}, {"asset_id": "19501220877900482273614295395586797579626034794782366657678633902270983876735", "price": "0.99", "size": "220.29", "side": "SELL", "hash": "c99aa41d5f3b5d0cc2219b8f7d83c4acf1f64cbb", "best_bid": "0.06", "best_ask": "0.86"}], "timestamp": "1769384080047", "event_type": "price_change"}}
{"_local_timestamp": "2026-01-25T23:34:52.354908+00:00", "data": {"market": "0xb65cbebe5692cbc18215f5d3eed673a2eb58dbbab6baa8ec7aaee29a11efa688", "price_changes": [{"asset_id": "55818270637526773175357737674205343545690193711681204187096961225056932535342", "price": "0.01", "size": "200", "side": "BUY", "hash": "3c50dc461b9ef4c6b1d4ec09c13f7afec4fb46dd", "best_bid": "0.14", "best_ask": "0.94"}, {"asset_id": "113851792688215274893579460563502065395364731607372894232322281642103677282056", "price": "0.99", "size": "200", "side": "SELL", "hash": "d86e9d4a7be1de2141d72c5181f61df66c46df7b", "best_bid": "0.06", "best_ask": "0.86"}], "timestamp": "1769384092279", "event_type": "price_change"}}
{"_local_timestamp": "2026-01-25T23:34:52.356100+00:00", "data": {"market": "0xb65cbebe5692cbc18215f5d3eed673a2eb58dbbab6baa8ec7aaee29a11efa688", "price_changes": [{"asset_id": "55818270637526773175357737674205343545690193711681204187096961225056932535342", "price": "0.05", "size": "300", "side": "BUY", "hash": "3c50dc461b9ef4c6b1d4ec09c13f7afec4fb46dd", "best_bid": "0.14", "best_ask": "0.94"}, {"asset_id": "113851792688215274893579460563502065395364731607372894232322281642103677282056", "price": "0.95", "size": "300", "side": "SELL", "hash": "d86e9d4a7be1de2141d72c5181f61df66c46df7b", "best_bid": "0.06", "best_ask": "0.86"}], "timestamp": "1769384092279", "event_type": "price_change"}}
{"_local_timestamp": "2026-01-25T23:34:52.356399+00:00", "data": {"market": "0xb65cbebe5692cbc18215f5d3eed673a2eb58dbbab6baa8ec7aaee29a11efa688", "price_changes": [{"asset_id": "55818270637526773175357737674205343545690193711681204187096961225056932535342", "price": "0.07", "size": "0", "side": "BUY", "hash": "3c50dc461b9ef4c6b1d4ec09c13f7afec4fb46dd", "best_bid": "0.14", "best_ask": "0.94"}, {"asset_id": "113851792688215274893579460563502065395364731607372894232322281642103677282056", "price": "0.93", "size": "0", "side": "SELL", "hash": "d86e9d4a7be1de2141d72c5181f61df66c46df7b", "best_bid": "0.06", "best_ask": "0.86"}], "timestamp": "1769384092279", "event_type": "price_change"}}
{"_local_timestamp": "2026-01-25T23:34:54.950606+00:00", "data": {"market": "0xb65cbebe5692cbc18215f5d3eed673a2eb58dbbab6baa8ec7aaee29a11efa688", "price_changes": [{"asset_id": "55818270637526773175357737674205343545690193711681204187096961225056932535342", "price": "0.07", "size": "10.86", "side": "BUY", "hash": "42cfd493ee0654b9a742d3c19b7cb5a7defad859", "best_bid": "0.14", "best_ask": "0.94"}, {"asset_id": "113851792688215274893579460563502065395364731607372894232322281642103677282056", "price": "0.93", "size": "10.86", "side": "SELL", "hash": "8fb13e7d1968637c911f48ce98cd426385fc15b9", "best_bid": "0.06", "best_ask": "0.86"}], "timestamp": "1769384094881", "event_type": "price_change"}}
{"_local_timestamp": "2026-01-25T23:34:54.966416+00:00", "data": {"market": "0xb65cbebe5692cbc18215f5d3eed673a2eb58dbbab6baa8ec7aaee29a11efa688", "price_changes": [{"asset_id": "55818270637526773175357737674205343545690193711681204187096961225056932535342", "price": "0.01", "size": "224.85", "side": "BUY", "hash": "1585365e1e59845670e7c55834601c4dcb64a75e", "best_bid": "0.14", "best_ask": "0.94"}, {"asset_id": "113851792688215274893579460563502065395364731607372894232322281642103677282056", "price": "0.99", "size": "224.85", "side": "SELL", "hash": "975d3650ecb9310b1c08da0ff6f773ff82d9befa", "best_bid": "0.06", "best_ask": "0.86"}], "timestamp": "1769384094886", "event_type": "price_change"}}
{"_local_timestamp": "2026-01-25T23:34:54.993101+00:00", "data": {"market": "0xb65cbebe5692cbc18215f5d3eed673a2eb58dbbab6baa8ec7aaee29a11efa688", "price_changes": [{"asset_id": "55818270637526773175357737674205343545690193711681204187096961225056932535342", "price": "0.05", "size": "308.46", "side": "BUY", "hash": "223cb54835fe995c1ce610b5e95cbfa17f823a39", "best_bid": "0.14", "best_ask": "0.94"}, {"asset_id": "113851792688215274893579460563502065395364731607372894232322281642103677282056", "price": "0.95", "size": "308.46", "side": "SELL", "hash": "655eef5a99a414357e62e1ea60b6f826bf32014f", "best_bid": "0.06", "best_ask": "0.86"}], "timestamp": "1769384094890", "event_type": "price_change"}}
