{"_local_timestamp": "2026-01-25T23:34:14.193427+00:00", "data": [{"market": "0x6da8a5300fde7f6fd18dc7060d1875b02a78ffd74de14637c70df16a6428dc86", "asset_id": "12573439636546723863883649389874758880580627772868798252983088358270511713458", "timestamp": "1769382484883", "hash": "37c159ddec7806b132e22d824d722ea3ac2ebc12", "bids": [{"price": "0.01", "size": "600"}, {"price": "0.02", "size": "775"}, {"price": "0.03", "size": "108"}, {"price": "0.05", "size": "80"}, {"price": "0.06", "size": "51.07"}], "asks": [{"price": "0.99", "size": "629.53"}, {"price": "0.98", "size": "161.27"}, {"price": "0.97", "size": "346.92"}, {"price": "0.96", "size": "400"}, {"price": "0.95", "size": "87.44"}, {"price": "0.94", "size": "33"}, {"price": "0.93", "size": "167.85"}, {"price": "0.91", "size": "79"}, {"price": "0.88", "size": "10"}], "event_type": "book", "last_trade_price": ""}, {"market": "0x0e941168a9fbf40c5a367612196ac9da3ee9256be8b3ffcf3d5882848ccbf83b", "asset_id": "28346134640448579114533592337713244232126858377693891000102261026020115032744", "timestamp": "1769382821963", "hash": "e2c04bce11f48391728168e59e03ef02bbcf81b4", "bids": [{"price": "0.01", "size": "620"}, {"price": "0.02", "size": "161.27"}, {"price": "0.03", "size": "346.75"}, {"price": "0.04", "size": "400"}, {"price": "0.05", "size": "89.79"}, {"price": "0.06", "size": "33"}, {"price": "0.07", "size": "9.6"}, {"price": "0.08", "size": "158"}, {"price": "0.11", "size": "39"}, {"price": "0.12", "size": "10"}], "asks": [{"price": "0.99", "size": "600"}, {"price": "0.98", "size": "775"}, {"price": "0.97", "size": "108"}, {"price": "0.95", "size": "80"}, {"price": "0.94", "size": "52.17"}], "event_type": "book", "last_trade_price": ""}, {"market": "0x7627aa403e8ee415d3e8ab910d906f89e0ac87626b26e63c56a8728bae3575e2", "asset_id": "71820801966024543855188939034226763386408171806590937898862322392898988171700", "timestamp": "1769383079935", "hash": "b1ffa4e41e970a1d16d6c2ce0e0c862771a9601a", "bids": [{"price": "0.01", "size": "620"}, {"price": "0.02", "size": "11.27"}, {"price": "0.03", "size": "665.25"}, {"price": "0.04", "size": "82.79"}, {"price": "0.05", "size": "80"}, {"price": "0.06", "size": "40.12"}, {"price": "0.08", "size": "77"}, {"price": "0.09", "size": "85.86"}, {"price": "0.11", "size": "39"}, {"price": "0.12", "size": "10"}], "asks": [{"price": "0.99", "size": "600"}, {"price": "0.98", "size": "775"}, {"price": "0.97", "size": "108"}, {"price": "0.95", "size": "108"}, {"price": "0.94", "size": "55.07"}], "event_type": "book", "last_trade_price": ""}, {"market": "0x7627aa403e8ee415d3e8ab910d906f89e0ac87626b26e63c56a8728bae3575e2", "asset_id": "51891355072537465083911383116653990518471289983941948788163922510563323204490", "timestamp": "1769383079935", "hash": "f98bf73bf982dcc14490bde172664ed61272018c", "bids": [{"price": "0.01", "size": "600"}, {"price": "0.02", "size": "775"}, {"price": "0.03", "size": "108"}, {"price": "0.05", "size": "108"}, {"price": "0.06", "size": "55.07"}], "asks": [{"price": "0.99", "size": "620"}, {"price": "0.98", "size": "11.27"}, {"price": "0.97", "size": "665.25"}, {"price": "0.96", "size": "82.79"}, {"price": "0.95", "size": "80"}, {"price": "0.94", "size": "40.12"}, {"price": "0.92", "size": "77"}, {"price": "0.91", "size": "85.86"}, {"price": "0.89", "size": "39"}, {"price": "0.88", "size": "10"}], "event_type": "book", "last_trade_price": ""}, {"market": "0x0e941168a9fbf40c5a367612196ac9da3ee9256be8b3ffcf3d5882848ccbf83b", "asset_id": "24774558570097988617629373027511641612249394722192813948707165940202843412320", "timestamp": "1769382821963", "hash": "0ea3bb331dab11e35497b099680aca0c3e90d03d", "bids": [{"price": "0.01", "size": "600"}, {"price": "0.02", "size": "775"}, {"price": "0.03", "size": "108"}, {"price": "0.05", "size": "80"}, {"price": "0.06", "size": "52.17"}], "asks": [{"price": "0.99", "size": "620"}, {"price": "0.98", "size": "161.27"}, {"price": "0.97", "size": "346.75"}, {"price": "0.96", "size": "400"}, {"price": "0.95", "size": "89.79"}, {"price": "0.94", "size": "33"}, {"price": "0.93", "size": "9.6"}, {"price": "0.92", "size": "158"}, {"price": "0.89", "size": "39"}, {"price": "0.88", "size": "10"}], "event_type": "book", "last_trade_price": ""}, {"market": "0x6da8a5300fde7f6fd18dc7060d1875b02a78ffd74de14637c70df16a6428dc86", "asset_id": "44148879679475247738734881176314194775342036995597270243954718551609342369151", "timestamp": "1769382484883", "hash": "9df81a0712b9cf6852663dd17d4d88ffa31324dd", "bids": [{"price": "0.01", "size": "629.53"}, {"price": "0.02", "size": "161.27"}, {"price": "0.03", "size": "346.92"}, {"price": "0.04", "size": "400"}, {"price": "0.05", "size": "87.44"}, {"price": "0.06", "size": "33"}, {"price": "0.07", "size": "167.85"}, {"price": "0.09", "size": "79"}, {"price": "0.12", "size": "10"}], "asks": [{"price": "0.99", "size": "600"}, {"price": "0.98", "size": "775"}, {"price": "0.97", "size": "108"}, {"price": "0.95", "size": "80"}, {"price": "0.94", "size": "51.07"}], "event_type": "book", "last_trade_price": ""}]}
{"_local_timestamp": "2026-01-25T23:34:26.814010+00:00", "data": {"market": "0x0e941168a9fbf40c5a367612196ac9da3ee9256be8b3ffcf3d5882848ccbf83b", "price_changes": [{"asset_id": "28346134640448579114533592337713244232126858377693891000102261026020115032744", "price": "0.03", "size": "339.5", "side": "BUY", "hash": "0ca7bf13106b7940718c7019f993ae0e2bd11acf", "best_bid": "0.12", "best_ask": "0.94"}, {"asset_id": "24774558570097988617629373027511641612249394722192813948707165940202843412320", "price": "0.97", "size": "339.5", "side": "SELL", "hash": "284b0c0dd91301605d68b103090a8ae77871df24", "best_bid": "0.06", "best_ask": "0.88"}], "timestamp": "1769384066741", "event_type": "price_change"}}
{"_local_timestamp": "2026-01-25T23:34:26.814727+00:00", "data": {"market": "0x0e941168a9fbf40c5a367612196ac9da3ee9256be8b3ffcf3d5882848ccbf83b", "price_changes": [{"asset_id": "28346134640448579114533592337713244232126858377693891000102261026020115032744", "price": "0.05", "size": "80", "side": "BUY", "hash": "0ca7bf13106b7940718c7019f993ae0e2bd11acf", "best_bid": "0.12", "best_ask": "0.94"}, {"asset_id": "24774558570097988617629373027511641612249394722192813948707165940202843412320", "price": "0.95", "size": "80", "side": "SELL", "hash": "284b0c0dd91301605d68b103090a8ae77871df24", "best_bid": "0.06", "best_ask": "0.88"}], "timestamp": "1769384066741", "event_type": "price_change"}}
{"_local_timestamp": "2026-01-25T23:34:26.815000+00:00", "data": {"market": "0x0e941168a9fbf40c5a367612196ac9da3ee9256be8b3ffcf3d5882848ccbf83b", "price_changes": [{"asset_id": "28346134640448579114533592337713244232126858377693891000102261026020115032744", "price": "0.07", "size": "0", "side": "BUY", "hash": "0ca7bf13106b7940718c7019f993ae0e2bd11acf", "best_bid": "0.12", "best_ask": "0.94"}, {"asset_id": "24774558570097988617629373027511641612249394722192813948707165940202843412320", "price": "0.93", "size": "0", "side": "SELL", "hash": "284b0c0dd91301605d68b103090a8ae77871df24", "best_bid": "0.06", "best_ask": "0.88"}], "timestamp": "1769384066741", "event_type": "price_change"}}
{"_local_timestamp": "2026-01-25T23:34:29.109542+00:00", "data": {"market": "0x0e941168a9fbf40c5a367612196ac9da3ee9256be8b3ffcf3d5882848ccbf83b", "price_changes": [{"asset_id": "28346134640448579114533592337713244232126858377693891000102261026020115032744", "price": "0.04", "size": "407.92", "side": "BUY", "hash": "680e66136e184bea786ab1e2158106b5045a61ae", "best_bid": "0.12", "best_ask": "0.94"}, {"asset_id": "24774558570097988617629373027511641612249394722192813948707165940202843412320", "price": "0.96", "size": "407.92", "side": "SELL", "hash": "2c8c8f421b5284de258efd8f072f986618ae4d19", "best_bid": "0.06", "best_ask": "0.88"}], "timestamp": "1769384068851", "event_type": "price_change"}}
{"_local_timestamp": "2026-01-25T23:34:29.110899+00:00", "data": {"market": "0x0e941168a9fbf40c5a367612196ac9da3ee9256be8b3ffcf3d5882848ccbf83b", "price_changes": [{"asset_id": "28346134640448579114533592337713244232126858377693891000102261026020115032744", "price": "0.06", "size": "40.24", "side": "BUY", "hash": "20e9b557e93b885f489928aeb27a4ca0c4ebf467", "best_bid": "0.12", "best_ask": "0.94"}, {"asset_id": "24774558570097988617629373027511641612249394722192813948707165940202843412320", "price": "0.94", "size": "40.24", "side": "SELL", "hash": "3d4f56657cf02d7066ab8adef619982d2d95aad3", "best_bid": "0.06", "best_ask": "0.88"}], "timestamp": "1769384068853", "event_type": "price_change"}}
{"_local_timestamp": "2026-01-25T23:34:29.112452+00:00", "data": {"market": "0x0e941168a9fbf40c5a367612196ac9da3ee9256be8b3ffcf3d5882848ccbf83b", "price_changes": [{"asset_id": "28346134640448579114533592337713244232126858377693891000102261026020115032744", "price": "0.09", "size": "6.97", "side": "BUY", "hash": "fb81bc5973f2cceac445df1d54bf13bade6ee04c", "best_bid": "0.12", "best_ask": "0.94"}, {"asset_id": "24774558570097988617629373027511641612249394722192813948707165940202843412320", "price": "0.91", "size": "6.97", "side": "SELL", "hash": "fe7e96932131ff29a96261e90116e2e6261f5b96", "best_bid": "0.06", "best_ask": "0.88"}], "timestamp": "1769384068855", "event_type": "price_change"}}
{"_local_timestamp": "2026-01-25T23:34:29.192650+00:00", "data": {"market": "0x7627aa403e8ee415d3e8ab910d906f89e0ac87626b26e63c56a8728bae3575e2", "price_changes": [{"asset_id": "71820801966024543855188939034226763386408171806590937898862322392898988171700", "price": "0.03", "size": "658", "side": "BUY", "hash": "831b9779f8f1b85413c07ea4da0c4492a1a74a46", "best_bid": "0.12", "best_ask": "0.94"}, {"asset_id": "51891355072537465083911383116653990518471289983941948788163922510563323204490", "price": "0.97", "size": "658", "side": "SELL", "hash": "76283bcda439c536b99f9396509a6c9a3517d6df", "best_bid": "0.06", "best_ask": "0.88"}], "timestamp": "1769384069027", "event_type": "price_change"}}
{"_local_timestamp": "2026-01-25T23:34:29.193584+00:00", "data": {"market": "0x6da8a5300fde7f6fd18dc7060d1875b02a78ffd74de14637c70df16a6428dc86", "price_changes": [{"asset_id": "44148879679475247738734881176314194775342036995597270243954718551609342369151", "price": "0.01", "size": "600", "side": "BUY", "hash": "3a65f2b73b7961ffa9895420c1a74f6743ed082b", "best_bid": "0.12", "best_ask": "0.94"}, {"asset_id": "12573439636546723863883649389874758880580627772868798252983088358270511713458", "price": "0.99", "size": "600", "side": "SELL", "hash": "3515ae2faffa18c905da092d83a34cf80c1ee6a7", "best_bid": "0.06", "best_ask": "0.88"}], "timestamp": "1769384069027", "event_type": "price_change"}}
{"_local_timestamp": "2026-01-25T23:34:29.194958+00:00", "data": {"market": "0x7627aa403e8ee415d3e8ab910d906f89e0ac87626b26e63c56a8728bae3575e2", "price_changes": [{"asset_id": "71820801966024543855188939034226763386408171806590937898862322392898988171700", "price": "0.04", "size": "75", "side": "BUY", "hash": "831b9779f8f1b85413c07ea4da0c4492a1a74a46", "best_bid": "0.12", "best_ask": "0.94"}, {"asset_id": "51891355072537465083911383116653990518471289983941948788163922510563323204490", "price": "0.96", "size": "75", "side": "SELL", "hash": "76283bcda439c536b99f9396509a6c9a3517d6df", "best_bid": "0.06", "best_ask": "0.88"}], "timestamp": "1769384069027", "event_type": "price_change"}}
{"_local_timestamp": "2026-01-25T23:34:29.195354+00:00", "data": {"market": "0x6da8a5300fde7f6fd18dc7060d1875b02a78ffd74de14637c70df16a6428dc86", "price_changes": [{"asset_id": "44148879679475247738734881176314194775342036995597270243954718551609342369151", "price": "0.07", "size": "158", "side": "BUY", "hash": "3a65f2b73b7961ffa9895420c1a74f6743ed082b", "best_bid": "0.12", "best_ask": "0.94"}, {"asset_id": "12573439636546723863883649389874758880580627772868798252983088358270511713458", "price": "0.93", "size": "158", "side": "SELL", "hash": "3515ae2faffa18c905da092d83a34cf80c1ee6a7", "best_bid": "0.06", "best_ask": "0.88"}], "timestamp": "1769384069027", "event_type": "price_change"}}
{"_local_timestamp": "2026-01-25T23:34:29.198473+00:00", "data": {"market": "0x7627aa403e8ee415d3e8ab910d906f89e0ac87626b26e63c56a8728bae3575e2", "price_changes": [{"asset_id": "71820801966024543855188939034226763386408171806590937898862322392898988171700", "price": "0.06", "size": "33", "side": "BUY", "hash": "831b9779f8f1b85413c07ea4da0c4492a1a74a46", "best_bid": "0.12", "best_ask": "0.94"}, {"asset_id": "51891355072537465083911383116653990518471289983941948788163922510563323204490", "price": "0.94", "size": "33", "side": "SELL", "hash": "76283bcda439c536b99f9396509a6c9a3517d6df", "best_bid": "0.06", "best_ask": "0.88"}], "timestamp": "1769384069027", "event_type": "price_change"}}
{"_local_timestamp": "2026-01-25T23:34:29.200492+00:00", "data": {"market": "0x7627aa403e8ee415d3e8ab910d906f89e0ac87626b26e63c56a8728bae3575e2", "price_changes": [{"asset_id": "71820801966024543855188939034226763386408171806590937898862322392898988171700", "price": "0.09", "size": "79", "side": "BUY", "hash": "831b9779f8f1b85413c07ea4da0c4492a1a74a46", "best_bid": "0.12", "best_ask": "0.94"}, {"asset_id": "51891355072537465083911383116653990518471289983941948788163922510563323204490", "price": "0.91", "size": "79", "side": "SELL", "hash": "76283bcda439c536b99f9396509a6c9a3517d6df", "best_bid": "0.06", "best_ask": "0.88"}], "timestamp": "1769384069027", "event_type": "price_change"}}
{"_local_timestamp": "2026-01-25T23:34:30.661545+00:00", "data": {"market": "0x6da8a5300fde7f6fd18dc7060d1875b02a78ffd74de14637c70df16a6428dc86", "price_changes": [{"asset_id": "44148879679475247738734881176314194775342036995597270243954718551609342369151", "price": "0.01", "size": "629.53", "side": "BUY", "hash": "26b06a3e68293336f9595dfbc151a1425194f08b", "best_bid": "0.12", "best_ask": "0.94"}, {"asset_id": "12573439636546723863883649389874758880580627772868798252983088358270511713458", "price": "0.99", "size": "629.53", "side": "SELL", "hash": "bbd8b0f336b6d544a38664f19c3563c5e013d2ee", "best_bid": "0.06", "best_ask": "0.88"}], "timestamp": "1769384070465", "event_type": "price_change"}}
{"_local_timestamp": "2026-01-25T23:34:30.662706+00:00", "data": {"market": "0x6da8a5300fde7f6fd18dc7060d1875b02a78ffd74de14637c70df16a6428dc86", "price_changes": [{"asset_id": "44148879679475247738734881176314194775342036995597270243954718551609342369151", "price": "0.07", "size": "167.85", "side": "BUY", "hash": "b646887d7adbd23aad9adb684d269d5831c223b0", "best_bid": "0.12", "best_ask": "0.94"}, {"asset_id": "12573439636546723863883649389874758880580627772868798252983088358270511713458", "price": "0.93", "size": "167.85", "side": "SELL", "hash": "1aa44166fb28b3b0601fe48f19d04d49183afd6d", "best_bid": "0.06", "best_ask": "0.88"}], "timestamp": "1769384070468", "event_type": "price_change"}}
{"_local_timestamp": "2026-01-25T23:34:30.663233+00:00", "data": {"market": "0x7627aa403e8ee415d3e8ab910d906f89e0ac87626b26e63c56a8728bae3575e2", "price_changes": [{"asset_id": "71820801966024543855188939034226763386408171806590937898862322392898988171700", "price": "0.05", "size": "86.39", "side": "BUY", "hash": "2f76624dded1e31d88d5d2cca8ca1e0c7687ef18", "best_bid": "0.12", "best_ask": "0.94"}, {"asset_id": "51891355072537465083911383116653990518471289983941948788163922510563323204490", "price": "0.95", "size": "86.39", "side": "SELL", "hash": "06a34fd39e2655add368d8a83996701023e7648d", "best_bid": "0.06", "best_ask": "0.88"}], "timestamp": "1769384070464", "event_type": "price_change"}}
{"_local_timestamp": "2026-01-25T23:34:30.663658+00:00", "data": {"market": "0x7627aa403e8ee415d3e8ab910d906f89e0ac87626b26e63c56a8728bae3575e2", "price_changes": [{"asset_id": "71820801966024543855188939034226763386408171806590937898862322392898988171700", "price": "0.02", "size": "176.3", "side": "BUY", "hash": "e4a801a5f58e39fc7e5dea46795e65fbd497d0e4", "best_bid": "0.12", "best_ask": "0.94"}, {"asset_id": "51891355072537465083911383116653990518471289983941948788163922510563323204490", "price": "0.98", "size": "176.3", "side": "SELL", "hash": "0200aaa71729e252ccd1c068293a71561a8d04c9", "best_bid": "0.06", "best_ask": "0.88"}], "timestamp": "1769384070467", "event_type": "price_change"}}
{"_local_timestamp": "2026-01-25T23:34:30.664040+00:00", "data": {"market": "0x7627aa403e8ee415d3e8ab910d906f89e0ac87626b26e63c56a8728bae3575e2", "price_changes": [{"asset_id": "71820801966024543855188939034226763386408171806590937898862322392898988171700", "price": "0.07", "size": "6.26", "side": "BUY", "hash": "c1eac5063ed89610424f6db55ede9514a37005a7", "best_bid": "0.12", "best_ask": "0.94"}, {"asset_id": "51891355072537465083911383116653990518471289983941948788163922510563323204490", "price": "0.93", "size": "6.26", "side": "SELL", "hash": "b392e79f5fad902c817171234dd7e9206e89db8f", "best_bid": "0.06", "best_ask": "0.88"}], "timestamp": "1769384070469", "event_type": "price_change"}}
{"_local_timestamp": "2026-01-25T23:34:30.666625+00:00", "data": {"market": "0x7627aa403e8ee415d3e8ab910d906f89e0ac87626b26e63c56a8728bae3575e2", "price_changes": [{"asset_id": "71820801966024543855188939034226763386408171806590937898862322392898988171700", "price": "0.1", "size": "5.15", "side": "BUY", "hash": "6ed1493e05c586e3c88ddf93c9f40620357cb80e", "best_bid": "0.12", "best_ask": "0.94"}, {"asset_id": "51891355072537465083911383116653990518471289983941948788163922510563323204490", "price": "0.9", "size": "5.15", "side": "SELL", "hash": "8177b7fd839e2c076b7d005b8ce1fa3448a0ce2c", "best_bid": "0.06", "best_ask": "0.88"}], "timestamp": "1769384070472", "event_type": "price_change"}}
{"_local_timestamp": "2026-01-25T23:34:55.852300+00:00", "data": {"market": "0x0e941168a9fbf40c5a367612196ac9da3ee9256be8b3ffcf3d5882848ccbf83b", "price_changes": [{"asset_id": "28346134640448579114533592337713244232126858377693891000102261026020115032744", "price": "0.08", "size": "0", "side": "BUY", "hash": "8774afc578df807b5ca92719cf8479c15e6bb608", "best_bid": "0.12", "best_ask": "0.94"}, {"asset_id": "24774558570097988617629373027511641612249394722192813948707165940202843412320", "price": "0.92", "size": "0", "side": "SELL", "hash": "9646bdd0c1fba5a9e93d2e93a9a344b29fe2341d", "best_bid": "0.06", "best_ask": "0.88"}], "timestamp": "1769384095767", "event_type": "price_change"}}
