{"_local_timestamp": "2026-01-25T23:34:13.367718+00:00", "data": [{"market": "0x4b5b8031c06866d31e4b624a9ad2574b165500a0d7ed516a3e75afe43f8b4264", "asset_id": "6915003249183056968535444250022230938484800104639417541988475473917648928389", "timestamp": "1769384029291", "hash": "d8e2cebc56de0678c51794253013f14044616e11", "bids": [{"price": "0.01", "size": "340.03"}, {"price": "0.02", "size": "150"}, {"price": "0.03", "size": "5.76"}, {"price": "0.04", "size": "1325"}, {"price": "0.05", "size": "175"}, {"price": "0.06", "size": "33"}, {"price": "0.07", "size": "5.61"}, {"price": "0.09", "size": "144.44"}, {"price": "0.1", "size": "110"}, {"price": "0.12", "size": "270"}, {"price": "0.21", "size": "10"}, {"price": "0.27", "size": "100"}], "asks": [{"price": "0.99", "size": "342.2"}, {"price": "0.98", "size": "850"}, {"price": "0.97", "size": "8.94"}, {"price": "0.95", "size": "20"}, {"price": "0.94", "size": "300"}, {"price": "0.93", "size": "964.28"}, {"price": "0.92", "size": "431.52"}, {"price": "0.91", "size": "75"}, {"price": "0.9", "size": "37"}, {"price": "0.86", "size": "7.14"}, {"price": "0.85", "size": "7.25"}, {"price": "0.78", "size": "10"}, {"price": "0.77", "size": "316.66"}, {"price": "0.37", "size": "100"}], "event_type": "book", "last_trade_price": ""}, {"market": "0xa9e7139c01902bf8d207868fbbc9e7e355baa895ed2bd420ec1e853308dc2ee7", "asset_id": "115713297777186043269157975121831285737052559485313017327432777819637200345378", "timestamp": "1769383888003", "hash": "1c19d7c83519ca4b9588cd668e9f9589376b6ffd", "bids": [{"price": "0.01", "size": "330"}, {"price": "0.02", "size": "159.78"}, {"price": "0.04", "size": "1000"}, {"price": "0.05", "size": "500"}, {"price": "0.06", "size": "33"}, {"price": "0.07", "size": "6.72"}, {"price": "0.1", "size": "130"}, {"price": "0.11", "size": "100"}, {"price": "0.12", "size": "232"}, {"price": "0.29", "size": "10"}, {"price": "0.34", "size": "100"}], "asks": [{"price": "0.99", "size": "342.26"}, {"price": "0.98", "size": "850"}, {"price": "0.97", "size": "11.74"}, {"price": "0.95", "size": "20"}, {"price": "0.94", "size": "1000"}, {"price": "0.93", "size": "385.71"}, {"price": "0.92", "size": "74.71"}, {"price": "0.91", "size": "487"}, {"price": "0.86", "size": "7.14"}, {"price": "0.84", "size": "6.55"}, {"price": "0.78", "size": "168"}, {"price": "0.77", "size": "19"}, {"price": "0.44", "size": "100"}], "event_type": "book", "last_trade_price": ""}, {"market": "0x58d80aec7817b79cd3f098e3dff819519aef670be813a0ac2ebe158628b2f7b4", "asset_id": "103333922742981867026768371397801035949140451192065292667195491039474983871181", "timestamp": "1769383999820", "hash": "0d4b4dac1c540d50035035d69a6b97383a57b73f", "bids": [{"price": "0.01", "size": "344.25"}, {"price": "0.02", "size": "850"}, {"price": "0.03", "size": "12.49"}, {"price": "0.05", "size": "20"}, {"price": "0.07", "size": "800"}, {"price": "0.08", "size": "362.5"}, {"price": "0.09", "size": "130.12"}, {"price": "0.1", "size": "485"}, {"price": "0.11", "size": "92"}, {"price": "0.16", "size": "6.25"}, {"price": "0.17", "size": "6"}, {"price": "0.22", "size": "326.66"}, {"price": "0.23", "size": "79"}, {"price": "0.66", "size": "100"}], "asks": [{"price": "0.99", "size": "341.07"}, {"price": "0.98", "size": "150"}, {"price": "0.97", "size": "306.36"}, {"price": "0.96", "size": "1100"}, {"price": "0.95", "size": "100"}, {"price": "0.94", "size": "33"}, {"price": "0.93", "size": "5.21"}, {"price": "0.92", "size": "162.5"}, {"price": "0.91", "size": "61.11"}, {"price": "0.89", "size": "360"}, {"price": "0.81", "size": "10"}, {"price": "0.76", "size": "100"}], "event_type": "book", "last_trade_price": ""}, {"market": "0x4b5b8031c06866d31e4b624a9ad2574b165500a0d7ed516a3e75afe43f8b4264", "asset_id": "44169528709508476939693995064625769806653881424873210341037890599128228484427", "timestamp": "1769384029291", "hash": "46428ecc544323605ba73e3e7705a0406ca79230", "bids": [{"price": "0.01", "size": "342.2"}, {"price": "0.02", "size": "850"}, {"price": "0.03", "size": "8.94"}, {"price": "0.05", "size": "20"}, {"price": "0.06", "size": "300"}, {"price": "0.07", "size": "964.28"}, {"price": "0.08", "size": "431.52"}, {"price": "0.09", "size": "75"}, {"price": "0.1", "size": "37"}, {"price": "0.14", "size": "7.14"}, {"price": "0.15", "size": "7.25"}, {"price": "0.22", "size": "10"}, {"price": "0.23", "size": "316.66"}, {"price": "0.63", "size": "100"}], "asks": [{"price": "0.99", "size": "340.03"}, {"price": "0.98", "size": "150"}, {"price": "0.97", "size": "5.76"}, {"price": "0.96", "size": "1325"}, {"price": "0.95", "size": "175"}, {"price": "0.94", "size": "33"}, {"price": "0.93", "size": "5.61"}, {"price": "0.91", "size": "144.44"}, {"price": "0.9", "size": "110"}, {"price": "0.88", "size": "270"}, {"price": "0.79", "size": "10"}, {"price": "0.73", "size": "100"}], "event_type": "book", "last_trade_price": ""}, {"market": "0x58d80aec7817b79cd3f098e3dff819519aef670be813a0ac2ebe158628b2f7b4", "asset_id": "22642492798306048791752048001557616292905818790749684489225480888404972194320", "timestamp": "1769383999820", "hash": "aff67cd7a324b2b2289c206e3bfcfa4f7d9257ce", "bids": [{"price": "0.01", "size": "341.07"}, {"price": "0.02", "size": "150"}, {"price": "0.03", "size": "306.36"}, {"price": "0.04", "size": "1100"}, {"price": "0.05", "size": "100"}, {"price": "0.06", "size": "33"}, {"price": "0.07", "size": "5.21"}, {"price": "0.08", "size": "162.5"}, {"price": "0.09", "size": "61.11"}, {"price": "0.11", "size": "360"}, {"price": "0.19", "size": "10"}, {"price": "0.24", "size": "100"}], "asks": [{"price": "0.99", "size": "344.25"}, {"price": "0.98", "size": "850"}, {"price": "0.97", "size": "12.49"}, {"price": "0.95", "size": "20"}, {"price": "0.93", "size": "800"}, {"price": "0.92", "size": "362.5"}, {"price": "0.91", "size": "130.12"}, {"price": "0.9", "size": "485"}, {"price": "0.89", "size": "92"}, {"price": "0.84", "size": "6.25"}, {"price": "0.83", "size": "6"}, {"price": "0.78", "size": "326.66"}, {"price": "0.77", "size": "79"}, {"price": "0.34", "size": "100"}], "event_type": "book", "last_trade_price": ""}, {"market": "0xa9e7139c01902bf8d207868fbbc9e7e355baa895ed2bd420ec1e853308dc2ee7", "asset_id": "86537861710545130038224238037624269258313504758617945682578300417190681758574", "timestamp": "1769383888003", "hash": "71570f00d7b3eceaa551826cbb25e1099d1ae0f9", "bids": [{"price": "0.01", "size": "342.26"}, {"price": "0.02", "size": "850"}, {"price": "0.03", "size": "11.74"}, {"price": "0.05", "size": "20"}, {"price": "0.06", "size": "1000"}, {"price": "0.07", "size": "385.71"}, {"price": "0.08", "size": "74.71"}, {"price": "0.09", "size": "487"}, {"price": "0.14", "size": "7.14"}, {"price": "0.16", "size": "6.55"}, {"price": "0.22", "size": "168"}, {"price": "0.23", "size": "19"}, {"price": "0.56", "size": "100"}], "asks": [{"price": "0.99", "size": "330"}, {"price": "0.98", "size": "159.78"}, {"price": "0.96", "size": "1000"}, {"price": "0.95", "size": "500"}, {"price": "0.94", "size": "33"}, {"price": "0.93", "size": "6.72"}, {"price": "0.9", "size": "130"}, {"price": "0.89", "size": "100"}, {"price": "0.88", "size": "232"}, {"price": "0.71", "size": "10"}, {"price": "0.66", "size": "100"}], "event_type": "book", "last_trade_price": ""}]}
{"_local_timestamp": "2026-01-25T23:34:37.178653+00:00", "data": {"market": "0x4b5b8031c06866d31e4b624a9ad2574b165500a0d7ed516a3e75afe43f8b4264", "price_changes": [{"asset_id": "44169528709508476939693995064625769806653881424873210341037890599128228484427", "price": "0.15", "size": "0", "side": "BUY", "hash": "681cca4378dd089b823d9e11eb115518ad194722", "best_bid": "0.63", "best_ask": "0.73"}, {"asset_id": "6915003249183056968535444250022230938484800104639417541988475473917648928389", "price": "0.85", "size": "0", "side": "SELL", "hash": "efe2de88f7fec3a5e8a88f3e1209fc5dc5ee8217", "best_bid": "0.27", "best_ask": "0.37"}], "timestamp": "1769384077099", "event_type": "price_change"}}
{"_local_timestamp": "2026-01-25T23:34:38.617208+00:00", "data": {"market": "0x4b5b8031c06866d31e4b624a9ad2574b165500a0d7ed516a3e75afe43f8b4264", "price_changes": [{"asset_id": "44169528709508476939693995064625769806653881424873210341037890599128228484427", "price": "0.15", "size": "7.25", "side": "BUY", "hash": "77965b3d2abbb412554dfbd0d8d051866fe056f7", "best_bid": "0.63", "best_ask": "0.73"}, {"asset_id": "6915003249183056968535444250022230938484800104639417541988475473917648928389", "price": "0.85", "size": "7.25", "side": "SELL", "hash": "0ae8f5d2ee1fc136568acc134279b17a840b6bb8", "best_bid": "0.27", "best_ask": "0.37"}], "timestamp": "1769384078533", "event_type": "price_change"}}
{"_local_timestamp": "2026-01-25T23:36:12.599059+00:00", "data": {"market": "0xa9e7139c01902bf8d207868fbbc9e7e355baa895ed2bd420ec1e853308dc2ee7", "price_changes": [{"asset_id": "86537861710545130038224238037624269258313504758617945682578300417190681758574", "price": "0.16", "size": "0", "side": "BUY", "hash": "bcac02a2c758a3a11905e440b5fe321131e9fcf8", "best_bid": "0.56", "best_ask": "0.66"}, {"asset_id": "115713297777186043269157975121831285737052559485313017327432777819637200345378", "price": "0.84", "size": "0", "side": "SELL", "hash": "064a80a2dbc976343198138b6bc5deedc0993ce1", "best_bid": "0.34", "best_ask": "0.44"}], "timestamp": "1769384172533", "event_type": "price_change"}}
{"_local_timestamp": "2026-01-25T23:36:14.052196+00:00", "data": {"market": "0xa9e7139c01902bf8d207868fbbc9e7e355baa895ed2bd420ec1e853308dc2ee7", "price_changes": [{"asset_id": "86537861710545130038224238037624269258313504758617945682578300417190681758574", "price": "0.15", "size": "6.98", "side": "BUY", "hash": "cb0883943fe10c62aa7805b7f0359ad978d58c69", "best_bid": "0.56", "best_ask": "0.66"}, {"asset_id": "115713297777186043269157975121831285737052559485313017327432777819637200345378", "price": "0.85", "size": "6.98", "side": "SELL", "hash": "0be9e6de7281f9d43611874308947e907852407f", "best_bid": "0.34", "best_ask": "0.44"}], "timestamp": "1769384173978", "event_type": "price_change"}}
{"_local_timestamp": "2026-01-25T23:36:58.314058+00:00", "data": {"market": "0x4b5b8031c06866d31e4b624a9ad2574b165500a0d7ed516a3e75afe43f8b4264", "price_changes": [{"asset_id": "6915003249183056968535444250022230938484800104639417541988475473917648928389", "price": "0.12", "size": "100", "side": "BUY", "hash": "0658bf72642fb516fc244e87d9f416cf75aa0137", "best_bid": "0.27", "best_ask": "0.37"}, {"asset_id": "44169528709508476939693995064625769806653881424873210341037890599128228484427", "price": "0.88", "size": "100", "side": "SELL", "hash": "00cbd5dac7dab44c9a610065cd39edabe4bad1a3", "best_bid": "0.63", "best_ask": "0.73"}], "timestamp": "1769384218085", "event_type": "price_change"}}
{"_local_timestamp": "2026-01-25T23:36:58.332883+00:00", "data": {"market": "0x58d80aec7817b79cd3f098e3dff819519aef670be813a0ac2ebe158628b2f7b4", "price_changes": [{"asset_id": "22642492798306048791752048001557616292905818790749684489225480888404972194320", "price": "0.11", "size": "100", "side": "BUY", "hash": "bff2929b85a7e378ec94880e92089b74707e6cf4", "best_bid": "0.24", "best_ask": "0.34"}, {"asset_id": "103333922742981867026768371397801035949140451192065292667195491039474983871181", "price": "0.89", "size": "100", "side": "SELL", "hash": "aceb3c9243378ce85d388cc4b30394f38401b3c2", "best_bid": "0.66", "best_ask": "0.76"}], "timestamp": "1769384218084", "event_type": "price_change"}}
{"_local_timestamp": "2026-01-25T23:36:58.362578+00:00", "data": {"market": "0xa9e7139c01902bf8d207868fbbc9e7e355baa895ed2bd420ec1e853308dc2ee7", "price_changes": [{"asset_id": "86537861710545130038224238037624269258313504758617945682578300417190681758574", "price": "0.09", "size": "300", "side": "BUY", "hash": "b597a025b74af1a981b69beb571b2c53253e7f11", "best_bid": "0.56", "best_ask": "0.66"}, {"asset_id": "115713297777186043269157975121831285737052559485313017327432777819637200345378", "price": "0.91", "size": "300", "side": "SELL", "hash": "9fdd0b79a1d133ef48357ebebb51edca479b8b83", "best_bid": "0.34", "best_ask": "0.44"}], "timestamp": "1769384218085", "event_type": "price_change"}}
{"_local_timestamp": "2026-01-25T23:37:18.192206+00:00", "data": {"market": "0xa9e7139c01902bf8d207868fbbc9e7e355baa895ed2bd420ec1e853308dc2ee7", "price_changes": [{"asset_id": "86537861710545130038224238037624269258313504758617945682578300417190681758574", "price": "0.22", "size": "10", "side": "BUY", "hash": "fe75af6f2a3a59c3c7ffa7bd5ef59e1464c49d9a", "best_bid": "0.56", "best_ask": "0.66"}, {"asset_id": "115713297777186043269157975121831285737052559485313017327432777819637200345378", "price": "0.78", "size": "10", "side": "SELL", "hash": "38cff2cb8bd4f962d801ad85f928ad80e20c7fca", "best_bid": "0.34", "best_ask": "0.44"}], "timestamp": "1769384238107", "event_type": "price_change"}}
{"_local_timestamp": "2026-01-25T23:37:18.192806+00:00", "data": {"market": "0x4b5b8031c06866d31e4b624a9ad2574b165500a0d7ed516a3e75afe43f8b4264", "price_changes": [{"asset_id": "44169528709508476939693995064625769806653881424873210341037890599128228484427", "price": "0.23", "size": "0", "side": "BUY", "hash": "1a28301b71d375eab7a2e5d9d6b21c05a629d308", "best_bid": "0.63", "best_ask": "0.73"}, {"asset_id": "6915003249183056968535444250022230938484800104639417541988475473917648928389", "price": "0.77", "size": "0", "side": "SELL", "hash": "41cd7faea76cf5b14ce1aba02803aea8fd160b98", "best_bid": "0.27", "best_ask": "0.37"}], "timestamp": "1769384238107", "event_type": "price_change"}}
{"_local_timestamp": "2026-01-25T23:37:18.193136+00:00", "data": {"market": "0x58d80aec7817b79cd3f098e3dff819519aef670be813a0ac2ebe158628b2f7b4", "price_changes": [{"asset_id": "103333922742981867026768371397801035949140451192065292667195491039474983871181", "price": "0.22", "size": "10", "side": "BUY", "hash": "0f91c824ba7a7b3f9d1ac435b8deb9012584acb3", "best_bid": "0.66", "best_ask": "0.76"}, {"asset_id": "22642492798306048791752048001557616292905818790749684489225480888404972194320", "price": "0.78", "size": "10", "side": "SELL", "hash": "6a5d51144f58e4bf9d73ed3af572389a5d4173a5", "best_bid": "0.24", "best_ask": "0.34"}], "timestamp": "1769384238107", "event_type": "price_change"}}
{"_local_timestamp": "2026-01-25T23:37:45.414234+00:00", "data": {"market": "0x58d80aec7817b79cd3f098e3dff819519aef670be813a0ac2ebe158628b2f7b4", "price_changes": [{"asset_id": "103333922742981867026768371397801035949140451192065292667195491039474983871181", "price": "0.22", "size": "89", "side": "BUY", "hash": "2273c85ac21041c0d87389c00775f84d72ff8aad", "best_bid": "0.66", "best_ask": "0.76"}, {"asset_id": "22642492798306048791752048001557616292905818790749684489225480888404972194320", "price": "0.78", "size": "89", "side": "SELL", "hash": "dffd3f73253fedffc77dbd0928ebcb4eae20e8b9", "best_bid": "0.24", "best_ask": "0.34"}], "timestamp": "1769384265287", "event_type": "price_change"}}
{"_local_timestamp": "2026-01-25T23:37:45.414597+00:00", "data": {"market": "0x4b5b8031c06866d31e4b624a9ad2574b165500a0d7ed516a3e75afe43f8b4264", "price_changes": [{"asset_id": "44169528709508476939693995064625769806653881424873210341037890599128228484427", "price": "0.22", "size": "89", "side": "BUY", "hash": "9947e0da3b305a482d87c85f7a6fd9f9c0f2205a", "best_bid": "0.63", "best_ask": "0.73"}, {"asset_id": "6915003249183056968535444250022230938484800104639417541988475473917648928389", "price": "0.78", "size": "89", "side": "SELL", "hash": "6bcbdaf84878c462179e5bfae6e565a58aa79089", "best_bid": "0.27", "best_ask": "0.37"}], "timestamp": "1769384265287", "event_type": "price_change"}}
{"_local_timestamp": "2026-01-25T23:37:45.414898+00:00", "data": {"market": "0xa9e7139c01902bf8d207868fbbc9e7e355baa895ed2bd420ec1e853308dc2ee7", "price_changes": [{"asset_id": "86537861710545130038224238037624269258313504758617945682578300417190681758574", "price": "0.22", "size": "89", "side": "BUY", "hash": "91d91cc36bd1585439c17c52100a567a027a256a", "best_bid": "0.56", "best_ask": "0.66"}, {"asset_id": "115713297777186043269157975121831285737052559485313017327432777819637200345378", "price": "0.78", "size": "89", "side": "SELL", "hash": "874dd2d3b4172836e1df5dae8b077dbbd702c7f4", "best_bid": "0.34", "best_ask": "0.44"}], "timestamp": "1769384265287", "event_type": "price_change"}}
{"_local_timestamp": "2026-01-25T23:37:45.415181+00:00", "data": {"market": "0x4b5b8031c06866d31e4b624a9ad2574b165500a0d7ed516a3e75afe43f8b4264", "price_changes": [{"asset_id": "44169528709508476939693995064625769806653881424873210341037890599128228484427", "price": "0.23", "size": "158", "side": "BUY", "hash": "f324a0beeb9b45f9cc6c3dca55a8ab98fdbef458", "best_bid": "0.63", "best_ask": "0.73"}, {"asset_id": "6915003249183056968535444250022230938484800104639417541988475473917648928389", "price": "0.77", "size": "158", "side": "SELL", "hash": "0387e6b00cd0edc04388b0dff29e0a05a8212c86", "best_bid": "0.27", "best_ask": "0.37"}], "timestamp": "1769384265287", "event_type": "price_change"}}
{"_local_timestamp": "2026-01-25T23:37:56.944195+00:00", "data": {"market": "0xa9e7139c01902bf8d207868fbbc9e7e355baa895ed2bd420ec1e853308dc2ee7", "price_changes": [{"asset_id": "86537861710545130038224238037624269258313504758617945682578300417190681758574", "price": "0.1", "size": "243", "side": "BUY", "hash": "897b18018ba76e02cd1958d52dee790a74b23ef4", "best_bid": "0.56", "best_ask": "0.66"}, {"asset_id": "115713297777186043269157975121831285737052559485313017327432777819637200345378", "price": "0.9", "size": "243", "side": "SELL", "hash": "ba4a83e89d8b939256f780897dcbfbbcd0a1a55b", "best_bid": "0.34", "best_ask": "0.44"}], "timestamp": "1769384276810", "event_type": "price_change"}}
{"_local_timestamp": "2026-01-25T23:37:56.944567+00:00", "data": {"market": "0x4b5b8031c06866d31e4b624a9ad2574b165500a0d7ed516a3e75afe43f8b4264", "price_changes": [{"asset_id": "6915003249183056968535444250022230938484800104639417541988475473917648928389", "price": "0.13", "size": "135", "side": "BUY", "hash": "9ff26e7d2a77c01af981e03362439705e2ff7c08", "best_bid": "0.27", "best_ask": "0.37"}, {"asset_id": "44169528709508476939693995064625769806653881424873210341037890599128228484427", "price": "0.87", "size": "135", "side": "SELL", "hash": "758803d3a9a2b46dd2296f00b2a0b2122a561ab0", "best_bid": "0.63", "best_ask": "0.73"}], "timestamp": "1769384276810", "event_type": "price_change"}}
{"_local_timestamp": "2026-01-25T23:37:56.947145+00:00", "data": {"market": "0x58d80aec7817b79cd3f098e3dff819519aef670be813a0ac2ebe158628b2f7b4", "price_changes": [{"asset_id": "22642492798306048791752048001557616292905818790749684489225480888404972194320", "price": "0.12", "size": "180", "side": "BUY", "hash": "431c6212d6fb02a800220f855fae2cb798f58331", "best_bid": "0.24", "best_ask": "0.34"}, {"asset_id": "103333922742981867026768371397801035949140451192065292667195491039474983871181", "price": "0.88", "size": "180", "side": "SELL", "hash": "4bee53d205a5d0c9f9f54ba83f292ac052cd86cb", "best_bid": "0.66", "best_ask": "0.76"}], "timestamp": "1769384276811", "event_type": "price_change"}}
{"_local_timestamp": "2026-01-25T23:38:59.086748+00:00", "data": {"market": "0x58d80aec7817b79cd3f098e3dff819519aef670be813a0ac2ebe158628b2f7b4", "price_changes": [{"asset_id": "22642492798306048791752048001557616292905818790749684489225480888404972194320", "price": "0.11", "size": "0", "side": "BUY", "hash": "261543d6d8448c4d9d545f5b3968fd937181b5aa", "best_bid": "0.24", "best_ask": "0.34"}, {"asset_id": "103333922742981867026768371397801035949140451192065292667195491039474983871181", "price": "0.89", "size": "0", "side": "SELL", "hash": "c2b9666d34a411696a595ace50be6f9f2d7384d5", "best_bid": "0.66", "best_ask": "0.76"}], "timestamp": "1769384338947", "event_type": "price_change"}}
{"_local_timestamp": "2026-01-25T23:38:59.088381+00:00", "data": {"market": "0x4b5b8031c06866d31e4b624a9ad2574b165500a0d7ed516a3e75afe43f8b4264", "price_changes": [{"asset_id": "6915003249183056968535444250022230938484800104639417541988475473917648928389", "price": "0.12", "size": "0", "side": "BUY", "hash": "4b2bd2b8292e04947c8d2947538bf22d98a78231", "best_bid": "0.27", "best_ask": "0.37"}, {"asset_id": "44169528709508476939693995064625769806653881424873210341037890599128228484427", "price": "0.88", "size": "0", "side": "SELL", "hash": "7b3a08f43e74b51a8c07ad7a249699ebdcb530c9", "best_bid": "0.63", "best_ask": "0.73"}], "timestamp": "1769384338948", "event_type": "price_change"}}
{"_local_timestamp": "2026-01-25T23:38:59.094577+00:00", "data": {"market": "0xa9e7139c01902bf8d207868fbbc9e7e355baa895ed2bd420ec1e853308dc2ee7", "price_changes": [{"asset_id": "86537861710545130038224238037624269258313504758617945682578300417190681758574", "price": "0.06", "size": "500", "side": "BUY", "hash": "484eaaa1139415cda5ac2fb477b98851b21011ae", "best_bid": "0.56", "best_ask": "0.66"}, {"asset_id": "115713297777186043269157975121831285737052559485313017327432777819637200345378", "price": "0.94", "size": "500", "side": "SELL", "hash": "c3425f4a28f73f82877f3f854c31f5ef27fc4aa8", "best_bid": "0.34", "best_ask": "0.44"}], "timestamp": "1769384338947", "event_type": "price_change"}}
{"_local_timestamp": "2026-01-25T23:38:59.096590+00:00", "data": {"market": "0xa9e7139c01902bf8d207868fbbc9e7e355baa895ed2bd420ec1e853308dc2ee7", "price_changes": [{"asset_id": "86537861710545130038224238037624269258313504758617945682578300417190681758574", "price": "0.09", "size": "0", "side": "BUY", "hash": "484eaaa1139415cda5ac2fb477b98851b21011ae", "best_bid": "0.56", "best_ask": "0.66"}, {"asset_id": "115713297777186043269157975121831285737052559485313017327432777819637200345378", "price": "0.91", "size": "0", "side": "SELL", "hash": "c3425f4a28f73f82877f3f854c31f5ef27fc4aa8", "best_bid": "0.34", "best_ask": "0.44"}], "timestamp": "1769384338947", "event_type": "price_change"}}
{"_local_timestamp": "2026-01-25T23:38:59.457277+00:00", "data": {"market": "0xa9e7139c01902bf8d207868fbbc9e7e355baa895ed2bd420ec1e853308dc2ee7", "price_changes": [{"asset_id": "86537861710545130038224238037624269258313504758617945682578300417190681758574", "price": "0.07", "size": "885.71", "side": "BUY", "hash": "57fe7f1837053978cce993d297456a5d4b35bfbe", "best_bid": "0.56", "best_ask": "0.66"}, {"asset_id": "115713297777186043269157975121831285737052559485313017327432777819637200345378", "price": "0.93", "size": "885.71", "side": "SELL", "hash": "0d7b6e376eff914b56557227a8fb9272f9578ce9", "best_bid": "0.34", "best_ask": "0.44"}], "timestamp": "1769384339322", "event_type": "price_change"}}
{"_local_timestamp": "2026-01-25T23:38:59.469385+00:00", "data": {"market": "0x58d80aec7817b79cd3f098e3dff819519aef670be813a0ac2ebe158628b2f7b4", "price_changes": [{"asset_id": "22642492798306048791752048001557616292905818790749684489225480888404972194320", "price": "0.08", "size": "462.5", "side": "BUY", "hash": "aa7c70a54dd5693ea820d1ba067a11c623a6c002", "best_bid": "0.24", "best_ask": "0.34"}, {"asset_id": "103333922742981867026768371397801035949140451192065292667195491039474983871181", "price": "0.92", "size": "462.5", "side": "SELL", "hash": "bd152faeac449d2873fc10caa9b8afd23c5a4678", "best_bid": "0.66", "best_ask": "0.76"}], "timestamp": "1769384339332", "event_type": "price_change"}}
{"_local_timestamp": "2026-01-25T23:38:59.508569+00:00", "data": {"market": "0x4b5b8031c06866d31e4b624a9ad2574b165500a0d7ed516a3e75afe43f8b4264", "price_changes": [{"asset_id": "6915003249183056968535444250022230938484800104639417541988475473917648928389", "price": "0.1", "size": "410", "side": "BUY", "hash": "a9a0d49f027630fa5aad45609f1886b0636b7461", "best_bid": "0.27", "best_ask": "0.37"}, {"asset_id": "44169528709508476939693995064625769806653881424873210341037890599128228484427", "price": "0.9", "size": "410", "side": "SELL", "hash": "df47a2d205cc71a02fe13b262624f77745df9792", "best_bid": "0.63", "best_ask": "0.73"}], "timestamp": "1769384339358", "event_type": "price_change"}}
{"_local_timestamp": "2026-01-25T23:38:59.514377+00:00", "data": {"market": "0xa9e7139c01902bf8d207868fbbc9e7e355baa895ed2bd420ec1e853308dc2ee7", "price_changes": [{"asset_id": "86537861710545130038224238037624269258313504758617945682578300417190681758574", "price": "0.08", "size": "374.71", "side": "BUY", "hash": "19160d26c153ddc9b4cb5d4a4c6f6fb9f11bf8e6", "best_bid": "0.56", "best_ask": "0.66"}, {"asset_id": "115713297777186043269157975121831285737052559485313017327432777819637200345378", "price": "0.92", "size": "374.71", "side": "SELL", "hash": "dae550be5d2e9c94caed74a6b5c747cf65a336a6", "best_bid": "0.34", "best_ask": "0.44"}], "timestamp": "1769384339381", "event_type": "price_change"}}
