{"_local_timestamp": "2026-01-25T23:34:13.746454+00:00", "data": [{"market": "0x06f7cb5e91d39d5cbdbfe7178d3012e8642190a03614e7ca46afcec347a914fc", "asset_id": "30797512881060725796735611959888208083747722242820087804207672592317562808995", "timestamp": "1769383298004", "hash": "94c5c61c743f519cfb452bb33a774d3de420139f", "bids": [{"price": "0.001", "size": "3014.99"}, {"price": "0.002", "size": "55.42"}, {"price": "0.01", "size": "100"}, {"price": "0.017", "size": "13.88"}, {"price": "0.05", "size": "40"}, {"price": "0.051", "size": "50"}, {"price": "0.052", "size": "11.48"}, {"price": "0.097", "size": "5.33"}, {"price": "0.098", "size": "5.41"}, {"price": "0.099", "size": "5.47"}, {"price": "0.97", "size": "900.66"}], "asks": [], "event_type": "book", "last_trade_price": "0.001"}, {"market": "0x167b9382efef2d45421a3baa8e9714e95b8ff2b07a634af6cb1976a1c46fd43d", "asset_id": "57812261958109320947585804948025107746700199297727231221029973851471273059014", "timestamp": "1769383201005", "hash": "4600ea9e9569c047eb4a947c597fdb6e88984870", "bids": [{"price": "0.001", "size": "14.99"}, {"price": "0.01", "size": "300"}, {"price": "0.011", "size": "5.47"}, {"price": "0.97", "size": "994.53"}, {"price": "0.971", "size": "25.47"}], "asks": [], "event_type": "book", "last_trade_price": "0.010"}, {"market": "0x167b9382efef2d45421a3baa8e9714e95b8ff2b07a634af6cb1976a1c46fd43d", "asset_id": "30302919951679516931114910132059485774264097338888581544540632790552606225381", "timestamp": "1769383201005", "hash": "324c4efec6f6418571cf457762cd118599568285", "bids": [], "asks": [{"price": "0.999", "size": "14.99"}, {"price": "0.99", "size": "300"}, {"price": "0.989", "size": "5.47"}, {"price": "0.03", "size": "994.53"}, {"price": "0.029", "size": "25.47"}], "event_type": "book", "last_trade_price": "0.010"}, {"market": "0xd16746c6acba3a9e848889956c0445c687a81ddf8e20f4ec9eeec85a9d913895", "asset_id": "102160281721763287773638395598674620443892670693916948067964313241767675237839", "timestamp": "1769383644699", "hash": "59be137b5d4eff5b852a902688353e33363fc37d", "bids": [{"price": "0.001", "size": "3014.99"}, {"price": "0.002", "size": "14.66"}, {"price": "0.01", "size": "100"}, {"price": "0.011", "size": "5.77"}, {"price": "0.03", "size": "66"}, {"price": "0.031", "size": "25"}, {"price": "0.032", "size": "12.37"}, {"price": "0.035", "size": "5.08"}, {"price": "0.036", "size": "5.47"}, {"price": "0.99", "size": "969.53"}, {"price": "0.993", "size": "174.41"}], "asks": [{"price": "0.999", "size": "14.99"}, {"price": "0.998", "size": "110.45"}, {"price": "0.997", "size": "73.37"}], "event_type": "book", "last_trade_price": "0.006"}, {"market": "0xd16746c6acba3a9e848889956c0445c687a81ddf8e20f4ec9eeec85a9d913895", "asset_id": "13098413062339074296821519941383425391124072498458911348437951295927635869380", "timestamp": "1769383644699", "hash": "b282a2161180691f1bfae23440466887444e7c38", "bids": [{"price": "0.001", "size": "14.99"}, {"price": "0.002", "size": "110.45"}, {"price": "0.003", "size": "73.37"}], "asks": [{"price": "0.999", "size": "3014.99"}, {"price": "0.998", "size": "14.66"}, {"price": "0.99", "size": "100"}, {"price": "0.989", "size": "5.77"}, {"price": "0.97", "size": "66"}, {"price": "0.969", "size": "25"}, {"price": "0.968", "size": "12.37"}, {"price": "0.965", "size": "5.08"}, {"price": "0.964", "size": "5.47"}, {"price": "0.01", "size": "969.53"}, {"price": "0.007", "size": "174.41"}], "event_type": "book", "last_trade_price": "0.006"}, {"market": "0x06f7cb5e91d39d5cbdbfe7178d3012e8642190a03614e7ca46afcec347a914fc", "asset_id": "18858230443902809526979157430632665590797672429912418995495491478376269194302", "timestamp": "1769383298004", "hash": "0fc44ab4286a7fd545ad47d2444b5ead79b53a3a", "bids": [], "asks": [{"price": "0.999", "size": "3014.99"}, {"price": "0.998", "size": "55.42"}, {"price": "0.99", "size": "100"}, {"price": "0.983", "size": "13.88"}, {"price": "0.95", "size": "40"}, {"price": "0.949", "size": "50"}, {"price": "0.948", "size": "11.48"}, {"price": "0.903", "size": "5.33"}, {"price": "0.902", "size": "5.41"}, {"price": "0.901", "size": "5.47"}, {"price": "0.03", "size": "900.66"}], "event_type": "book", "last_trade_price": "0.001"}]}
