{"_local_timestamp": "2026-01-25T23:41:19.658347+00:00", "data": [{"market": "0xdbe51bbd40ca77053fd794ac247cd2d07a150921accdd624f9f345fbc63db48b", "asset_id": "87345926905556212316847105466061439969543894768822947485860245095466364170902", "timestamp": "1769384465941", "hash": "064426cd6b8c34da647a5143f31cff4a4f76ee5a", "bids": [{"price": "0.01", "size": "200"}, {"price": "0.34", "size": "224"}], "asks": [{"price": "0.99", "size": "100"}, {"price": "0.96", "size": "25"}, {"price": "0.95", "size": "5.47"}, {"price": "0.83", "size": "235"}], "event_type": "book", "last_trade_price": "0.260"}, {"market": "0x780c042865b2018eeb8ddcdec110c6839c6f27a8062b37dded79501920250afe", "asset_id": "79287164977737814011242460177248792416483317253936439908020481835936787513608", "timestamp": "1769384467333", "hash": "5e146fcc91346234aafcf8571d00e5870d5215c9", "bids": [{"price": "0.01", "size": "100"}, {"price": "0.02", "size": "33.33"}, {"price": "0.03", "size": "38.47"}, {"price": "0.26", "size": "208"}], "asks": [{"price": "0.99", "size": "200"}, {"price": "0.75", "size": "237"}], "event_type": "book", "last_trade_price": "0.200"}, {"market": "0x780c042865b2018eeb8ddcdec110c6839c6f27a8062b37dded79501920250afe", "asset_id": "96548263188568861225971459083251184634804319351377359745128053937517313229246", "timestamp": "1769384467333", "hash": "73f9c4a191d4686e8c3d003928aa1467f404a0a1", "bids": [{"price": "0.01", "size": "200"}, {"price": "0.25", "size": "237"}], "asks": [{"price": "0.99", "size": "100"}, {"price": "0.98", "size": "33.33"}, {"price": "0.97", "size": "38.47"}, {"price": "0.74", "size": "208"}], "event_type": "book", "last_trade_price": "0.200"}, {"market": "0x1feaf4097b273ee90aea00fdc5afa9ec6e14b518caf2ddbc421851bef1bdc168", "asset_id": "22033330904498269999207988435951609926608006932357150385292796096528006231715", "timestamp": "1769384473380", "hash": "23bf90ccc93acb0243b2709f27a1754d921172fc", "bids": [{"price": "0.01", "size": "200"}, {"price": "0.21", "size": "50"}, {"price": "0.44", "size": "222"}], "asks": [{"price": "0.99", "size": "191.9"}, {"price": "0.98", "size": "20.21"}, {"price": "0.97", "size": "25.54"}, {"price": "0.6", "size": "98"}], "event_type": "book", "last_trade_price": "0.420"}, {"market": "0xdbe51bbd40ca77053fd794ac247cd2d07a150921accdd624f9f345fbc63db48b", "asset_id": "36448007855605050896824786938032039502111327633212361142790079215548046414522", "timestamp": "1769384465941", "hash": "3bc58b0dc805ee2517e5a0ecfd49c5a4d7eb2192", "bids": [{"price": "0.01", "size": "100"}, {"price": "0.04", "size": "25"}, {"price": "0.05", "size": "5.47"}, {"price": "0.17", "size": "235"}], "asks": [{"price": "0.99", "size": "200"}, {"price": "0.66", "size": "224"}], "event_type": "book", "last_trade_price": "0.260"}, {"market": "0x1feaf4097b273ee90aea00fdc5afa9ec6e14b518caf2ddbc421851bef1bdc168", "asset_id": "18882795016423351779855047017846676160725151167446687947380948164302842014020", "timestamp": "1769384473380", "hash": "cee120db385024a684b2e100f3e63665006da000", "bids": [{"price": "0.01", "size": "191.9"}, {"price": "0.02", "size": "20.21"}, {"price": "0.03", "size": "25.54"}, {"price": "0.4", "size": "98"}], "asks": [{"price": "0.99", "size": "200"}, {"price": "0.79", "size": "50"}, {"price": "0.56", "size": "222"}], "event_type": "book", "last_trade_price": "0.420"}]}
{"_local_timestamp": "2026-01-25T23:42:16.818386+00:00", "data": {"market": "0x780c042865b2018eeb8ddcdec110c6839c6f27a8062b37dded79501920250afe", "price_changes": [{"asset_id": "79287164977737814011242460177248792416483317253936439908020481835936787513608", "price": "0.02", "size": "0", "side": "BUY", "hash": "f9009b90ddfd95dd191e83ba09f8267bf0aaf606", "best_bid": "0.26", "best_ask": "0.75"}, {"asset_id": "96548263188568861225971459083251184634804319351377359745128053937517313229246", "price": "0.98", "size": "0", "side": "SELL", "hash": "7e32e144ed75743b7bfb03b8c278564455641b0b", "best_bid": "0.25", "best_ask": "0.74"}], "timestamp": "1769384536743", "event_type": "price_change"}}
{"_local_timestamp": "2026-01-25T23:42:20.273136+00:00", "data": {"market": "0x780c042865b2018eeb8ddcdec110c6839c6f27a8062b37dded79501920250afe", "price_changes": [{"asset_id": "79287164977737814011242460177248792416483317253936439908020481835936787513608", "price": "0.04", "size": "13.41", "side": "BUY", "hash": "59c14fe00018c0f5a4337dcc25444fc9969d3c1a", "best_bid": "0.26", "best_ask": "0.75"}, {"asset_id": "96548263188568861225971459083251184634804319351377359745128053937517313229246", "price": "0.96", "size": "13.41", "side": "SELL", "hash": "ab41628b494779eb2f7109cda4fb57be6e264a55", "best_bid": "0.25", "best_ask": "0.74"}], "timestamp": "1769384540200", "event_type": "price_change"}}
{"_local_timestamp": "2026-01-25T23:42:20.273897+00:00", "data": {"market": "0x780c042865b2018eeb8ddcdec110c6839c6f27a8062b37dded79501920250afe", "price_changes": [{"asset_id": "79287164977737814011242460177248792416483317253936439908020481835936787513608", "price": "0.01", "size": "113.01", "side": "BUY", "hash": "da1aa0b03bf3b6113227e87c37f26477a180c6a4", "best_bid": "0.26", "best_ask": "0.75"}, {"asset_id": "96548263188568861225971459083251184634804319351377359745128053937517313229246", "price": "0.99", "size": "113.01", "side": "SELL", "hash": "b0f99a95138fe6943dc3ae2e436eaabf8f76e912", "best_bid": "0.25", "best_ask": "0.74"}], "timestamp": "1769384540203", "event_type": "price_change"}}
{"_local_timestamp": "2026-01-25T23:42:22.612299+00:00", "data": {"market": "0x1feaf4097b273ee90aea00fdc5afa9ec6e14b518caf2ddbc421851bef1bdc168", "price_changes": [{"asset_id": "22033330904498269999207988435951609926608006932357150385292796096528006231715", "price": "0.21", "size": "0", "side": "BUY", "hash": "42f7a0fc80aa2fe3fce1bae5b4ed7db1ce34b559", "best_bid": "0.44", "best_ask": "0.6"}, {"asset_id": "18882795016423351779855047017846676160725151167446687947380948164302842014020", "price": "0.79", "size": "0", "side": "SELL", "hash": "68e4dd9def925f4e8ddf4f58896d9990b4643913", "best_bid": "0.4", "best_ask": "0.56"}], "timestamp": "1769384542534", "event_type": "price_change"}}
{"_local_timestamp": "2026-01-25T23:42:22.638499+00:00", "data": {"market": "0x1feaf4097b273ee90aea00fdc5afa9ec6e14b518caf2ddbc421851bef1bdc168", "price_changes": [{"asset_id": "22033330904498269999207988435951609926608006932357150385292796096528006231715", "price": "0.2", "size": "234", "side": "BUY", "hash": "12d186d435b275e626c8a7bd0242cdf73ccef795", "best_bid": "0.44", "best_ask": "0.6"}, {"asset_id": "18882795016423351779855047017846676160725151167446687947380948164302842014020", "price": "0.8", "size": "234", "side": "SELL", "hash": "50fbd299586eae3d31776baefc2e7cfb545dcbf5", "best_bid": "0.4", "best_ask": "0.56"}], "timestamp": "1769384542562", "event_type": "price_change"}}
{"_local_timestamp": "2026-01-25T23:42:24.425404+00:00", "data": {"market": "0x780c042865b2018eeb8ddcdec110c6839c6f27a8062b37dded79501920250afe", "price_changes": [{"asset_id": "79287164977737814011242460177248792416483317253936439908020481835936787513608", "price": "0.03", "size": "33", "side": "BUY", "hash": "76619b889a8277140f2c9b65fac68af5056b4e32", "best_bid": "0.26", "best_ask": "0.75"}, {"asset_id": "96548263188568861225971459083251184634804319351377359745128053937517313229246", "price": "0.97", "size": "33", "side": "SELL", "hash": "5d99a34598842a1ef204b9665f4607d03f236660", "best_bid": "0.25", "best_ask": "0.74"}], "timestamp": "1769384544344", "event_type": "price_change"}}
{"_local_timestamp": "2026-01-25T23:42:24.462637+00:00", "data": {"market": "0x780c042865b2018eeb8ddcdec110c6839c6f27a8062b37dded79501920250afe", "price_changes": [{"asset_id": "79287164977737814011242460177248792416483317253936439908020481835936787513608", "price": "0.05", "size": "5.47", "side": "BUY", "hash": "e2abf0ed95308c686355e07a9771f7e0b823e54d", "best_bid": "0.26", "best_ask": "0.75"}, {"asset_id": "96548263188568861225971459083251184634804319351377359745128053937517313229246", "price": "0.95", "size": "5.47", "side": "SELL", "hash": "1f8ae9eb7c2c3b4e04293c8e7f4e0c7c288f08f8", "best_bid": "0.25", "best_ask": "0.74"}], "timestamp": "1769384544393", "event_type": "price_change"}}
{"_local_timestamp": "2026-01-25T23:42:26.331474+00:00", "data": {"market": "0x780c042865b2018eeb8ddcdec110c6839c6f27a8062b37dded79501920250afe", "price_changes": [{"asset_id": "96548263188568861225971459083251184634804319351377359745128053937517313229246", "price": "0.01", "size": "211.61", "side": "BUY", "hash": "1cdafc77c0053e179b700c9214afe8c01b119b48", "best_bid": "0.25", "best_ask": "0.74"}, {"asset_id": "79287164977737814011242460177248792416483317253936439908020481835936787513608", "price": "0.99", "size": "211.61", "side": "SELL", "hash": "d41b02f45257fe5cec8b5aeb23ba51f1a8b2cf6c", "best_bid": "0.26", "best_ask": "0.75"}], "timestamp": "1769384546255", "event_type": "price_change"}}
{"_local_timestamp": "2026-01-25T23:42:26.349016+00:00", "data": {"market": "0x780c042865b2018eeb8ddcdec110c6839c6f27a8062b37dded79501920250afe", "price_changes": [{"asset_id": "96548263188568861225971459083251184634804319351377359745128053937517313229246", "price": "0.02", "size": "94.19", "side": "BUY", "hash": "7064c77b03c1214b5b340c62b74fc999dd301334", "best_bid": "0.25", "best_ask": "0.74"}, {"asset_id": "79287164977737814011242460177248792416483317253936439908020481835936787513608", "price": "0.98", "size": "94.19", "side": "SELL", "hash": "a57f7e3d0f876edcaab2fe6ec24080c0e7277005", "best_bid": "0.26", "best_ask": "0.75"}], "timestamp": "1769384546278", "event_type": "price_change"}}
{"_local_timestamp": "2026-01-25T23:42:34.775149+00:00", "data": {"market": "0x1feaf4097b273ee90aea00fdc5afa9ec6e14b518caf2ddbc421851bef1bdc168", "price_changes": [{"asset_id": "22033330904498269999207988435951609926608006932357150385292796096528006231715", "price": "0.2", "size": "0", "side": "BUY", "hash": "ce6d08aa916379968e03fba73f564063e028ae6c", "best_bid": "0.44", "best_ask": "0.6"}, {"asset_id": "18882795016423351779855047017846676160725151167446687947380948164302842014020", "price": "0.8", "size": "0", "side": "SELL", "hash": "ba2164238c13b4a389f551b2c0481925a2d35888", "best_bid": "0.4", "best_ask": "0.56"}], "timestamp": "1769384554702", "event_type": "price_change"}}
{"_local_timestamp": "2026-01-25T23:42:34.802467+00:00", "data": {"market": "0x1feaf4097b273ee90aea00fdc5afa9ec6e14b518caf2ddbc421851bef1bdc168", "price_changes": [{"asset_id": "22033330904498269999207988435951609926608006932357150385292796096528006231715", "price": "0.21", "size": "55", "side": "BUY", "hash": "ae5efe5d8cb45db36727e18dfe8c4fb7ccfab8c0", "best_bid": "0.44", "best_ask": "0.6"}, {"asset_id": "18882795016423351779855047017846676160725151167446687947380948164302842014020", "price": "0.79", "size": "55", "side": "SELL", "hash": "4b86fff6d8acdf381b8443911d34b6138ce59ce6", "best_bid": "0.4", "best_ask": "0.56"}], "timestamp": "1769384554732", "event_type": "price_change"}}
{"_local_timestamp": "2026-01-25T23:42:37.786195+00:00", "data": {"market": "0x1feaf4097b273ee90aea00fdc5afa9ec6e14b518caf2ddbc421851bef1bdc168", "price_changes": [{"asset_id": "22033330904498269999207988435951609926608006932357150385292796096528006231715", "price": "0.21", "size": "0", "side": "BUY", "hash": "78affc6d0b25023f877cb7b9b8daf46aabeebb6f", "best_bid": "0.44", "best_ask": "0.6"}, {"asset_id": "18882795016423351779855047017846676160725151167446687947380948164302842014020", "price": "0.79", "size": "0", "side": "SELL", "hash": "715d3b858dae4f2dfa9cdd70a278a0849c5ffb20", "best_bid": "0.4", "best_ask": "0.56"}], "timestamp": "1769384557711", "event_type": "price_change"}}
{"_local_timestamp": "2026-01-25T23:42:37.808518+00:00", "data": {"market": "0x1feaf4097b273ee90aea00fdc5afa9ec6e14b518caf2ddbc421851bef1bdc168", "price_changes": [{"asset_id": "22033330904498269999207988435951609926608006932357150385292796096528006231715", "price": "0.2", "size": "216", "side": "BUY", "hash": "5f5492750dfd50b285e8f3e7ec6d5d6843dc3553", "best_bid": "0.44", "best_ask": "0.6"}, {"asset_id": "18882795016423351779855047017846676160725151167446687947380948164302842014020", "price": "0.8", "size": "216", "side": "SELL", "hash": "e1d794ff6219605dffe4a359ddd2db25c1ff49df", "best_bid": "0.4", "best_ask": "0.56"}], "timestamp": "1769384557739", "event_type": "price_change"}}
{"_local_timestamp": "2026-01-25T23:43:06.367592+00:00", "data": {"market": "0x1feaf4097b273ee90aea00fdc5afa9ec6e14b518caf2ddbc421851bef1bdc168", "price_changes": [{"asset_id": "22033330904498269999207988435951609926608006932357150385292796096528006231715", "price": "0.2", "size": "0", "side": "BUY", "hash": "c99f08cccdd476f2fae1387f947f2553bb2b6f31", "best_bid": "0.44", "best_ask": "0.6"}, {"asset_id": "18882795016423351779855047017846676160725151167446687947380948164302842014020", "price": "0.8", "size": "0", "side": "SELL", "hash": "7074e0b3894cc01777b4f866be5867420f271627", "best_bid": "0.4", "best_ask": "0.56"}], "timestamp": "1769384586171", "event_type": "price_change"}}
{"_local_timestamp": "2026-01-25T23:43:06.398904+00:00", "data": {"market": "0x1feaf4097b273ee90aea00fdc5afa9ec6e14b518caf2ddbc421851bef1bdc168", "price_changes": [{"asset_id": "22033330904498269999207988435951609926608006932357150385292796096528006231715", "price": "0.21", "size": "55", "side": "BUY", "hash": "6b9807ba3c942aa1e50f8fc941fc2d54f1301304", "best_bid": "0.44", "best_ask": "0.6"}, {"asset_id": "18882795016423351779855047017846676160725151167446687947380948164302842014020", "price": "0.79", "size": "55", "side": "SELL", "hash": "66133bdd2fd251acfc0080f2cad44de12930850c", "best_bid": "0.4", "best_ask": "0.56"}], "timestamp": "1769384586200", "event_type": "price_change"}}
{"_local_timestamp": "2026-01-25T23:43:06.436524+00:00", "data": {"market": "0x1feaf4097b273ee90aea00fdc5afa9ec6e14b518caf2ddbc421851bef1bdc168", "price_changes": [{"asset_id": "22033330904498269999207988435951609926608006932357150385292796096528006231715", "price": "0.21", "size": "0", "side": "BUY", "hash": "a5aa9c997ce280e571855d18cef9f3df88459022", "best_bid": "0.44", "best_ask": "0.6"}, {"asset_id": "18882795016423351779855047017846676160725151167446687947380948164302842014020", "price": "0.79", "size": "0", "side": "SELL", "hash": "d2d129c2b4290eb6b1b70ed59b9dced5619e8d1d", "best_bid": "0.4", "best_ask": "0.56"}], "timestamp": "1769384586225", "event_type": "price_change"}}
{"_local_timestamp": "2026-01-25T23:43:06.806817+00:00", "data": {"market": "0x1feaf4097b273ee90aea00fdc5afa9ec6e14b518caf2ddbc421851bef1bdc168", "price_changes": [{"asset_id": "22033330904498269999207988435951609926608006932357150385292796096528006231715", "price": "0.2", "size": "188", "side": "BUY", "hash": "d127a096a3371447964cc708e3b356f133672522", "best_bid": "0.44", "best_ask": "0.6"}, {"asset_id": "18882795016423351779855047017846676160725151167446687947380948164302842014020", "price": "0.8", "size": "188", "side": "SELL", "hash": "7e055b399fce9c7773eb9d6e54529c399a2fa136", "best_bid": "0.4", "best_ask": "0.56"}], "timestamp": "1769384586623", "event_type": "price_change"}}
{"_local_timestamp": "2026-01-25T23:43:07.401115+00:00", "data": {"market": "0x1feaf4097b273ee90aea00fdc5afa9ec6e14b518caf2ddbc421851bef1bdc168", "price_changes": [{"asset_id": "22033330904498269999207988435951609926608006932357150385292796096528006231715", "price": "0.2", "size": "0", "side": "BUY", "hash": "1474ec7888e238866206ca05beb0505af4e0c938", "best_bid": "0.44", "best_ask": "0.6"}, {"asset_id": "18882795016423351779855047017846676160725151167446687947380948164302842014020", "price": "0.8", "size": "0", "side": "SELL", "hash": "1d56f6e1a46679e897959e7fb1c86d87a66a3c3c", "best_bid": "0.4", "best_ask": "0.56"}], "timestamp": "1769384587263", "event_type": "price_change"}}
{"_local_timestamp": "2026-01-25T23:43:07.416877+00:00", "data": {"market": "0xdbe51bbd40ca77053fd794ac247cd2d07a150921accdd624f9f345fbc63db48b", "price_changes": [{"asset_id": "36448007855605050896824786938032039502111327633212361142790079215548046414522", "price": "0.17", "size": "0", "side": "BUY", "hash": "78c626a1aa80e80b23a06c858b3665db65dc858c", "best_bid": "0.05", "best_ask": "0.66"}, {"asset_id": "87345926905556212316847105466061439969543894768822947485860245095466364170902", "price": "0.83", "size": "0", "side": "SELL", "hash": "09858222b1937fca1866cd49cf87463891a67c5a", "best_bid": "0.34", "best_ask": "0.95"}], "timestamp": "1769384587277", "event_type": "price_change"}}
{"_local_timestamp": "2026-01-25T23:43:07.417731+00:00", "data": {"market": "0x780c042865b2018eeb8ddcdec110c6839c6f27a8062b37dded79501920250afe", "price_changes": [{"asset_id": "79287164977737814011242460177248792416483317253936439908020481835936787513608", "price": "0.26", "size": "0", "side": "BUY", "hash": "1f81f8c4487a8e4f11e9328d1caa7fc7e5fc6929", "best_bid": "0.05", "best_ask": "0.75"}, {"asset_id": "96548263188568861225971459083251184634804319351377359745128053937517313229246", "price": "0.74", "size": "0", "side": "SELL", "hash": "aa7a2cdc12916200cd4555aa84855129cce2f46c", "best_bid": "0.25", "best_ask": "0.95"}], "timestamp": "1769384587278", "event_type": "price_change"}}
{"_local_timestamp": "2026-01-25T23:43:07.418358+00:00", "data": {"market": "0xdbe51bbd40ca77053fd794ac247cd2d07a150921accdd624f9f345fbc63db48b", "price_changes": [{"asset_id": "87345926905556212316847105466061439969543894768822947485860245095466364170902", "price": "0.34", "size": "0", "side": "BUY", "hash": "53f834f66d90d093863a4e48a5e6e4bde14b52f1", "best_bid": "0.01", "best_ask": "0.95"}, {"asset_id": "36448007855605050896824786938032039502111327633212361142790079215548046414522", "price": "0.66", "size": "0", "side": "SELL", "hash": "d8c7552012dba90fda54fec82f622c9189445506", "best_bid": "0.05", "best_ask": "0.99"}], "timestamp": "1769384587278", "event_type": "price_change"}}
{"_local_timestamp": "2026-01-25T23:43:07.420669+00:00", "data": {"market": "0x1feaf4097b273ee90aea00fdc5afa9ec6e14b518caf2ddbc421851bef1bdc168", "price_changes": [{"asset_id": "18882795016423351779855047017846676160725151167446687947380948164302842014020", "price": "0.4", "size": "0", "side": "BUY", "hash": "35c976627ab764f14720d66f569d05420119868d", "best_bid": "0.03", "best_ask": "0.56"}, {"asset_id": "22033330904498269999207988435951609926608006932357150385292796096528006231715", "price": "0.6", "size": "0", "side": "SELL", "hash": "4c8c25914948c2a17452abe08dc84c9995886a66", "best_bid": "0.44", "best_ask": "0.97"}], "timestamp": "1769384587280", "event_type": "price_change"}}
{"_local_timestamp": "2026-01-25T23:43:07.421429+00:00", "data": {"market": "0x780c042865b2018eeb8ddcdec110c6839c6f27a8062b37dded79501920250afe", "price_changes": [{"asset_id": "96548263188568861225971459083251184634804319351377359745128053937517313229246", "price": "0.25", "size": "0", "side": "BUY", "hash": "e598874d505b123e1290d4e1a0e1e1548f91e018", "best_bid": "0.02", "best_ask": "0.95"}, {"asset_id": "79287164977737814011242460177248792416483317253936439908020481835936787513608", "price": "0.75", "size": "0", "side": "SELL", "hash": "0bf16b7656451b4f42298d2eb3089df5cf9551bf", "best_bid": "0.05", "best_ask": "0.98"}], "timestamp": "1769384587280", "event_type": "price_change"}}
{"_local_timestamp": "2026-01-25T23:43:10.789891+00:00", "data": {"market": "0x1feaf4097b273ee90aea00fdc5afa9ec6e14b518caf2ddbc421851bef1bdc168", "price_changes": [{"asset_id": "18882795016423351779855047017846676160725151167446687947380948164302842014020", "price": "0.04", "size": "5.47", "side": "BUY", "hash": "8937c883c926df4ae42458bcbd730f73e248492e", "best_bid": "0.04", "best_ask": "0.56"}, {"asset_id": "22033330904498269999207988435951609926608006932357150385292796096528006231715", "price": "0.96", "size": "5.47", "side": "SELL", "hash": "eb8d3f2ff06e775c93cb0f6b0f58dbf8f20b29ae", "best_bid": "0.44", "best_ask": "0.96"}], "timestamp": "1769384590721", "event_type": "price_change"}}
{"_local_timestamp": "2026-01-25T23:43:11.295042+00:00", "data": {"market": "0x780c042865b2018eeb8ddcdec110c6839c6f27a8062b37dded79501920250afe", "price_changes": [{"asset_id": "96548263188568861225971459083251184634804319351377359745128053937517313229246", "price": "0.01", "size": "200", "side": "BUY", "hash": "c4b0703fe92d719154554e57d9ed884539350195", "best_bid": "0.01", "best_ask": "0.95"}, {"asset_id": "79287164977737814011242460177248792416483317253936439908020481835936787513608", "price": "0.99", "size": "200", "side": "SELL", "hash": "d971f2e632430cf4560d39c3a83f55d68f8687e5", "best_bid": "0.05", "best_ask": "0.99"}], "timestamp": "1769384591226", "event_type": "price_change"}}
{"_local_timestamp": "2026-01-25T23:43:11.295854+00:00", "data": {"market": "0x780c042865b2018eeb8ddcdec110c6839c6f27a8062b37dded79501920250afe", "price_changes": [{"asset_id": "96548263188568861225971459083251184634804319351377359745128053937517313229246", "price": "0.02", "size": "0", "side": "BUY", "hash": "c4b0703fe92d719154554e57d9ed884539350195", "best_bid": "0.01", "best_ask": "0.95"}, {"asset_id": "79287164977737814011242460177248792416483317253936439908020481835936787513608", "price": "0.98", "size": "0", "side": "SELL", "hash": "d971f2e632430cf4560d39c3a83f55d68f8687e5", "best_bid": "0.05", "best_ask": "0.99"}], "timestamp": "1769384591226", "event_type": "price_change"}}
{"_local_timestamp": "2026-01-25T23:44:24.523292+00:00", "data": {"market": "0x1feaf4097b273ee90aea00fdc5afa9ec6e14b518caf2ddbc421851bef1bdc168", "price_changes": [{"asset_id": "22033330904498269999207988435951609926608006932357150385292796096528006231715", "price": "0.2", "size": "212", "side": "BUY", "hash": "7ec46178f18473b78f26c3cb19ca31854a5e26a2", "best_bid": "0.44", "best_ask": "0.96"}, {"asset_id": "18882795016423351779855047017846676160725151167446687947380948164302842014020", "price": "0.8", "size": "212", "side": "SELL", "hash": "0fc53a04d742cfccea72738fb1321e04cfa28961", "best_bid": "0.04", "best_ask": "0.56"}], "timestamp": "1769384664449", "event_type": "price_change"}}
{"_local_timestamp": "2026-01-25T23:44:24.820370+00:00", "data": {"market": "0xdbe51bbd40ca77053fd794ac247cd2d07a150921accdd624f9f345fbc63db48b", "price_changes": [{"asset_id": "36448007855605050896824786938032039502111327633212361142790079215548046414522", "price": "0.17", "size": "209", "side": "BUY", "hash": "1f2873ebc49c7eaba9e064fdd1afc576be744391", "best_bid": "0.17", "best_ask": "0.99"}, {"asset_id": "87345926905556212316847105466061439969543894768822947485860245095466364170902", "price": "0.83", "size": "209", "side": "SELL", "hash": "2d963c8c792e064747221bf6cf60a949c2c2c3d8", "best_bid": "0.01", "best_ask": "0.83"}], "timestamp": "1769384664745", "event_type": "price_change"}}
{"_local_timestamp": "2026-01-25T23:44:25.579704+00:00", "data": {"market": "0x1feaf4097b273ee90aea00fdc5afa9ec6e14b518caf2ddbc421851bef1bdc168", "price_changes": [{"asset_id": "22033330904498269999207988435951609926608006932357150385292796096528006231715", "price": "0.2", "size": "0", "side": "BUY", "hash": "8ba9e57946cd9f90f85699d97545f64801810c55", "best_bid": "0.44", "best_ask": "0.96"}, {"asset_id": "18882795016423351779855047017846676160725151167446687947380948164302842014020", "price": "0.8", "size": "0", "side": "SELL", "hash": "2090ad7ece77858a1d5c7dfe7b70f4618dc89cfd", "best_bid": "0.04", "best_ask": "0.56"}], "timestamp": "1769384665511", "event_type": "price_change"}}
{"_local_timestamp": "2026-01-25T23:44:25.690771+00:00", "data": {"market": "0x1feaf4097b273ee90aea00fdc5afa9ec6e14b518caf2ddbc421851bef1bdc168", "price_changes": [{"asset_id": "22033330904498269999207988435951609926608006932357150385292796096528006231715", "price": "0.19", "size": "203", "side": "BUY", "hash": "8d8b1a31199790a5c95c350530e24baeb6735f7e", "best_bid": "0.44", "best_ask": "0.96"}, {"asset_id": "18882795016423351779855047017846676160725151167446687947380948164302842014020", "price": "0.81", "size": "203", "side": "SELL", "hash": "e19b30661018fa92d74170c2d41c6928d2cad257", "best_bid": "0.04", "best_ask": "0.56"}], "timestamp": "1769384665624", "event_type": "price_change"}}
{"_local_timestamp": "2026-01-25T23:44:26.670279+00:00", "data": {"market": "0x1feaf4097b273ee90aea00fdc5afa9ec6e14b518caf2ddbc421851bef1bdc168", "price_changes": [{"asset_id": "22033330904498269999207988435951609926608006932357150385292796096528006231715", "price": "0.19", "size": "0", "side": "BUY", "hash": "aad3443ecc47764a7163811ddcba225b5dcfac8c", "best_bid": "0.44", "best_ask": "0.96"}, {"asset_id": "18882795016423351779855047017846676160725151167446687947380948164302842014020", "price": "0.81", "size": "0", "side": "SELL", "hash": "2232812fe926f194a2131f3551f391c0f02aab01", "best_bid": "0.04", "best_ask": "0.56"}], "timestamp": "1769384666599", "event_type": "price_change"}}
