{"_local_timestamp": "2026-01-25T23:34:13.871277+00:00", "data": [{"market": "0xdc4cd73c42c2e6f8a8b75adce66981cb905154a158a1d573813fa6a92e74ae38", "asset_id": "113451899695882228233670133799890932443940375751284675648521629607240820525431", "timestamp": "1769383732109", "hash": "a5d3ed1eeb5a24e4c011656e87dd2fae4b44c19c", "bids": [{"price": "0.01", "size": "545.33"}, {"price": "0.02", "size": "425"}, {"price": "0.03", "size": "7.01"}, {"price": "0.04", "size": "1375"}, {"price": "0.05", "size": "675"}, {"price": "0.06", "size": "8.51"}, {"price": "0.08", "size": "300"}, {"price": "0.15", "size": "7.5"}, {"price": "0.16", "size": "158"}, {"price": "0.17", "size": "79"}, {"price": "0.64", "size": "100"}], "asks": [{"price": "0.99", "size": "730"}, {"price": "0.98", "size": "650"}, {"price": "0.97", "size": "966"}, {"price": "0.96", "size": "74"}, {"price": "0.95", "size": "48"}, {"price": "0.94", "size": "30.09"}, {"price": "0.74", "size": "100"}], "event_type": "book", "last_trade_price": ""}, {"market": "0x18401368418dfb4422cd254336135131511541181761adaff3467f5fda9d8bb9", "asset_id": "11489814364057830638639832156433253739433176316188397291794279249310089157152", "timestamp": "1769383818880", "hash": "4ace3aae2a271684ef499021a13ca407ac7020bd", "bids": [{"price": "0.01", "size": "730"}, {"price": "0.02", "size": "650"}, {"price": "0.03", "size": "966"}, {"price": "0.04", "size": "74"}, {"price": "0.05", "size": "50"}, {"price": "0.06", "size": "32.61"}, {"price": "0.24", "size": "100"}], "asks": [{"price": "0.99", "size": "537.55"}, {"price": "0.98", "size": "435.82"}, {"price": "0.96", "size": "1050"}, {"price": "0.95", "size": "930.09"}, {"price": "0.94", "size": "75"}, {"price": "0.91", "size": "455.06"}, {"price": "0.82", "size": "5.54"}, {"price": "0.34", "size": "100"}], "event_type": "book", "last_trade_price": ""}, {"market": "0x5d73fd7915589d1ce19fbec28831e30f286d94f781653df66e82d36c9a80912d", "asset_id": "88021188293813303779279692412636068014181210190293250125933595961895137363767", "timestamp": "1769383301380", "hash": "6e0a78ecbbdb7c9b7be718d8bf96bd6fc64989e0", "bids": [{"price": "0.01", "size": "545.9"}, {"price": "0.02", "size": "425"}, {"price": "0.03", "size": "7.27"}, {"price": "0.04", "size": "1375"}, {"price": "0.05", "size": "675"}, {"price": "0.06", "size": "5.25"}, {"price": "0.13", "size": "240"}, {"price": "0.14", "size": "9.34"}, {"price": "0.56", "size": "100"}], "asks": [{"price": "0.99", "size": "744.69"}, {"price": "0.98", "size": "663.64"}, {"price": "0.97", "size": "966"}, {"price": "0.96", "size": "80.17"}, {"price": "0.95", "size": "48"}, {"price": "0.94", "size": "6.09"}, {"price": "0.87", "size": "237"}, {"price": "0.66", "size": "100"}], "event_type": "book", "last_trade_price": ""}, {"market": "0xdc4cd73c42c2e6f8a8b75adce66981cb905154a158a1d573813fa6a92e74ae38", "asset_id": "9931363503921977669236559205202600519870652241725747679230925418640584436230", "timestamp": "1769383732109", "hash": "021cb17718e0bb774b97587a3208ad1bb39797b0", "bids": [{"price": "0.01", "size": "730"}, {"price": "0.02", "size": "650"}, {"price": "0.03", "size": "966"}, {"price": "0.04", "size": "74"}, {"price": "0.05", "size": "48"}, {"price": "0.06", "size": "30.09"}, {"price": "0.26", "size": "100"}], "asks": [{"price": "0.99", "size": "545.33"}, {"price": "0.98", "size": "425"}, {"price": "0.97", "size": "7.01"}, {"price": "0.96", "size": "1375"}, {"price": "0.95", "size": "675"}, {"price": "0.94", "size": "8.51"}, {"price": "0.92", "size": "300"}, {"price": "0.85", "size": "7.5"}, {"price": "0.84", "size": "158"}, {"price": "0.83", "size": "79"}, {"price": "0.36", "size": "100"}], "event_type": "book", "last_trade_price": ""}, {"market": "0x5d73fd7915589d1ce19fbec28831e30f286d94f781653df66e82d36c9a80912d", "asset_id": "87550143321089732343934202480959464270860737288087896536326762962605254987123", "timestamp": "1769383301380", "hash": "8fd07910061649c9857476d6aad3ba96159038c6", "bids": [{"price": "0.01", "size": "744.69"}, {"price": "0.02", "size": "663.64"}, {"price": "0.03", "size": "966"}, {"price": "0.04", "size": "80.17"}, {"price": "0.05", "size": "48"}, {"price": "0.06", "size": "6.09"}, {"price": "0.13", "size": "237"}, {"price": "0.34", "size": "100"}], "asks": [{"price": "0.99", "size": "545.9"}, {"price": "0.98", "size": "425"}, {"price": "0.97", "size": "7.27"}, {"price": "0.96", "size": "1375"}, {"price": "0.95", "size": "675"}, {"price": "0.94", "size": "5.25"}, {"price": "0.87", "size": "240"}, {"price": "0.86", "size": "9.34"}, {"price": "0.44", "size": "100"}], "event_type": "book", "last_trade_price": ""}, {"market": "0x18401368418dfb4422cd254336135131511541181761adaff3467f5fda9d8bb9", "asset_id": "29781851897567229567483570627884591466487687692265242161624901547008382439437", "timestamp": "1769383818880", "hash": "6a4fccb73f252fc260024258fd0231523cd9f0d7", "bids": [{"price": "0.01", "size": "537.55"}, {"price": "0.02", "size": "435.82"}, {"price": "0.04", "size": "1050"}, {"price": "0.05", "size": "930.09"}, {"price": "0.06", "size": "75"}, {"price": "0.09", "size": "455.06"}, {"price": "0.18", "size": "5.54"}, {"price": "0.66", "size": "100"}], "asks": [{"price": "0.99", "size": "730"}, {"price": "0.98", "size": "650"}, {"price": "0.97", "size": "966"}, {"price": "0.96", "size": "74"}, {"price": "0.95", "size": "50"}, {"price": "0.94", "size": "32.61"}, {"price": "0.76", "size": "100"}], "event_type": "book", "last_trade_price": ""}]}
{"_local_timestamp": "2026-01-25T23:35:40.115404+00:00", "data": {"market": "0x18401368418dfb4422cd254336135131511541181761adaff3467f5fda9d8bb9", "price_changes": [{"asset_id": "29781851897567229567483570627884591466487687692265242161624901547008382439437", "price": "0.09", "size": "450", "side": "BUY", "hash": "22a267ecdf4fdbb6c5e672cdf8d5d9e82a34f39b", "best_bid": "0.66", "best_ask": "0.76"}, {"asset_id": "11489814364057830638639832156433253739433176316188397291794279249310089157152", "price": "0.91", "size": "450", "side": "SELL", "hash": "9fce29cb6d14e65e0c1090cab54d256f51a66db2", "best_bid": "0.24", "best_ask": "0.34"}], "timestamp": "1769384140048", "event_type": "price_change"}}
{"_local_timestamp": "2026-01-25T23:35:40.116617+00:00", "data": {"market": "0x18401368418dfb4422cd254336135131511541181761adaff3467f5fda9d8bb9", "price_changes": [{"asset_id": "29781851897567229567483570627884591466487687692265242161624901547008382439437", "price": "0.18", "size": "0", "side": "BUY", "hash": "22a267ecdf4fdbb6c5e672cdf8d5d9e82a34f39b", "best_bid": "0.66", "best_ask": "0.76"}, {"asset_id": "11489814364057830638639832156433253739433176316188397291794279249310089157152", "price": "0.82", "size": "0", "side": "SELL", "hash": "9fce29cb6d14e65e0c1090cab54d256f51a66db2", "best_bid": "0.24", "best_ask": "0.34"}], "timestamp": "1769384140048", "event_type": "price_change"}}
{"_local_timestamp": "2026-01-25T23:35:42.287384+00:00", "data": {"market": "0x18401368418dfb4422cd254336135131511541181761adaff3467f5fda9d8bb9", "price_changes": [{"asset_id": "29781851897567229567483570627884591466487687692265242161624901547008382439437", "price": "0.03", "size": "13.65", "side": "BUY", "hash": "abcca947d5d13afea5f61e85221d2ee1136d6219", "best_bid": "0.66", "best_ask": "0.76"}, {"asset_id": "11489814364057830638639832156433253739433176316188397291794279249310089157152", "price": "0.97", "size": "13.65", "side": "SELL", "hash": "9d1872a8034e7aac3c6f908ee97b74f169efa0b8", "best_bid": "0.24", "best_ask": "0.34"}], "timestamp": "1769384142221", "event_type": "price_change"}}
{"_local_timestamp": "2026-01-25T23:35:42.287815+00:00", "data": {"market": "0x18401368418dfb4422cd254336135131511541181761adaff3467f5fda9d8bb9", "price_changes": [{"asset_id": "29781851897567229567483570627884591466487687692265242161624901547008382439437", "price": "0.01", "size": "549.03", "side": "BUY", "hash": "0cef35e15832cca5946a1451c2edd31fcb04b443", "best_bid": "0.66", "best_ask": "0.76"}, {"asset_id": "11489814364057830638639832156433253739433176316188397291794279249310089157152", "price": "0.99", "size": "549.03", "side": "SELL", "hash": "98a910a4a9a3d86e4011b5cdd7c86def0fa5dab7", "best_bid": "0.24", "best_ask": "0.34"}], "timestamp": "1769384142223", "event_type": "price_change"}}
{"_local_timestamp": "2026-01-25T23:35:42.292650+00:00", "data": {"market": "0x18401368418dfb4422cd254336135131511541181761adaff3467f5fda9d8bb9", "price_changes": [{"asset_id": "29781851897567229567483570627884591466487687692265242161624901547008382439437", "price": "0.07", "size": "13.27", "side": "BUY", "hash": "98150595c3d1cd9bba9543de5d415e48cbfbe7b4", "best_bid": "0.66", "best_ask": "0.76"}, {"asset_id": "11489814364057830638639832156433253739433176316188397291794279249310089157152", "price": "0.93", "size": "13.27", "side": "SELL", "hash": "9914c9967ee46581f3c51491a42a5c3d7159a197", "best_bid": "0.24", "best_ask": "0.34"}], "timestamp": "1769384142225", "event_type": "price_change"}}
{"_local_timestamp": "2026-01-25T23:36:14.860415+00:00", "data": {"market": "0x5d73fd7915589d1ce19fbec28831e30f286d94f781653df66e82d36c9a80912d", "price_changes": [{"asset_id": "88021188293813303779279692412636068014181210190293250125933595961895137363767", "price": "0.14", "size": "0", "side": "BUY", "hash": "cb1dfcdc5cd9272bfee3f7d1bc205337db4b6ccc", "best_bid": "0.56", "best_ask": "0.66"}, {"asset_id": "87550143321089732343934202480959464270860737288087896536326762962605254987123", "price": "0.86", "size": "0", "side": "SELL", "hash": "3c6cc6d85ab8936de7b90ded858db25e2c61160c", "best_bid": "0.34", "best_ask": "0.44"}], "timestamp": "1769384174781", "event_type": "price_change"}}
{"_local_timestamp": "2026-01-25T23:36:14.861382+00:00", "data": {"market": "0xdc4cd73c42c2e6f8a8b75adce66981cb905154a158a1d573813fa6a92e74ae38", "price_changes": [{"asset_id": "113451899695882228233670133799890932443940375751284675648521629607240820525431", "price": "0.01", "size": "537.53", "side": "BUY", "hash": "13d680ee5695ef70f40e39ffcf0f40c31f1c0543", "best_bid": "0.64", "best_ask": "0.74"}, {"asset_id": "9931363503921977669236559205202600519870652241725747679230925418640584436230", "price": "0.99", "size": "537.53", "side": "SELL", "hash": "af3ce2b78293677696c3d92dc8aeced2fe0e7381", "best_bid": "0.26", "best_ask": "0.36"}], "timestamp": "1769384174781", "event_type": "price_change"}}
{"_local_timestamp": "2026-01-25T23:36:14.861748+00:00", "data": {"market": "0xdc4cd73c42c2e6f8a8b75adce66981cb905154a158a1d573813fa6a92e74ae38", "price_changes": [{"asset_id": "113451899695882228233670133799890932443940375751284675648521629607240820525431", "price": "0.03", "size": "0", "side": "BUY", "hash": "13d680ee5695ef70f40e39ffcf0f40c31f1c0543", "best_bid": "0.64", "best_ask": "0.74"}, {"asset_id": "9931363503921977669236559205202600519870652241725747679230925418640584436230", "price": "0.97", "size": "0", "side": "SELL", "hash": "af3ce2b78293677696c3d92dc8aeced2fe0e7381", "best_bid": "0.26", "best_ask": "0.36"}], "timestamp": "1769384174781", "event_type": "price_change"}}
{"_local_timestamp": "2026-01-25T23:36:14.862052+00:00", "data": {"market": "0xdc4cd73c42c2e6f8a8b75adce66981cb905154a158a1d573813fa6a92e74ae38", "price_changes": [{"asset_id": "113451899695882228233670133799890932443940375751284675648521629607240820525431", "price": "0.06", "size": "0", "side": "BUY", "hash": "13d680ee5695ef70f40e39ffcf0f40c31f1c0543", "best_bid": "0.64", "best_ask": "0.74"}, {"asset_id": "9931363503921977669236559205202600519870652241725747679230925418640584436230", "price": "0.94", "size": "0", "side": "SELL", "hash": "af3ce2b78293677696c3d92dc8aeced2fe0e7381", "best_bid": "0.26", "best_ask": "0.36"}], "timestamp": "1769384174781", "event_type": "price_change"}}
{"_local_timestamp": "2026-01-25T23:36:14.862344+00:00", "data": {"market": "0xdc4cd73c42c2e6f8a8b75adce66981cb905154a158a1d573813fa6a92e74ae38", "price_changes": [{"asset_id": "113451899695882228233670133799890932443940375751284675648521629607240820525431", "price": "0.15", "size": "0", "side": "BUY", "hash": "13d680ee5695ef70f40e39ffcf0f40c31f1c0543", "best_bid": "0.64", "best_ask": "0.74"}, {"asset_id": "9931363503921977669236559205202600519870652241725747679230925418640584436230", "price": "0.85", "size": "0", "side": "SELL", "hash": "af3ce2b78293677696c3d92dc8aeced2fe0e7381", "best_bid": "0.26", "best_ask": "0.36"}], "timestamp": "1769384174781", "event_type": "price_change"}}
{"_local_timestamp": "2026-01-25T23:36:16.320433+00:00", "data": {"market": "0xdc4cd73c42c2e6f8a8b75adce66981cb905154a158a1d573813fa6a92e74ae38", "price_changes": [{"asset_id": "113451899695882228233670133799890932443940375751284675648521629607240820525431", "price": "0.05", "size": "680.13", "side": "BUY", "hash": "dae5da594be473b2dea44de5378c7452d36a9312", "best_bid": "0.64", "best_ask": "0.74"}, {"asset_id": "9931363503921977669236559205202600519870652241725747679230925418640584436230", "price": "0.95", "size": "680.13", "side": "SELL", "hash": "95c0ee64c98f06459a63844b5dba6c4af5a0ec48", "best_bid": "0.26", "best_ask": "0.36"}], "timestamp": "1769384176225", "event_type": "price_change"}}
{"_local_timestamp": "2026-01-25T23:36:16.321055+00:00", "data": {"market": "0x5d73fd7915589d1ce19fbec28831e30f286d94f781653df66e82d36c9a80912d", "price_changes": [{"asset_id": "88021188293813303779279692412636068014181210190293250125933595961895137363767", "price": "0.14", "size": "9.34", "side": "BUY", "hash": "2e46d28845585c6015625a233638070233f14271", "best_bid": "0.56", "best_ask": "0.66"}, {"asset_id": "87550143321089732343934202480959464270860737288087896536326762962605254987123", "price": "0.86", "size": "9.34", "side": "SELL", "hash": "0ed9c5d8455c896c520bc50d11040ce39409582d", "best_bid": "0.34", "best_ask": "0.44"}], "timestamp": "1769384176225", "event_type": "price_change"}}
{"_local_timestamp": "2026-01-25T23:36:16.321536+00:00", "data": {"market": "0xdc4cd73c42c2e6f8a8b75adce66981cb905154a158a1d573813fa6a92e74ae38", "price_changes": [{"asset_id": "113451899695882228233670133799890932443940375751284675648521629607240820525431", "price": "0.02", "size": "435.91", "side": "BUY", "hash": "573310cb7efa0d44ba0df1884d0fb43327b6c176", "best_bid": "0.64", "best_ask": "0.74"}, {"asset_id": "9931363503921977669236559205202600519870652241725747679230925418640584436230", "price": "0.98", "size": "435.91", "side": "SELL", "hash": "2fe90f9d48a4d848d2dc71c07b2c45eabe88a875", "best_bid": "0.26", "best_ask": "0.36"}], "timestamp": "1769384176226", "event_type": "price_change"}}
{"_local_timestamp": "2026-01-25T23:36:16.321901+00:00", "data": {"market": "0xdc4cd73c42c2e6f8a8b75adce66981cb905154a158a1d573813fa6a92e74ae38", "price_changes": [{"asset_id": "113451899695882228233670133799890932443940375751284675648521629607240820525431", "price": "0.18", "size": "5.5", "side": "BUY", "hash": "fd5b31c99e3c5cd86c522430e1157a32d928d3cd", "best_bid": "0.64", "best_ask": "0.74"}, {"asset_id": "9931363503921977669236559205202600519870652241725747679230925418640584436230", "price": "0.82", "size": "5.5", "side": "SELL", "hash": "4888d900da6f92664fcd35575f4b78904e66e241", "best_bid": "0.26", "best_ask": "0.36"}], "timestamp": "1769384176228", "event_type": "price_change"}}
{"_local_timestamp": "2026-01-25T23:36:16.322228+00:00", "data": {"market": "0xdc4cd73c42c2e6f8a8b75adce66981cb905154a158a1d573813fa6a92e74ae38", "price_changes": [{"asset_id": "113451899695882228233670133799890932443940375751284675648521629607240820525431", "price": "0.09", "size": "5.1", "side": "BUY", "hash": "912e39eaaae4cb84f30f5b05cce08f56485c59d1", "best_bid": "0.64", "best_ask": "0.74"}, {"asset_id": "9931363503921977669236559205202600519870652241725747679230925418640584436230", "price": "0.91", "size": "5.1", "side": "SELL", "hash": "655d6f141fd2406d2872d7ab8428018c09f54c4c", "best_bid": "0.26", "best_ask": "0.36"}], "timestamp": "1769384176229", "event_type": "price_change"}}
