{"_local_timestamp": "2026-01-25T23:41:19.619047+00:00", "data": [{"market": "0x0d73b6e981b60075f1459c1475b628e53e0d51f7a7de326263fcb85c2b5c8cb2", "asset_id": "98816058472408767771272272696479738320761007972014696419899197686749096189748", "timestamp": "1769384296112", "hash": "cf36ae253b4d482173f1c8311215732c57e7168f", "bids": [{"price": "0.01", "size": "1150.73"}, {"price": "0.02", "size": "700"}, {"price": "0.03", "size": "22.92"}, {"price": "0.05", "size": "20"}, {"price": "0.06", "size": "91.66"}, {"price": "0.07", "size": "15.78"}, {"price": "0.13", "size": "300"}, {"price": "0.14", "size": "200"}, {"price": "0.15", "size": "86.66"}, {"price": "0.16", "size": "125"}, {"price": "0.17", "size": "75"}, {"price": "0.18", "size": "37"}, {"price": "0.31", "size": "10"}, {"price": "0.32", "size": "150"}], "asks": [{"price": "0.99", "size": "330"}, {"price": "0.95", "size": "50"}, {"price": "0.94", "size": "38.47"}, {"price": "0.92", "size": "300"}, {"price": "0.91", "size": "200"}, {"price": "0.9", "size": "200"}, {"price": "0.89", "size": "118.18"}, {"price": "0.88", "size": "91.66"}, {"price": "0.86", "size": "65"}, {"price": "0.81", "size": "10"}, {"price": "0.8", "size": "150"}], "event_type": "book", "last_trade_price": ""}, {"market": "0x0d73b6e981b60075f1459c1475b628e53e0d51f7a7de326263fcb85c2b5c8cb2", "asset_id": "59957445730557552566489380083793836556229071381517887794243729243691536463764", "timestamp": "1769384296112", "hash": "4faad71f9bd28c4b70a75899b9287809202bd446", "bids": [{"price": "0.01", "size": "330"}, {"price": "0.05", "size": "50"}, {"price": "0.06", "size": "38.47"}, {"price": "0.08", "size": "300"}, {"price": "0.09", "size": "200"}, {"price": "0.1", "size": "200"}, {"price": "0.11", "size": "118.18"}, {"price": "0.12", "size": "91.66"}, {"price": "0.14", "size": "65"}, {"price": "0.19", "size": "10"}, {"price": "0.2", "size": "150"}], "asks": [{"price": "0.99", "size": "1150.73"}, {"price": "0.98", "size": "700"}, {"price": "0.97", "size": "22.92"}, {"price": "0.95", "size": "20"}, {"price": "0.94", "size": "91.66"}, {"price": "0.93", "size": "15.78"}, {"price": "0.87", "size": "300"}, {"price": "0.86", "size": "200"}, {"price": "0.85", "size": "86.66"}, {"price": "0.84", "size": "125"}, {"price": "0.83", "size": "75"}, {"price": "0.82", "size": "37"}, {"price": "0.69", "size": "10"}, {"price": "0.68", "size": "150"}], "event_type": "book", "last_trade_price": ""}, {"market": "0x1f838f50115520c71aca6f24e4aa49a906c7229fcd9e1b8b04a253dd08e4efd8", "asset_id": "468596958720650392176134883639427591330805558175385260802440452431038002607", "timestamp": "1769384296112", "hash": "a71e4b46e307ed8bf5c625c066e17e224eb7becd", "bids": [{"price": "0.01", "size": "1130"}, {"price": "0.05", "size": "50"}, {"price": "0.06", "size": "38.47"}, {"price": "0.08", "size": "68.75"}, {"price": "0.11", "size": "300"}, {"price": "0.12", "size": "200"}, {"price": "0.13", "size": "225"}, {"price": "0.14", "size": "75"}, {"price": "0.15", "size": "37"}, {"price": "0.16", "size": "150"}], "asks": [{"price": "0.99", "size": "190.82"}, {"price": "0.98", "size": "705.72"}, {"price": "0.97", "size": "12.5"}, {"price": "0.93", "size": "185.71"}, {"price": "0.92", "size": "74.79"}, {"price": "0.91", "size": "300"}, {"price": "0.9", "size": "200"}, {"price": "0.89", "size": "225"}, {"price": "0.88", "size": "75"}, {"price": "0.87", "size": "37"}, {"price": "0.86", "size": "6.56"}, {"price": "0.72", "size": "10"}, {"price": "0.71", "size": "150"}], "event_type": "book", "last_trade_price": ""}, {"market": "0xc92e7ee1fbe3625d22ce1e114a755fcaeae5ed35e8bcd052886aad8056209bf7", "asset_id": "36908812529227789883293522636183464312695494298680642062958468554182614888588", "timestamp": "1769383323543", "hash": "599f2c65be7e98def647f419cdbd33bbb0fa63ea", "bids": [{"price": "0.01", "size": "349.4"}, {"price": "0.02", "size": "700"}, {"price": "0.03", "size": "14.28"}, {"price": "0.05", "size": "70"}, {"price": "0.07", "size": "185.71"}, {"price": "0.08", "size": "6.2"}, {"price": "0.12", "size": "300"}, {"price": "0.13", "size": "84.61"}, {"price": "0.14", "size": "200"}, {"price": "0.15", "size": "225"}, {"price": "0.16", "size": "80.5"}, {"price": "0.17", "size": "37"}, {"price": "0.34", "size": "10"}, {"price": "0.35", "size": "150"}], "asks": [{"price": "0.99", "size": "280"}, {"price": "0.95", "size": "50"}, {"price": "0.94", "size": "333"}, {"price": "0.93", "size": "205.47"}, {"price": "0.92", "size": "125"}, {"price": "0.91", "size": "75"}, {"price": "0.9", "size": "130"}, {"price": "0.89", "size": "100"}, {"price": "0.88", "size": "62"}, {"price": "0.84", "size": "10"}, {"price": "0.82", "size": "5.55"}, {"price": "0.81", "size": "150"}], "event_type": "book", "last_trade_price": ""}, {"market": "0xc92e7ee1fbe3625d22ce1e114a755fcaeae5ed35e8bcd052886aad8056209bf7", "asset_id": "54463700944470882384826467289144706290541038311710484567720736255472902174122", "timestamp": "1769383323543", "hash": "b9711b71eb35546ed91f760f1e3d879609fe24e1", "bids": [{"price": "0.01", "size": "280"}, {"price": "0.05", "size": "50"}, {"price": "0.06", "size": "333"}, {"price": "0.07", "size": "205.47"}, {"price": "0.08", "size": "125"}, {"price": "0.09", "size": "75"}, {"price": "0.1", "size": "130"}, {"price": "0.11", "size": "100"}, {"price": "0.12", "size": "62"}, {"price": "0.16", "size": "10"}, {"price": "0.18", "size": "5.55"}, {"price": "0.19", "size": "150"}], "asks": [{"price": "0.99", "size": "349.4"}, {"price": "0.98", "size": "700"}, {"price": "0.97", "size": "14.28"}, {"price": "0.95", "size": "70"}, {"price": "0.93", "size": "185.71"}, {"price": "0.92", "size": "6.2"}, {"price": "0.88", "size": "300"}, {"price": "0.87", "size": "84.61"}, {"price": "0.86", "size": "200"}, {"price": "0.85", "size": "225"}, {"price": "0.84", "size": "80.5"}, {"price": "0.83", "size": "37"}, {"price": "0.66", "size": "10"}, {"price": "0.65", "size": "150"}], "event_type": "book", "last_trade_price": ""}, {"market": "0x1f838f50115520c71aca6f24e4aa49a906c7229fcd9e1b8b04a253dd08e4efd8", "asset_id": "93766937663904047358984647783889027374455533556265967450500518810574184127900", "timestamp": "1769384296112", "hash": "f11916d80d5b7d06ff785add808ffd5c773c9bd9", "bids": [{"price": "0.01", "size": "190.82"}, {"price": "0.02", "size": "705.72"}, {"price": "0.03", "size": "12.5"}, {"price": "0.07", "size": "185.71"}, {"price": "0.08", "size": "74.79"}, {"price": "0.09", "size": "300"}, {"price": "0.1", "size": "200"}, {"price": "0.11", "size": "225"}, {"price": "0.12", "size": "75"}, {"price": "0.13", "size": "37"}, {"price": "0.14", "size": "6.56"}, {"price": "0.28", "size": "10"}, {"price": "0.29", "size": "150"}], "asks": [{"price": "0.99", "size": "1130"}, {"price": "0.95", "size": "50"}, {"price": "0.94", "size": "38.47"}, {"price": "0.92", "size": "68.75"}, {"price": "0.89", "size": "300"}, {"price": "0.88", "size": "200"}, {"price": "0.87", "size": "225"}, {"price": "0.86", "size": "75"}, {"price": "0.85", "size": "37"}, {"price": "0.84", "size": "150"}], "event_type": "book", "last_trade_price": ""}]}
{"_local_timestamp": "2026-01-25T23:42:13.129333+00:00", "data": {"market": "0x1f838f50115520c71aca6f24e4aa49a906c7229fcd9e1b8b04a253dd08e4efd8", "price_changes": [{"asset_id": "93766937663904047358984647783889027374455533556265967450500518810574184127900", "price": "0.29", "size": "169", "side": "BUY", "hash": "57cbab730afca5eeac8c4cbb39d273d764a5ccbd", "best_bid": "0.29", "best_ask": "0.84"}, {"asset_id": "468596958720650392176134883639427591330805558175385260802440452431038002607", "price": "0.71", "size": "169", "side": "SELL", "hash": "80b89cf3411a7da302927c7e294864f2949bc713", "best_bid": "0.16", "best_ask": "0.71"}], "timestamp": "1769384533052", "event_type": "price_change"}}
{"_local_timestamp": "2026-01-25T23:42:13.130259+00:00", "data": {"market": "0x0d73b6e981b60075f1459c1475b628e53e0d51f7a7de326263fcb85c2b5c8cb2", "price_changes": [{"asset_id": "98816058472408767771272272696479738320761007972014696419899197686749096189748", "price": "0.33", "size": "158", "side": "BUY", "hash": "f9836d1e06d8e446b9cc12a225ad2c822451d28c", "best_bid": "0.33", "best_ask": "0.8"}, {"asset_id": "59957445730557552566489380083793836556229071381517887794243729243691536463764", "price": "0.67", "size": "158", "side": "SELL", "hash": "d707c9ccc418179b27bf05c0ce65526dbb312b76", "best_bid": "0.2", "best_ask": "0.67"}], "timestamp": "1769384533052", "event_type": "price_change"}}
{"_local_timestamp": "2026-01-25T23:42:13.130622+00:00", "data": {"market": "0x1f838f50115520c71aca6f24e4aa49a906c7229fcd9e1b8b04a253dd08e4efd8", "price_changes": [{"asset_id": "93766937663904047358984647783889027374455533556265967450500518810574184127900", "price": "0.3", "size": "316.66", "side": "BUY", "hash": "d91e04cf5a81d88e34e9dd5c2e2974fb81b0c66f", "best_bid": "0.3", "best_ask": "0.84"}, {"asset_id": "468596958720650392176134883639427591330805558175385260802440452431038002607", "price": "0.7", "size": "316.66", "side": "SELL", "hash": "d7feeb342aaefcf604dcdd57cdda663bb1ad40c8", "best_bid": "0.16", "best_ask": "0.7"}], "timestamp": "1769384533053", "event_type": "price_change"}}
{"_local_timestamp": "2026-01-25T23:42:14.301914+00:00", "data": {"market": "0x0d73b6e981b60075f1459c1475b628e53e0d51f7a7de326263fcb85c2b5c8cb2", "price_changes": [{"asset_id": "98816058472408767771272272696479738320761007972014696419899197686749096189748", "price": "0.32", "size": "0", "side": "BUY", "hash": "4a489d7eff32e32b15cc0e6d62cf8cb6c8f62434", "best_bid": "0.33", "best_ask": "0.8"}, {"asset_id": "59957445730557552566489380083793836556229071381517887794243729243691536463764", "price": "0.68", "size": "0", "side": "SELL", "hash": "d08553c3f0ded991eb8c96f8aa0a986218d983db", "best_bid": "0.2", "best_ask": "0.67"}], "timestamp": "1769384534223", "event_type": "price_change"}}
{"_local_timestamp": "2026-01-25T23:42:14.302414+00:00", "data": {"market": "0x1f838f50115520c71aca6f24e4aa49a906c7229fcd9e1b8b04a253dd08e4efd8", "price_changes": [{"asset_id": "93766937663904047358984647783889027374455533556265967450500518810574184127900", "price": "0.29", "size": "19", "side": "BUY", "hash": "a9e58fc8d11095420a10d76056b944f11c66f950", "best_bid": "0.3", "best_ask": "0.84"}, {"asset_id": "468596958720650392176134883639427591330805558175385260802440452431038002607", "price": "0.71", "size": "19", "side": "SELL", "hash": "8f63104a0fbb03e420b50cb5e05d853fa96664dc", "best_bid": "0.16", "best_ask": "0.7"}], "timestamp": "1769384534223", "event_type": "price_change"}}
{"_local_timestamp": "2026-01-25T23:42:14.820308+00:00", "data": {"market": "0x1f838f50115520c71aca6f24e4aa49a906c7229fcd9e1b8b04a253dd08e4efd8", "price_changes": [{"asset_id": "93766937663904047358984647783889027374455533556265967450500518810574184127900", "price": "0.31", "size": "150", "side": "BUY", "hash": "f6240ade79aec570e96596ead1e81683f98ab759", "best_bid": "0.31", "best_ask": "0.84"}, {"asset_id": "468596958720650392176134883639427591330805558175385260802440452431038002607", "price": "0.69", "size": "150", "side": "SELL", "hash": "b57521b1976e62f37a2add451a5a91bc01a0fcb5", "best_bid": "0.16", "best_ask": "0.69"}], "timestamp": "1769384534745", "event_type": "price_change"}}
{"_local_timestamp": "2026-01-25T23:42:14.820944+00:00", "data": {"market": "0x0d73b6e981b60075f1459c1475b628e53e0d51f7a7de326263fcb85c2b5c8cb2", "price_changes": [{"asset_id": "98816058472408767771272272696479738320761007972014696419899197686749096189748", "price": "0.34", "size": "150", "side": "BUY", "hash": "6b1e183450cdfd8a631f00439c2359a3fae1e175", "best_bid": "0.34", "best_ask": "0.8"}, {"asset_id": "59957445730557552566489380083793836556229071381517887794243729243691536463764", "price": "0.66", "size": "150", "side": "SELL", "hash": "68bf75d4b70e604c9dff50dbc70822c02ebeace3", "best_bid": "0.2", "best_ask": "0.66"}], "timestamp": "1769384534745", "event_type": "price_change"}}
