{"_local_timestamp": "2026-01-25T23:34:13.928685+00:00", "data": [{"market": "0xfe3181408634d0f7bb3300588577be2c4183fb950fb1044a55be8f0a4453acd1", "asset_id": "85246728208212075948501522443116555199267645375132799290661347389304748465580", "timestamp": "1769383121398", "hash": "8c5e04065c3d78149f6e2646c7e81cd3cf853959", "bids": [{"price": "0.01", "size": "614.69"}, {"price": "0.02", "size": "813.64"}, {"price": "0.03", "size": "266"}, {"price": "0.04", "size": "239.17"}, {"price": "0.05", "size": "46"}, {"price": "0.06", "size": "5.47"}], "asks": [{"price": "0.99", "size": "224.73"}, {"price": "0.98", "size": "159.71"}, {"price": "0.97", "size": "662.35"}, {"price": "0.96", "size": "512"}, {"price": "0.95", "size": "278.42"}, {"price": "0.94", "size": "33"}, {"price": "0.93", "size": "10.81"}, {"price": "0.92", "size": "84"}, {"price": "0.9", "size": "39"}, {"price": "0.86", "size": "10"}], "event_type": "book", "last_trade_price": ""}, {"market": "0xb45e5a993ee58567a928cf8641d7d49a3b2d73f4e0c3a70e4107b69346aca25d", "asset_id": "12724411715652980934666217500897547331302302340960976277254532811246979263854", "timestamp": "1769382502744", "hash": "16a519aa7e7c2a46f60da41bd74f1ea79fe3289a", "bids": [{"price": "0.01", "size": "614.69"}, {"price": "0.02", "size": "813.64"}, {"price": "0.03", "size": "266"}, {"price": "0.04", "size": "239.17"}, {"price": "0.05", "size": "46"}, {"price": "0.06", "size": "5.47"}], "asks": [{"price": "0.99", "size": "617.85"}, {"price": "0.98", "size": "158.61"}, {"price": "0.97", "size": "40.25"}, {"price": "0.96", "size": "637"}, {"price": "0.95", "size": "155.23"}, {"price": "0.94", "size": "33"}, {"price": "0.93", "size": "89.14"}, {"price": "0.9", "size": "39"}, {"price": "0.87", "size": "10"}], "event_type": "book", "last_trade_price": ""}, {"market": "0xfe3181408634d0f7bb3300588577be2c4183fb950fb1044a55be8f0a4453acd1", "asset_id": "34600186518873021912215924692650489702698292534581474175500623297244065706034", "timestamp": "1769383121398", "hash": "3791d8d53ab00772430cee5dd6c1ace7dcca687a", "bids": [{"price": "0.01", "size": "224.73"}, {"price": "0.02", "size": "159.71"}, {"price": "0.03", "size": "662.35"}, {"price": "0.04", "size": "512"}, {"price": "0.05", "size": "278.42"}, {"price": "0.06", "size": "33"}, {"price": "0.07", "size": "10.81"}, {"price": "0.08", "size": "84"}, {"price": "0.1", "size": "39"}, {"price": "0.14", "size": "10"}], "asks": [{"price": "0.99", "size": "614.69"}, {"price": "0.98", "size": "813.64"}, {"price": "0.97", "size": "266"}, {"price": "0.96", "size": "239.17"}, {"price": "0.95", "size": "46"}, {"price": "0.94", "size": "5.47"}], "event_type": "book", "last_trade_price": ""}, {"market": "0xc454dda762b1b58a3e1d67886ee6ca2a5bab0691c5f61eb7454c6499957a4dbf", "asset_id": "102404920112542020433467551347968185815758933513188812237914618264190456821046", "timestamp": "1769382483670", "hash": "11b23523c728c980f3db8576223aabed8596117c", "bids": [{"price": "0.01", "size": "614.69"}, {"price": "0.02", "size": "1013.64"}, {"price": "0.03", "size": "66"}, {"price": "0.04", "size": "114.17"}, {"price": "0.06", "size": "54.27"}], "asks": [{"price": "0.99", "size": "420.55"}, {"price": "0.98", "size": "435.42"}, {"price": "0.97", "size": "39.7"}, {"price": "0.96", "size": "519.95"}, {"price": "0.95", "size": "270"}, {"price": "0.94", "size": "40.27"}, {"price": "0.92", "size": "167"}, {"price": "0.91", "size": "7.01"}, {"price": "0.87", "size": "10"}], "event_type": "book", "last_trade_price": ""}, {"market": "0xb45e5a993ee58567a928cf8641d7d49a3b2d73f4e0c3a70e4107b69346aca25d", "asset_id": "104446186178147061771023723293699976927795690882808848873655086149571240330042", "timestamp": "1769382502744", "hash": "7c40c306d1121218de681b40d6cd6138babc819f", "bids": [{"price": "0.01", "size": "617.85"}, {"price": "0.02", "size": "158.61"}, {"price": "0.03", "size": "40.25"}, {"price": "0.04", "size": "637"}, {"price": "0.05", "size": "155.23"}, {"price": "0.06", "size": "33"}, {"price": "0.07", "size": "89.14"}, {"price": "0.1", "size": "39"}, {"price": "0.13", "size": "10"}], "asks": [{"price": "0.99", "size": "614.69"}, {"price": "0.98", "size": "813.64"}, {"price": "0.97", "size": "266"}, {"price": "0.96", "size": "239.17"}, {"price": "0.95", "size": "46"}, {"price": "0.94", "size": "5.47"}], "event_type": "book", "last_trade_price": ""}, {"market": "0xc454dda762b1b58a3e1d67886ee6ca2a5bab0691c5f61eb7454c6499957a4dbf", "asset_id": "98981984567764567668492033818859931361012809896119109243422901693788861698679", "timestamp": "1769382483670", "hash": "d0facc7370304a335a5fb7ba17340c24a2aefc21", "bids": [{"price": "0.01", "size": "420.55"}, {"price": "0.02", "size": "435.42"}, {"price": "0.03", "size": "39.7"}, {"price": "0.04", "size": "519.95"}, {"price": "0.05", "size": "270"}, {"price": "0.06", "size": "40.27"}, {"price": "0.08", "size": "167"}, {"price": "0.09", "size": "7.01"}, {"price": "0.13", "size": "10"}], "asks": [{"price": "0.99", "size": "614.69"}, {"price": "0.98", "size": "1013.64"}, {"price": "0.97", "size": "66"}, {"price": "0.96", "size": "114.17"}, {"price": "0.94", "size": "54.27"}], "event_type": "book", "last_trade_price": ""}]}
{"_local_timestamp": "2026-01-25T23:34:29.112876+00:00", "data": {"market": "0xc454dda762b1b58a3e1d67886ee6ca2a5bab0691c5f61eb7454c6499957a4dbf", "price_changes": [{"asset_id": "98981984567764567668492033818859931361012809896119109243422901693788861698679", "price": "0.01", "size": "400", "side": "BUY", "hash": "bd267955192681d1953fb198fe4668192cd3be43", "best_bid": "0.13", "best_ask": "0.94"}, {"asset_id": "102404920112542020433467551347968185815758933513188812237914618264190456821046", "price": "0.99", "size": "400", "side": "SELL", "hash": "1f6e016a4f3799d6954092c2fc9605883450ef6f", "best_bid": "0.06", "best_ask": "0.87"}], "timestamp": "1769384068553", "event_type": "price_change"}}
{"_local_timestamp": "2026-01-25T23:34:30.161627+00:00", "data": {"market": "0xc454dda762b1b58a3e1d67886ee6ca2a5bab0691c5f61eb7454c6499957a4dbf", "price_changes": [{"asset_id": "98981984567764567668492033818859931361012809896119109243422901693788861698679", "price": "0.01", "size": "420.55", "side": "BUY", "hash": "904a939f61b25449a0b011ae14f80bde28d643aa", "best_bid": "0.13", "best_ask": "0.94"}, {"asset_id": "102404920112542020433467551347968185815758933513188812237914618264190456821046", "price": "0.99", "size": "420.55", "side": "SELL", "hash": "c810347b9a5712b6bf12ad8e220e145ce614b492", "best_bid": "0.06", "best_ask": "0.87"}], "timestamp": "1769384069818", "event_type": "price_change"}}
