{"_local_timestamp": "2026-01-25T23:34:13.551994+00:00", "data": [{"market": "0x6c34705a68482bcdb0abc218ba0288271a68d32b9e5c734185b86b9d2c94f65d", "asset_id": "47407829388467228111879037081561625354048384921537143335828632979415559593423", "timestamp": "1769382484882", "hash": "92943c2ac732e8aeb692dfa6186399a6f5ddd28b", "bids": [{"price": "0.01", "size": "614.69"}, {"price": "0.02", "size": "856.99"}, {"price": "0.03", "size": "12.66"}, {"price": "0.05", "size": "216.57"}, {"price": "0.06", "size": "47.99"}], "asks": [{"price": "0.99", "size": "214.31"}, {"price": "0.98", "size": "159.71"}, {"price": "0.97", "size": "628.09"}, {"price": "0.96", "size": "325"}, {"price": "0.95", "size": "411.32"}, {"price": "0.94", "size": "108"}, {"price": "0.93", "size": "6.2"}, {"price": "0.91", "size": "91"}, {"price": "0.9", "size": "5.69"}, {"price": "0.86", "size": "10"}], "event_type": "book", "last_trade_price": ""}, {"market": "0x52c7f9b18871682219fa7a0701bb9e65a4cd1010f26bcb66f6cab12dc4c4c5da", "asset_id": "44487775573256343444054959180098626787776884029572859345896306367305234091798", "timestamp": "1769383124704", "hash": "37d94e667c47dad071d4b33fdaeab21dc04e83ad", "bids": [{"price": "0.01", "size": "614.69"}, {"price": "0.02", "size": "938.64"}, {"price": "0.03", "size": "141"}, {"price": "0.04", "size": "6.17"}, {"price": "0.05", "size": "190.68"}, {"price": "0.06", "size": "16.47"}], "asks": [{"price": "0.99", "size": "271.28"}, {"price": "0.98", "size": "159.71"}, {"price": "0.97", "size": "628.09"}, {"price": "0.96", "size": "300"}, {"price": "0.95", "size": "431.32"}, {"price": "0.94", "size": "108"}, {"price": "0.93", "size": "6.2"}, {"price": "0.91", "size": "39"}, {"price": "0.9", "size": "39"}, {"price": "0.86", "size": "10"}], "event_type": "book", "last_trade_price": ""}, {"market": "0x5e78c36530b77a5bf12edb21879a85940fa2e132c0c25b0e2f463ea14729f5d8", "asset_id": "79333171432768239690341935479037791765299500662687130678518516501812667081713", "timestamp": "1769383140318", "hash": "e6900f2028fcfd281613f2816b1d5c6a0ca235d3", "bids": [{"price": "0.01", "size": "221.98"}, {"price": "0.02", "size": "159.71"}, {"price": "0.03", "size": "628.94"}, {"price": "0.04", "size": "300"}, {"price": "0.05", "size": "506.85"}, {"price": "0.06", "size": "33"}, {"price": "0.09", "size": "118"}, {"price": "0.1", "size": "8.75"}, {"price": "0.14", "size": "10"}], "asks": [{"price": "0.99", "size": "614.69"}, {"price": "0.98", "size": "1013.64"}, {"price": "0.97", "size": "66"}, {"price": "0.96", "size": "114.17"}, {"price": "0.94", "size": "47.99"}], "event_type": "book", "last_trade_price": ""}, {"market": "0x6c34705a68482bcdb0abc218ba0288271a68d32b9e5c734185b86b9d2c94f65d", "asset_id": "28860972696558817425255537578971697884049602476039391202547747360861074573840", "timestamp": "1769382484882", "hash": "e84dd885c7caa29bfc0a6fc24e8f55c721f0dbf9", "bids": [{"price": "0.01", "size": "214.31"}, {"price": "0.02", "size": "159.71"}, {"price": "0.03", "size": "628.09"}, {"price": "0.04", "size": "325"}, {"price": "0.05", "size": "411.32"}, {"price": "0.06", "size": "108"}, {"price": "0.07", "size": "6.2"}, {"price": "0.09", "size": "91"}, {"price": "0.1", "size": "5.69"}, {"price": "0.14", "size": "10"}], "asks": [{"price": "0.99", "size": "614.69"}, {"price": "0.98", "size": "856.99"}, {"price": "0.97", "size": "12.66"}, {"price": "0.95", "size": "216.57"}, {"price": "0.94", "size": "47.99"}], "event_type": "book", "last_trade_price": ""}, {"market": "0x5e78c36530b77a5bf12edb21879a85940fa2e132c0c25b0e2f463ea14729f5d8", "asset_id": "113491307405942463660593485668444320474409356169476978078356606467616373196135", "timestamp": "1769383140318", "hash": "19c60c4ba5d228699644e912c385386489951186", "bids": [{"price": "0.01", "size": "614.69"}, {"price": "0.02", "size": "1013.64"}, {"price": "0.03", "size": "66"}, {"price": "0.04", "size": "114.17"}, {"price": "0.06", "size": "47.99"}], "asks": [{"price": "0.99", "size": "221.98"}, {"price": "0.98", "size": "159.71"}, {"price": "0.97", "size": "628.94"}, {"price": "0.96", "size": "300"}, {"price": "0.95", "size": "506.85"}, {"price": "0.94", "size": "33"}, {"price": "0.91", "size": "118"}, {"price": "0.9", "size": "8.75"}, {"price": "0.86", "size": "10"}], "event_type": "book", "last_trade_price": ""}, {"market": "0x52c7f9b18871682219fa7a0701bb9e65a4cd1010f26bcb66f6cab12dc4c4c5da", "asset_id": "6588440948111392362019454081760768521291064466970010611768748605325414794256", "timestamp": "1769383124704", "hash": "d94345ea7e10ee0f4960b340bc7044e840226e50", "bids": [{"price": "0.01", "size": "271.28"}, {"price": "0.02", "size": "159.71"}, {"price": "0.03", "size": "628.09"}, {"price": "0.04", "size": "300"}, {"price": "0.05", "size": "431.32"}, {"price": "0.06", "size": "108"}, {"price": "0.07", "size": "6.2"}, {"price": "0.09", "size": "39"}, {"price": "0.1", "size": "39"}, {"price": "0.14", "size": "10"}], "asks": [{"price": "0.99", "size": "614.69"}, {"price": "0.98", "size": "938.64"}, {"price": "0.97", "size": "141"}, {"price": "0.96", "size": "6.17"}, {"price": "0.95", "size": "190.68"}, {"price": "0.94", "size": "16.47"}], "event_type": "book", "last_trade_price": ""}]}
{"_local_timestamp": "2026-01-25T23:34:23.697380+00:00", "data": {"market": "0x5e78c36530b77a5bf12edb21879a85940fa2e132c0c25b0e2f463ea14729f5d8", "price_changes": [{"asset_id": "79333171432768239690341935479037791765299500662687130678518516501812667081713", "price": "0.01", "size": "200", "side": "BUY", "hash": "ff914c098a33fbb944f5f7bc5dee7407be7acadd", "best_bid": "0.14", "best_ask": "0.94"}, {"asset_id": "113491307405942463660593485668444320474409356169476978078356606467616373196135", "price": "0.99", "size": "200", "side": "SELL", "hash": "28f0593a4f1f46dd2deb4d8513f3e429dbe46363", "best_bid": "0.06", "best_ask": "0.86"}], "timestamp": "1769384063620", "event_type": "price_change"}}
{"_local_timestamp": "2026-01-25T23:34:23.698314+00:00", "data": {"market": "0x5e78c36530b77a5bf12edb21879a85940fa2e132c0c25b0e2f463ea14729f5d8", "price_changes": [{"asset_id": "79333171432768239690341935479037791765299500662687130678518516501812667081713", "price": "0.1", "size": "0", "side": "BUY", "hash": "ff914c098a33fbb944f5f7bc5dee7407be7acadd", "best_bid": "0.14", "best_ask": "0.94"}, {"asset_id": "113491307405942463660593485668444320474409356169476978078356606467616373196135", "price": "0.9", "size": "0", "side": "SELL", "hash": "28f0593a4f1f46dd2deb4d8513f3e429dbe46363", "best_bid": "0.06", "best_ask": "0.86"}], "timestamp": "1769384063620", "event_type": "price_change"}}
{"_local_timestamp": "2026-01-25T23:34:25.302039+00:00", "data": {"market": "0x5e78c36530b77a5bf12edb21879a85940fa2e132c0c25b0e2f463ea14729f5d8", "price_changes": [{"asset_id": "79333171432768239690341935479037791765299500662687130678518516501812667081713", "price": "0.1", "size": "8.75", "side": "BUY", "hash": "dd8078fffd9f869fabcf5ebfc2910e4edc3cf54e", "best_bid": "0.14", "best_ask": "0.94"}, {"asset_id": "113491307405942463660593485668444320474409356169476978078356606467616373196135", "price": "0.9", "size": "8.75", "side": "SELL", "hash": "b8ee90811e24fdd1dfb716b3196fa3e6b922a234", "best_bid": "0.06", "best_ask": "0.86"}], "timestamp": "1769384065214", "event_type": "price_change"}}
{"_local_timestamp": "2026-01-25T23:34:25.302644+00:00", "data": {"market": "0x5e78c36530b77a5bf12edb21879a85940fa2e132c0c25b0e2f463ea14729f5d8", "price_changes": [{"asset_id": "79333171432768239690341935479037791765299500662687130678518516501812667081713", "price": "0.01", "size": "221.98", "side": "BUY", "hash": "f637f831c8a4fc1b21e7517bc10cad5f85acc271", "best_bid": "0.14", "best_ask": "0.94"}, {"asset_id": "113491307405942463660593485668444320474409356169476978078356606467616373196135", "price": "0.99", "size": "221.98", "side": "SELL", "hash": "2e6b6e6ec0ed1f01ec1fb735ba4e1897d873885e", "best_bid": "0.06", "best_ask": "0.86"}], "timestamp": "1769384065217", "event_type": "price_change"}}
