{"_local_timestamp": "2026-01-25T23:34:15.790391+00:00", "data": [{"market": "0xdfb59334d884acf9d7583b9c626f474c9e3e050bc31c297caa51a4ac59a83908", "asset_id": "85255322736213806730542924076258612780208441170304028948714352864053116884785", "timestamp": "1769382483675", "hash": "58a96bf3d3a0201774dfba14ee59ce19665d8f2a", "bids": [{"price": "0.01", "size": "472.14"}, {"price": "0.02", "size": "260.17"}, {"price": "0.03", "size": "19.17"}, {"price": "0.04", "size": "5.47"}], "asks": [{"price": "0.99", "size": "450"}, {"price": "0.98", "size": "12.5"}], "event_type": "book", "last_trade_price": ""}, {"market": "0xceb6b63e4649bb88f8a5505f6bdd8acb6a09b69cd6df5f2f0a8d4e1eb114822b", "asset_id": "34476625017547754290685480045613035576219426398864609752697583821333411324745", "timestamp": "1769382484885", "hash": "8c9356124162fcf65c1ec586b94fd0788d6f3e6c", "bids": [{"price": "0.01", "size": "450"}, {"price": "0.02", "size": "12.5"}], "asks": [{"price": "0.99", "size": "471.38"}, {"price": "0.98", "size": "135.17"}, {"price": "0.97", "size": "19.42"}, {"price": "0.96", "size": "5.47"}], "event_type": "book", "last_trade_price": ""}, {"market": "0x7e9016051f2b7d91e3dc8409de7eabb12f57442e8159ec7881500c3ad6e9c620", "asset_id": "44003161627891888752346148776984255619597905284564927844311528571274379089575", "timestamp": "1769382483673", "hash": "ca56625ca452dbdbfb6b013786d554541a60d433", "bids": [{"price": "0.01", "size": "471.38"}, {"price": "0.02", "size": "260.17"}, {"price": "0.03", "size": "19.42"}, {"price": "0.04", "size": "5.47"}], "asks": [{"price": "0.99", "size": "450"}, {"price": "0.98", "size": "12.5"}], "event_type": "book", "last_trade_price": ""}, {"market": "0xdfb59334d884acf9d7583b9c626f474c9e3e050bc31c297caa51a4ac59a83908", "asset_id": "113297409466435388720631342855214796603142922474886007059518761561548875645406", "timestamp": "1769382483675", "hash": "94ce65451ccf7ac9af2317446337270e40bb8193", "bids": [{"price": "0.01", "size": "450"}, {"price": "0.02", "size": "12.5"}], "asks": [{"price": "0.99", "size": "472.14"}, {"price": "0.98", "size": "260.17"}, {"price": "0.97", "size": "19.17"}, {"price": "0.96", "size": "5.47"}], "event_type": "book", "last_trade_price": ""}, {"market": "0x71f305164c82c255767039f79696284d4de0d61ecd491abf07ce978091fb0531", "asset_id": "11616134808874180092908963534371441749159274753467300268321618819028282997925", "timestamp": "1769382484881", "hash": "2fcf2f31a40a0edb2b23b3c76cd3ac74b51090b9", "bids": [{"price": "0.01", "size": "50"}], "asks": [{"price": "0.99", "size": "468.81"}, {"price": "0.98", "size": "244.17"}, {"price": "0.97", "size": "20.28"}, {"price": "0.96", "size": "5.47"}], "event_type": "book", "last_trade_price": ""}, {"market": "0xc875d86c6f605f20ee22d9b0cc4fe45eb5004633973a4b01b7f842fca3eee827", "asset_id": "63346205201063512499346256823004680106123085284771817502986264941004754221959", "timestamp": "1769382484882", "hash": "bfe8031c29fa5eb38ccb3c826210ca521bdd178e", "bids": [{"price": "0.01", "size": "721.38"}, {"price": "0.02", "size": "435.17"}, {"price": "0.03", "size": "78.58"}], "asks": [{"price": "0.99", "size": "564.79"}, {"price": "0.98", "size": "57.03"}, {"price": "0.97", "size": "12.74"}, {"price": "0.96", "size": "56"}, {"price": "0.95", "size": "70"}, {"price": "0.94", "size": "43.95"}], "event_type": "book", "last_trade_price": ""}, {"market": "0x71f305164c82c255767039f79696284d4de0d61ecd491abf07ce978091fb0531", "asset_id": "5794534766049426026045382671065139672618223893504329056762510789008968697930", "timestamp": "1769382484881", "hash": "1c6e3d4d866f30fea9556af16ab9ea2531cbd300", "bids": [{"price": "0.01", "size": "468.81"}, {"price": "0.02", "size": "244.17"}, {"price": "0.03", "size": "20.28"}, {"price": "0.04", "size": "5.47"}], "asks": [{"price": "0.99", "size": "50"}], "event_type": "book", "last_trade_price": ""}, {"market": "0x7e9016051f2b7d91e3dc8409de7eabb12f57442e8159ec7881500c3ad6e9c620", "asset_id": "90425140211225585609093571374765408121718315810758102634339994856894285183183", "timestamp": "1769382483673", "hash": "f31e0716b9a742ae4ddaad526551cc096bc46860", "bids": [{"price": "0.01", "size": "450"}, {"price": "0.02", "size": "12.5"}], "asks": [{"price": "0.99", "size": "471.38"}, {"price": "0.98", "size": "260.17"}, {"price": "0.97", "size": "19.42"}, {"price": "0.96", "size": "5.47"}], "event_type": "book", "last_trade_price": ""}, {"market": "0xceb6b63e4649bb88f8a5505f6bdd8acb6a09b69cd6df5f2f0a8d4e1eb114822b", "asset_id": "7017106507216004528579306434716643758440500440182913492789365511326852119445", "timestamp": "1769382484885", "hash": "7a3d2753eb40c61da5ae48ed9afc34817ed0ec13", "bids": [{"price": "0.01", "size": "471.38"}, {"price": "0.02", "size": "135.17"}, {"price": "0.03", "size": "19.42"}, {"price": "0.04", "size": "5.47"}], "asks": [{"price": "0.99", "size": "450"}, {"price": "0.98", "size": "12.5"}], "event_type": "book", "last_trade_price": ""}, {"market": "0xc875d86c6f605f20ee22d9b0cc4fe45eb5004633973a4b01b7f842fca3eee827", "asset_id": "70665317252159835047968682814765607814168056353010163988521744618535203337307", "timestamp": "1769382484882", "hash": "64bf9d32aa1364ac78424a5a58d31e5dc6774783", "bids": [{"price": "0.01", "size": "564.79"}, {"price": "0.02", "size": "57.03"}, {"price": "0.03", "size": "12.74"}, {"price": "0.04", "size": "56"}, {"price": "0.05", "size": "70"}, {"price": "0.06", "size": "43.95"}], "asks": [{"price": "0.99", "size": "721.38"}, {"price": "0.98", "size": "435.17"}, {"price": "0.97", "size": "78.58"}], "event_type": "book", "last_trade_price": ""}]}
