{"_local_timestamp": "2026-01-25T23:41:20.009704+00:00", "data": [{"market": "0xda6eed9d33266ae7fb5c42032928c914a938d57501b4cedb24b10cd518c6fae1", "asset_id": "8071470681223189798285523130690379774742086543352874812576849951864931710529", "timestamp": "1769382720240", "hash": "5717a487d66691f433b3fdfb6d997b492449fd63", "bids": [{"price": "0.01", "size": "614.69"}, {"price": "0.02", "size": "856.99"}, {"price": "0.03", "size": "12.66"}, {"price": "0.05", "size": "189"}, {"price": "0.06", "size": "51.07"}], "asks": [{"price": "0.99", "size": "219.29"}, {"price": "0.98", "size": "159.71"}, {"price": "0.97", "size": "628.42"}, {"price": "0.96", "size": "500"}, {"price": "0.95", "size": "306.32"}, {"price": "0.94", "size": "33"}, {"price": "0.93", "size": "6.2"}, {"price": "0.91", "size": "102"}, {"price": "0.9", "size": "5.1"}, {"price": "0.89", "size": "39"}, {"price": "0.86", "size": "10"}], "event_type": "book", "last_trade_price": ""}, {"market": "0xde10059cb713bfa49e7803dee17f75471249da4a14619015d845124a2e95b4c1", "asset_id": "1144137418736841844339046792804600057692326513196413211827808947991986332593", "timestamp": "1769384080474", "hash": "3dc73083a44b4fa858579807df38b8c8ae7c3822", "bids": [{"price": "0.01", "size": "614.69"}, {"price": "0.02", "size": "663.64"}, {"price": "0.03", "size": "200"}, {"price": "0.04", "size": "90.17"}, {"price": "0.05", "size": "40"}, {"price": "0.06", "size": "55.07"}], "asks": [{"price": "0.99", "size": "200"}, {"price": "0.98", "size": "159.71"}, {"price": "0.97", "size": "628.94"}, {"price": "0.96", "size": "300"}, {"price": "0.95", "size": "431.85"}, {"price": "0.94", "size": "108"}, {"price": "0.93", "size": "11.78"}, {"price": "0.91", "size": "158"}, {"price": "0.9", "size": "79"}, {"price": "0.86", "size": "10"}], "event_type": "book", "last_trade_price": ""}, {"market": "0xce86db03b9e15fccc051a6b40196fffc279701e737b1cc4df6d8de5680665c9c", "asset_id": "69309408983451799408107548617116866468741177606863257773177953489291100543445", "timestamp": "1769384147891", "hash": "4f68262a0bea1e03032c3bef601a376f351e2831", "bids": [{"price": "0.01", "size": "614.69"}, {"price": "0.02", "size": "663.64"}, {"price": "0.03", "size": "200"}, {"price": "0.04", "size": "80.17"}, {"price": "0.05", "size": "191"}, {"price": "0.06", "size": "51.07"}], "asks": [{"price": "0.99", "size": "224.72"}, {"price": "0.98", "size": "159.74"}, {"price": "0.97", "size": "629.35"}, {"price": "0.96", "size": "300"}, {"price": "0.95", "size": "433.41"}, {"price": "0.94", "size": "108"}, {"price": "0.93", "size": "10.8"}, {"price": "0.91", "size": "79"}, {"price": "0.9", "size": "79"}, {"price": "0.86", "size": "10"}], "event_type": "book", "last_trade_price": ""}, {"market": "0xda6eed9d33266ae7fb5c42032928c914a938d57501b4cedb24b10cd518c6fae1", "asset_id": "49753500997268952336283853596508270111220064651967863023724643084786692626374", "timestamp": "1769382720240", "hash": "7b37ac1cb47becec9d4acbbfd84fb565739b8b9b", "bids": [{"price": "0.01", "size": "219.29"}, {"price": "0.02", "size": "159.71"}, {"price": "0.03", "size": "628.42"}, {"price": "0.04", "size": "500"}, {"price": "0.05", "size": "306.32"}, {"price": "0.06", "size": "33"}, {"price": "0.07", "size": "6.2"}, {"price": "0.09", "size": "102"}, {"price": "0.1", "size": "5.1"}, {"price": "0.11", "size": "39"}, {"price": "0.14", "size": "10"}], "asks": [{"price": "0.99", "size": "614.69"}, {"price": "0.98", "size": "856.99"}, {"price": "0.97", "size": "12.66"}, {"price": "0.95", "size": "189"}, {"price": "0.94", "size": "51.07"}], "event_type": "book", "last_trade_price": ""}, {"market": "0xce86db03b9e15fccc051a6b40196fffc279701e737b1cc4df6d8de5680665c9c", "asset_id": "46046406017311749623808429529773406908877311867191692003958668244105699361392", "timestamp": "1769384147891", "hash": "3b213572e444333bb31fbee15c1b43c66ccbcc54", "bids": [{"price": "0.01", "size": "224.72"}, {"price": "0.02", "size": "159.74"}, {"price": "0.03", "size": "629.35"}, {"price": "0.04", "size": "300"}, {"price": "0.05", "size": "433.41"}, {"price": "0.06", "size": "108"}, {"price": "0.07", "size": "10.8"}, {"price": "0.09", "size": "79"}, {"price": "0.1", "size": "79"}, {"price": "0.14", "size": "10"}], "asks": [{"price": "0.99", "size": "614.69"}, {"price": "0.98", "size": "663.64"}, {"price": "0.97", "size": "200"}, {"price": "0.96", "size": "80.17"}, {"price": "0.95", "size": "191"}, {"price": "0.94", "size": "51.07"}], "event_type": "book", "last_trade_price": ""}, {"market": "0xde10059cb713bfa49e7803dee17f75471249da4a14619015d845124a2e95b4c1", "asset_id": "50142026429393601527326081549874115176013061406104292831433060263185556540118", "timestamp": "1769384080474", "hash": "e6681ee6fd7ea79c814605fe751d21048fe6b17f", "bids": [{"price": "0.01", "size": "200"}, {"price": "0.02", "size": "159.71"}, {"price": "0.03", "size": "628.94"}, {"price": "0.04", "size": "300"}, {"price": "0.05", "size": "431.85"}, {"price": "0.06", "size": "108"}, {"price": "0.07", "size": "11.78"}, {"price": "0.09", "size": "158"}, {"price": "0.1", "size": "79"}, {"price": "0.14", "size": "10"}], "asks": [{"price": "0.99", "size": "614.69"}, {"price": "0.98", "size": "663.64"}, {"price": "0.97", "size": "200"}, {"price": "0.96", "size": "90.17"}, {"price": "0.95", "size": "40"}, {"price": "0.94", "size": "55.07"}], "event_type": "book", "last_trade_price": ""}]}
{"_local_timestamp": "2026-01-25T23:42:26.177357+00:00", "data": {"market": "0xde10059cb713bfa49e7803dee17f75471249da4a14619015d845124a2e95b4c1", "price_changes": [{"asset_id": "1144137418736841844339046792804600057692326513196413211827808947991986332593", "price": "0.02", "size": "513.64", "side": "BUY", "hash": "108c2153434c22ffe0b3478da6143e7b9b3c37f4", "best_bid": "0.06", "best_ask": "0.86"}, {"asset_id": "50142026429393601527326081549874115176013061406104292831433060263185556540118", "price": "0.98", "size": "513.64", "side": "SELL", "hash": "e8edaad8338059d1a72652a9715c11bf5e4941c8", "best_bid": "0.14", "best_ask": "0.94"}], "timestamp": "1769384546011", "event_type": "price_change"}}
{"_local_timestamp": "2026-01-25T23:42:26.185387+00:00", "data": {"market": "0xde10059cb713bfa49e7803dee17f75471249da4a14619015d845124a2e95b4c1", "price_changes": [{"asset_id": "50142026429393601527326081549874115176013061406104292831433060263185556540118", "price": "0.02", "size": "9.71", "side": "BUY", "hash": "8c35b4035b26be8f7bcc74339aaa04bfe8fd046e", "best_bid": "0.14", "best_ask": "0.94"}, {"asset_id": "1144137418736841844339046792804600057692326513196413211827808947991986332593", "price": "0.98", "size": "9.71", "side": "SELL", "hash": "edcb53e0f67a764f5690a5ed94ffc84a3d9cce70", "best_bid": "0.06", "best_ask": "0.86"}], "timestamp": "1769384546032", "event_type": "price_change"}}
{"_local_timestamp": "2026-01-25T23:42:32.250488+00:00", "data": {"market": "0xde10059cb713bfa49e7803dee17f75471249da4a14619015d845124a2e95b4c1", "price_changes": [{"asset_id": "1144137418736841844339046792804600057692326513196413211827808947991986332593", "price": "0.02", "size": "663.64", "side": "BUY", "hash": "259e9d9a5bfe8c34d7818a397de3ebe2552f56d7", "best_bid": "0.06", "best_ask": "0.86"}, {"asset_id": "50142026429393601527326081549874115176013061406104292831433060263185556540118", "price": "0.98", "size": "663.64", "side": "SELL", "hash": "4fe67339032faa8dba8d1d63be9169a0afac6c45", "best_bid": "0.14", "best_ask": "0.94"}], "timestamp": "1769384552143", "event_type": "price_change"}}
{"_local_timestamp": "2026-01-25T23:42:32.250869+00:00", "data": {"market": "0xde10059cb713bfa49e7803dee17f75471249da4a14619015d845124a2e95b4c1", "price_changes": [{"asset_id": "50142026429393601527326081549874115176013061406104292831433060263185556540118", "price": "0.02", "size": "159.71", "side": "BUY", "hash": "fe43d930a5e83d4a0f643aeb1193066aee4490a3", "best_bid": "0.14", "best_ask": "0.94"}, {"asset_id": "1144137418736841844339046792804600057692326513196413211827808947991986332593", "price": "0.98", "size": "159.71", "side": "SELL", "hash": "1272ee294c0061c2e2fbd8f38fcf79fc125dd526", "best_bid": "0.06", "best_ask": "0.86"}], "timestamp": "1769384552145", "event_type": "price_change"}}
