{"_local_timestamp": "2026-01-25T23:34:13.420953+00:00", "data": [{"market": "0x0d73b6e981b60075f1459c1475b628e53e0d51f7a7de326263fcb85c2b5c8cb2", "asset_id": "98816058472408767771272272696479738320761007972014696419899197686749096189748", "timestamp": "1769384031376", "hash": "da8d8b633d60212833bca280d540cede346dab20", "bids": [{"price": "0.01", "size": "1150.73"}, {"price": "0.02", "size": "700"}, {"price": "0.03", "size": "22.92"}, {"price": "0.05", "size": "20"}, {"price": "0.06", "size": "91.66"}, {"price": "0.07", "size": "15.78"}, {"price": "0.13", "size": "300"}, {"price": "0.14", "size": "200"}, {"price": "0.15", "size": "86.66"}, {"price": "0.16", "size": "125"}, {"price": "0.17", "size": "75"}, {"price": "0.18", "size": "37"}, {"price": "0.31", "size": "10"}, {"price": "0.32", "size": "150"}], "asks": [{"price": "0.99", "size": "330"}, {"price": "0.95", "size": "50"}, {"price": "0.94", "size": "38.47"}, {"price": "0.92", "size": "300"}, {"price": "0.91", "size": "200"}, {"price": "0.9", "size": "200"}, {"price": "0.89", "size": "118.18"}, {"price": "0.88", "size": "91.66"}, {"price": "0.86", "size": "65"}, {"price": "0.81", "size": "10"}, {"price": "0.8", "size": "150"}], "event_type": "book", "last_trade_price": ""}, {"market": "0x1f838f50115520c71aca6f24e4aa49a906c7229fcd9e1b8b04a253dd08e4efd8", "asset_id": "93766937663904047358984647783889027374455533556265967450500518810574184127900", "timestamp": "1769384031376", "hash": "7ee0004347e8ea9160e2b760d8fd478bc26510c6", "bids": [{"price": "0.01", "size": "190.82"}, {"price": "0.02", "size": "705.72"}, {"price": "0.03", "size": "12.5"}, {"price": "0.07", "size": "185.71"}, {"price": "0.08", "size": "74.79"}, {"price": "0.09", "size": "300"}, {"price": "0.1", "size": "200"}, {"price": "0.11", "size": "225"}, {"price": "0.12", "size": "75"}, {"price": "0.13", "size": "37"}, {"price": "0.14", "size": "6.56"}, {"price": "0.28", "size": "10"}, {"price": "0.29", "size": "150"}], "asks": [{"price": "0.99", "size": "1130"}, {"price": "0.95", "size": "50"}, {"price": "0.94", "size": "38.47"}, {"price": "0.92", "size": "68.75"}, {"price": "0.89", "size": "300"}, {"price": "0.88", "size": "200"}, {"price": "0.87", "size": "225"}, {"price": "0.86", "size": "75"}, {"price": "0.85", "size": "37"}, {"price": "0.84", "size": "150"}], "event_type": "book", "last_trade_price": ""}, {"market": "0xc92e7ee1fbe3625d22ce1e114a755fcaeae5ed35e8bcd052886aad8056209bf7", "asset_id": "54463700944470882384826467289144706290541038311710484567720736255472902174122", "timestamp": "1769383323543", "hash": "b9711b71eb35546ed91f760f1e3d879609fe24e1", "bids": [{"price": "0.01", "size": "280"}, {"price": "0.05", "size": "50"}, {"price": "0.06", "size": "333"}, {"price": "0.07", "size": "205.47"}, {"price": "0.08", "size": "125"}, {"price": "0.09", "size": "75"}, {"price": "0.1", "size": "130"}, {"price": "0.11", "size": "100"}, {"price": "0.12", "size": "62"}, {"price": "0.16", "size": "10"}, {"price": "0.18", "size": "5.55"}, {"price": "0.19", "size": "150"}], "asks": [{"price": "0.99", "size": "349.4"}, {"price": "0.98", "size": "700"}, {"price": "0.97", "size": "14.28"}, {"price": "0.95", "size": "70"}, {"price": "0.93", "size": "185.71"}, {"price": "0.92", "size": "6.2"}, {"price": "0.88", "size": "300"}, {"price": "0.87", "size": "84.61"}, {"price": "0.86", "size": "200"}, {"price": "0.85", "size": "225"}, {"price": "0.84", "size": "80.5"}, {"price": "0.83", "size": "37"}, {"price": "0.66", "size": "10"}, {"price": "0.65", "size": "150"}], "event_type": "book", "last_trade_price": ""}, {"market": "0x1f838f50115520c71aca6f24e4aa49a906c7229fcd9e1b8b04a253dd08e4efd8", "asset_id": "468596958720650392176134883639427591330805558175385260802440452431038002607", "timestamp": "1769384031376", "hash": "c6c88b0fc9246d701cf3cbb8f74a87a816e34736", "bids": [{"price": "0.01", "size": "1130"}, {"price": "0.05", "size": "50"}, {"price": "0.06", "size": "38.47"}, {"price": "0.08", "size": "68.75"}, {"price": "0.11", "size": "300"}, {"price": "0.12", "size": "200"}, {"price": "0.13", "size": "225"}, {"price": "0.14", "size": "75"}, {"price": "0.15", "size": "37"}, {"price": "0.16", "size": "150"}], "asks": [{"price": "0.99", "size": "190.82"}, {"price": "0.98", "size": "705.72"}, {"price": "0.97", "size": "12.5"}, {"price": "0.93", "size": "185.71"}, {"price": "0.92", "size": "74.79"}, {"price": "0.91", "size": "300"}, {"price": "0.9", "size": "200"}, {"price": "0.89", "size": "225"}, {"price": "0.88", "size": "75"}, {"price": "0.87", "size": "37"}, {"price": "0.86", "size": "6.56"}, {"price": "0.72", "size": "10"}, {"price": "0.71", "size": "150"}], "event_type": "book", "last_trade_price": ""}, {"market": "0xc92e7ee1fbe3625d22ce1e114a755fcaeae5ed35e8bcd052886aad8056209bf7", "asset_id": "36908812529227789883293522636183464312695494298680642062958468554182614888588", "timestamp": "1769383323543", "hash": "599f2c65be7e98def647f419cdbd33bbb0fa63ea", "bids": [{"price": "0.01", "size": "349.4"}, {"price": "0.02", "size": "700"}, {"price": "0.03", "size": "14.28"}, {"price": "0.05", "size": "70"}, {"price": "0.07", "size": "185.71"}, {"price": "0.08", "size": "6.2"}, {"price": "0.12", "size": "300"}, {"price": "0.13", "size": "84.61"}, {"price": "0.14", "size": "200"}, {"price": "0.15", "size": "225"}, {"price": "0.16", "size": "80.5"}, {"price": "0.17", "size": "37"}, {"price": "0.34", "size": "10"}, {"price": "0.35", "size": "150"}], "asks": [{"price": "0.99", "size": "280"}, {"price": "0.95", "size": "50"}, {"price": "0.94", "size": "333"}, {"price": "0.93", "size": "205.47"}, {"price": "0.92", "size": "125"}, {"price": "0.91", "size": "75"}, {"price": "0.9", "size": "130"}, {"price": "0.89", "size": "100"}, {"price": "0.88", "size": "62"}, {"price": "0.84", "size": "10"}, {"price": "0.82", "size": "5.55"}, {"price": "0.81", "size": "150"}], "event_type": "book", "last_trade_price": ""}, {"market": "0x0d73b6e981b60075f1459c1475b628e53e0d51f7a7de326263fcb85c2b5c8cb2", "asset_id": "59957445730557552566489380083793836556229071381517887794243729243691536463764", "timestamp": "1769384031376", "hash": "044cd96b7e02884a16fab1da563783b7468eb9c5", "bids": [{"price": "0.01", "size": "330"}, {"price": "0.05", "size": "50"}, {"price": "0.06", "size": "38.47"}, {"price": "0.08", "size": "300"}, {"price": "0.09", "size": "200"}, {"price": "0.1", "size": "200"}, {"price": "0.11", "size": "118.18"}, {"price": "0.12", "size": "91.66"}, {"price": "0.14", "size": "65"}, {"price": "0.19", "size": "10"}, {"price": "0.2", "size": "150"}], "asks": [{"price": "0.99", "size": "1150.73"}, {"price": "0.98", "size": "700"}, {"price": "0.97", "size": "22.92"}, {"price": "0.95", "size": "20"}, {"price": "0.94", "size": "91.66"}, {"price": "0.93", "size": "15.78"}, {"price": "0.87", "size": "300"}, {"price": "0.86", "size": "200"}, {"price": "0.85", "size": "86.66"}, {"price": "0.84", "size": "125"}, {"price": "0.83", "size": "75"}, {"price": "0.82", "size": "37"}, {"price": "0.69", "size": "10"}, {"price": "0.68", "size": "150"}], "event_type": "book", "last_trade_price": ""}]}
{"_local_timestamp": "2026-01-25T23:36:11.289862+00:00", "data": {"market": "0x0d73b6e981b60075f1459c1475b628e53e0d51f7a7de326263fcb85c2b5c8cb2", "price_changes": [{"asset_id": "98816058472408767771272272696479738320761007972014696419899197686749096189748", "price": "0.03", "size": "5.77", "side": "BUY", "hash": "78d29f06a44076fd3be151c9b21192e8a4d16e0d", "best_bid": "0.32", "best_ask": "0.8"}, {"asset_id": "59957445730557552566489380083793836556229071381517887794243729243691536463764", "price": "0.97", "size": "5.77", "side": "SELL", "hash": "4b5d7b452eb7c519ca6c96405aa44dbfd277f537", "best_bid": "0.2", "best_ask": "0.68"}], "timestamp": "1769384171215", "event_type": "price_change"}}
{"_local_timestamp": "2026-01-25T23:36:11.290837+00:00", "data": {"market": "0x0d73b6e981b60075f1459c1475b628e53e0d51f7a7de326263fcb85c2b5c8cb2", "price_changes": [{"asset_id": "98816058472408767771272272696479738320761007972014696419899197686749096189748", "price": "0.07", "size": "5.43", "side": "BUY", "hash": "78d29f06a44076fd3be151c9b21192e8a4d16e0d", "best_bid": "0.32", "best_ask": "0.8"}, {"asset_id": "59957445730557552566489380083793836556229071381517887794243729243691536463764", "price": "0.93", "size": "5.43", "side": "SELL", "hash": "4b5d7b452eb7c519ca6c96405aa44dbfd277f537", "best_bid": "0.2", "best_ask": "0.68"}], "timestamp": "1769384171215", "event_type": "price_change"}}
{"_local_timestamp": "2026-01-25T23:36:12.154771+00:00", "data": {"market": "0x0d73b6e981b60075f1459c1475b628e53e0d51f7a7de326263fcb85c2b5c8cb2", "price_changes": [{"asset_id": "98816058472408767771272272696479738320761007972014696419899197686749096189748", "price": "0.07", "size": "15.78", "side": "BUY", "hash": "a917267bbe5d3e2908edb2f63859b39e648cad5a", "best_bid": "0.32", "best_ask": "0.8"}, {"asset_id": "59957445730557552566489380083793836556229071381517887794243729243691536463764", "price": "0.93", "size": "15.78", "side": "SELL", "hash": "2c44b9e5eeb46ad61d53b25225ab02861d88da54", "best_bid": "0.2", "best_ask": "0.68"}], "timestamp": "1769384172087", "event_type": "price_change"}}
{"_local_timestamp": "2026-01-25T23:36:12.155285+00:00", "data": {"market": "0x0d73b6e981b60075f1459c1475b628e53e0d51f7a7de326263fcb85c2b5c8cb2", "price_changes": [{"asset_id": "98816058472408767771272272696479738320761007972014696419899197686749096189748", "price": "0.03", "size": "22.92", "side": "BUY", "hash": "b8eeb247437ffe19fda9a4956186c0d00e2c1eb3", "best_bid": "0.32", "best_ask": "0.8"}, {"asset_id": "59957445730557552566489380083793836556229071381517887794243729243691536463764", "price": "0.97", "size": "22.92", "side": "SELL", "hash": "630c49954e6a6f5b0327cddb7510ee47c9d1b3ff", "best_bid": "0.2", "best_ask": "0.68"}], "timestamp": "1769384172090", "event_type": "price_change"}}
{"_local_timestamp": "2026-01-25T23:37:45.330151+00:00", "data": {"market": "0x1f838f50115520c71aca6f24e4aa49a906c7229fcd9e1b8b04a253dd08e4efd8", "price_changes": [{"asset_id": "93766937663904047358984647783889027374455533556265967450500518810574184127900", "price": "0.29", "size": "169", "side": "BUY", "hash": "8569d1a7eb602806c10d1875e82ddfa77c5e7f67", "best_bid": "0.29", "best_ask": "0.84"}, {"asset_id": "468596958720650392176134883639427591330805558175385260802440452431038002607", "price": "0.71", "size": "169", "side": "SELL", "hash": "88a21ad276f817fe0e45c48d197f9b508983aaf7", "best_bid": "0.16", "best_ask": "0.71"}], "timestamp": "1769384265250", "event_type": "price_change"}}
{"_local_timestamp": "2026-01-25T23:37:45.330526+00:00", "data": {"market": "0x0d73b6e981b60075f1459c1475b628e53e0d51f7a7de326263fcb85c2b5c8cb2", "price_changes": [{"asset_id": "98816058472408767771272272696479738320761007972014696419899197686749096189748", "price": "0.33", "size": "158", "side": "BUY", "hash": "3902d548826e21d12c73657be0fb16ba72d477eb", "best_bid": "0.33", "best_ask": "0.8"}, {"asset_id": "59957445730557552566489380083793836556229071381517887794243729243691536463764", "price": "0.67", "size": "158", "side": "SELL", "hash": "36a56d0e4c80ee93848afb136c2e98af6a8eb304", "best_bid": "0.2", "best_ask": "0.67"}], "timestamp": "1769384265250", "event_type": "price_change"}}
{"_local_timestamp": "2026-01-25T23:37:45.330800+00:00", "data": {"market": "0x1f838f50115520c71aca6f24e4aa49a906c7229fcd9e1b8b04a253dd08e4efd8", "price_changes": [{"asset_id": "93766937663904047358984647783889027374455533556265967450500518810574184127900", "price": "0.3", "size": "316.66", "side": "BUY", "hash": "c92b6e097af752fee64d76dada9637c9005bb7d3", "best_bid": "0.3", "best_ask": "0.84"}, {"asset_id": "468596958720650392176134883639427591330805558175385260802440452431038002607", "price": "0.7", "size": "316.66", "side": "SELL", "hash": "45a3c86e0d0d790e48d2380c3dca09ae7787f05b", "best_bid": "0.16", "best_ask": "0.7"}], "timestamp": "1769384265251", "event_type": "price_change"}}
{"_local_timestamp": "2026-01-25T23:37:48.016296+00:00", "data": {"market": "0x0d73b6e981b60075f1459c1475b628e53e0d51f7a7de326263fcb85c2b5c8cb2", "price_changes": [{"asset_id": "98816058472408767771272272696479738320761007972014696419899197686749096189748", "price": "0.32", "size": "0", "side": "BUY", "hash": "4702da4cc51493f162a57f015885b73fd6824baf", "best_bid": "0.33", "best_ask": "0.8"}, {"asset_id": "59957445730557552566489380083793836556229071381517887794243729243691536463764", "price": "0.68", "size": "0", "side": "SELL", "hash": "c640711169dfadc3a3c260360dc83875b057d112", "best_bid": "0.2", "best_ask": "0.67"}], "timestamp": "1769384267923", "event_type": "price_change"}}
{"_local_timestamp": "2026-01-25T23:37:48.018382+00:00", "data": {"market": "0x1f838f50115520c71aca6f24e4aa49a906c7229fcd9e1b8b04a253dd08e4efd8", "price_changes": [{"asset_id": "93766937663904047358984647783889027374455533556265967450500518810574184127900", "price": "0.29", "size": "19", "side": "BUY", "hash": "7bcf4d1e83afe0bbd24bdb52786f3bbc8f0ec189", "best_bid": "0.3", "best_ask": "0.84"}, {"asset_id": "468596958720650392176134883639427591330805558175385260802440452431038002607", "price": "0.71", "size": "19", "side": "SELL", "hash": "d23e6eca282bd4238bae1debfb8609a6492873a3", "best_bid": "0.16", "best_ask": "0.7"}], "timestamp": "1769384267923", "event_type": "price_change"}}
{"_local_timestamp": "2026-01-25T23:37:48.403187+00:00", "data": {"market": "0x0d73b6e981b60075f1459c1475b628e53e0d51f7a7de326263fcb85c2b5c8cb2", "price_changes": [{"asset_id": "98816058472408767771272272696479738320761007972014696419899197686749096189748", "price": "0.34", "size": "150", "side": "BUY", "hash": "5e14bf9d5d6157a3d2c3499cf4c240f6995989ff", "best_bid": "0.34", "best_ask": "0.8"}, {"asset_id": "59957445730557552566489380083793836556229071381517887794243729243691536463764", "price": "0.66", "size": "150", "side": "SELL", "hash": "20f6f443df67166fcb400aab3c47dbf5b996559c", "best_bid": "0.2", "best_ask": "0.66"}], "timestamp": "1769384268332", "event_type": "price_change"}}
{"_local_timestamp": "2026-01-25T23:37:48.403757+00:00", "data": {"market": "0x1f838f50115520c71aca6f24e4aa49a906c7229fcd9e1b8b04a253dd08e4efd8", "price_changes": [{"asset_id": "93766937663904047358984647783889027374455533556265967450500518810574184127900", "price": "0.31", "size": "150", "side": "BUY", "hash": "d536f09be27aa2a9bc44d7a12843c3d9e8365c20", "best_bid": "0.31", "best_ask": "0.84"}, {"asset_id": "468596958720650392176134883639427591330805558175385260802440452431038002607", "price": "0.69", "size": "150", "side": "SELL", "hash": "0201a9b659ce84344915ea1a0825dd872a098ef9", "best_bid": "0.16", "best_ask": "0.69"}], "timestamp": "1769384268332", "event_type": "price_change"}}
