{"_local_timestamp": "2026-01-25T23:34:13.438934+00:00", "data": [{"market": "0x6772d7aa49ba41b05a7f691187bc5fcc31caecaac12cb810ab31b2248fda8c9e", "asset_id": "110991213068262303554106978700132821366232143586587718293324573445330087118498", "timestamp": "1769383486914", "hash": "a6e6129769dfb4224d4e9dc5b34a9879bba0a832", "bids": [{"price": "0.01", "size": "714.69"}, {"price": "0.02", "size": "663.64"}, {"price": "0.03", "size": "266"}, {"price": "0.04", "size": "184.17"}, {"price": "0.05", "size": "48"}, {"price": "0.06", "size": "11.56"}], "asks": [{"price": "0.99", "size": "316.27"}, {"price": "0.98", "size": "159.71"}, {"price": "0.97", "size": "622.91"}, {"price": "0.96", "size": "357.2"}, {"price": "0.95", "size": "500"}, {"price": "0.94", "size": "6.58"}, {"price": "0.92", "size": "70"}, {"price": "0.91", "size": "47.58"}, {"price": "0.86", "size": "10"}], "event_type": "book", "last_trade_price": ""}, {"market": "0x97d1f6509471590cbff3bd657b16de812e8aceaa29537d6d23104ddc4ffcef32", "asset_id": "100188454177622068765215182622326986386774521590223967851353876491791373080659", "timestamp": "1769383486914", "hash": "60b259b30814b95205af3692c3bd5736f5437619", "bids": [{"price": "0.01", "size": "517.21"}, {"price": "0.02", "size": "435.42"}, {"price": "0.03", "size": "15.47"}, {"price": "0.04", "size": "550"}, {"price": "0.05", "size": "300"}, {"price": "0.06", "size": "7.84"}, {"price": "0.08", "size": "158"}, {"price": "0.09", "size": "46.61"}, {"price": "0.13", "size": "10"}], "asks": [{"price": "0.99", "size": "714.69"}, {"price": "0.98", "size": "663.64"}, {"price": "0.97", "size": "266"}, {"price": "0.96", "size": "184.17"}, {"price": "0.95", "size": "49.03"}, {"price": "0.94", "size": "14.61"}], "event_type": "book", "last_trade_price": ""}, {"market": "0x94cfca2197190ca1f326d07ab4dbf48de8784657c4ea37fd76af6ded7702a54a", "asset_id": "10432496592222420367508240209095646536235379214394976093642985775420158184379", "timestamp": "1769383352732", "hash": "a7647d6f40da4adab583936e45fee04f32aa6964", "bids": [{"price": "0.01", "size": "316.62"}, {"price": "0.02", "size": "159.71"}, {"price": "0.03", "size": "629.84"}, {"price": "0.04", "size": "350"}, {"price": "0.05", "size": "433.89"}, {"price": "0.06", "size": "75"}, {"price": "0.07", "size": "11.41"}, {"price": "0.08", "size": "158"}, {"price": "0.09", "size": "79"}, {"price": "0.14", "size": "10"}], "asks": [{"price": "0.99", "size": "714.69"}, {"price": "0.98", "size": "663.64"}, {"price": "0.97", "size": "266"}, {"price": "0.96", "size": "184.17"}, {"price": "0.95", "size": "50"}, {"price": "0.94", "size": "13.08"}], "event_type": "book", "last_trade_price": ""}, {"market": "0x6772d7aa49ba41b05a7f691187bc5fcc31caecaac12cb810ab31b2248fda8c9e", "asset_id": "15927428196547562683183927162780090601338679134241750301142745044810914790004", "timestamp": "1769383486914", "hash": "8f666bb41dea9ab89203f00e20a3e88782635669", "bids": [{"price": "0.01", "size": "316.27"}, {"price": "0.02", "size": "159.71"}, {"price": "0.03", "size": "622.91"}, {"price": "0.04", "size": "357.2"}, {"price": "0.05", "size": "500"}, {"price": "0.06", "size": "6.58"}, {"price": "0.08", "size": "70"}, {"price": "0.09", "size": "47.58"}, {"price": "0.14", "size": "10"}], "asks": [{"price": "0.99", "size": "714.69"}, {"price": "0.98", "size": "663.64"}, {"price": "0.97", "size": "266"}, {"price": "0.96", "size": "184.17"}, {"price": "0.95", "size": "48"}, {"price": "0.94", "size": "11.56"}], "event_type": "book", "last_trade_price": ""}, {"market": "0x97d1f6509471590cbff3bd657b16de812e8aceaa29537d6d23104ddc4ffcef32", "asset_id": "105729179330877171945458769623913253913092205563959487927169752051955733635126", "timestamp": "1769383486914", "hash": "368c4c8b3e52609f6bc4d80798fcf3d7761298e8", "bids": [{"price": "0.01", "size": "714.69"}, {"price": "0.02", "size": "663.64"}, {"price": "0.03", "size": "266"}, {"price": "0.04", "size": "184.17"}, {"price": "0.05", "size": "49.03"}, {"price": "0.06", "size": "14.61"}], "asks": [{"price": "0.99", "size": "517.21"}, {"price": "0.98", "size": "435.42"}, {"price": "0.97", "size": "15.47"}, {"price": "0.96", "size": "550"}, {"price": "0.95", "size": "300"}, {"price": "0.94", "size": "7.84"}, {"price": "0.92", "size": "158"}, {"price": "0.91", "size": "46.61"}, {"price": "0.87", "size": "10"}], "event_type": "book", "last_trade_price": ""}, {"market": "0x94cfca2197190ca1f326d07ab4dbf48de8784657c4ea37fd76af6ded7702a54a", "asset_id": "41824893832797486252902451379524400979023597367242849534274272254997226046133", "timestamp": "1769383352732", "hash": "73595d69ef8644a9027da384012acf2f3e3ed5cc", "bids": [{"price": "0.01", "size": "714.69"}, {"price": "0.02", "size": "663.64"}, {"price": "0.03", "size": "266"}, {"price": "0.04", "size": "184.17"}, {"price": "0.05", "size": "50"}, {"price": "0.06", "size": "13.08"}], "asks": [{"price": "0.99", "size": "316.62"}, {"price": "0.98", "size": "159.71"}, {"price": "0.97", "size": "629.84"}, {"price": "0.96", "size": "350"}, {"price": "0.95", "size": "433.89"}, {"price": "0.94", "size": "75"}, {"price": "0.93", "size": "11.41"}, {"price": "0.92", "size": "158"}, {"price": "0.91", "size": "79"}, {"price": "0.86", "size": "10"}], "event_type": "book", "last_trade_price": ""}]}
{"_local_timestamp": "2026-01-25T23:34:38.217951+00:00", "data": {"market": "0x97d1f6509471590cbff3bd657b16de812e8aceaa29537d6d23104ddc4ffcef32", "price_changes": [{"asset_id": "100188454177622068765215182622326986386774521590223967851353876491791373080659", "price": "0.09", "size": "39", "side": "BUY", "hash": "760adbccdf2d6292b6e0e136292f18fb7b1567a8", "best_bid": "0.13", "best_ask": "0.94"}, {"asset_id": "105729179330877171945458769623913253913092205563959487927169752051955733635126", "price": "0.91", "size": "39", "side": "SELL", "hash": "b4c3b9dc13f2acdb1de6dca2b20b391a946eebe7", "best_bid": "0.06", "best_ask": "0.87"}], "timestamp": "1769384078146", "event_type": "price_change"}}
{"_local_timestamp": "2026-01-25T23:34:40.219212+00:00", "data": {"market": "0x97d1f6509471590cbff3bd657b16de812e8aceaa29537d6d23104ddc4ffcef32", "price_changes": [{"asset_id": "100188454177622068765215182622326986386774521590223967851353876491791373080659", "price": "0.1", "size": "6.85", "side": "BUY", "hash": "4506e8fd0a53e65a3f02964c40e25b11f4192b57", "best_bid": "0.13", "best_ask": "0.94"}, {"asset_id": "105729179330877171945458769623913253913092205563959487927169752051955733635126", "price": "0.9", "size": "6.85", "side": "SELL", "hash": "9741e05bfb28a2bd374b12d67a44d79c05735917", "best_bid": "0.06", "best_ask": "0.87"}], "timestamp": "1769384080045", "event_type": "price_change"}}
{"_local_timestamp": "2026-01-25T23:34:48.390066+00:00", "data": {"market": "0x97d1f6509471590cbff3bd657b16de812e8aceaa29537d6d23104ddc4ffcef32", "price_changes": [{"asset_id": "100188454177622068765215182622326986386774521590223967851353876491791373080659", "price": "0.09", "size": "0", "side": "BUY", "hash": "428c238f51c0ab0b0f9375822d394dee7302727f", "best_bid": "0.13", "best_ask": "0.94"}, {"asset_id": "105729179330877171945458769623913253913092205563959487927169752051955733635126", "price": "0.91", "size": "0", "side": "SELL", "hash": "55e8ef0962baca7d0eb3cf0ed2309e9fe499dbea", "best_bid": "0.06", "best_ask": "0.87"}], "timestamp": "1769384088323", "event_type": "price_change"}}
{"_local_timestamp": "2026-01-25T23:34:50.647586+00:00", "data": {"market": "0x6772d7aa49ba41b05a7f691187bc5fcc31caecaac12cb810ab31b2248fda8c9e", "price_changes": [{"asset_id": "15927428196547562683183927162780090601338679134241750301142745044810914790004", "price": "0.09", "size": "39", "side": "BUY", "hash": "49fffdc544c91ca897903ed6d6a51f4d6e41ac92", "best_bid": "0.14", "best_ask": "0.94"}, {"asset_id": "110991213068262303554106978700132821366232143586587718293324573445330087118498", "price": "0.91", "size": "39", "side": "SELL", "hash": "bf1d4e7f9f1628d386adc3dcf8d4cdc68bee57b3", "best_bid": "0.06", "best_ask": "0.86"}], "timestamp": "1769384090578", "event_type": "price_change"}}
{"_local_timestamp": "2026-01-25T23:34:51.985291+00:00", "data": {"market": "0x6772d7aa49ba41b05a7f691187bc5fcc31caecaac12cb810ab31b2248fda8c9e", "price_changes": [{"asset_id": "15927428196547562683183927162780090601338679134241750301142745044810914790004", "price": "0.1", "size": "7.72", "side": "BUY", "hash": "5c176754b5b8d9780727aed55b9d4825022425dd", "best_bid": "0.14", "best_ask": "0.94"}, {"asset_id": "110991213068262303554106978700132821366232143586587718293324573445330087118498", "price": "0.9", "size": "7.72", "side": "SELL", "hash": "94b0dd3d132874fbf52121ca6c64eacc8adf5496", "best_bid": "0.06", "best_ask": "0.86"}], "timestamp": "1769384091919", "event_type": "price_change"}}
{"_local_timestamp": "2026-01-25T23:34:55.182185+00:00", "data": {"market": "0x94cfca2197190ca1f326d07ab4dbf48de8784657c4ea37fd76af6ded7702a54a", "price_changes": [{"asset_id": "10432496592222420367508240209095646536235379214394976093642985775420158184379", "price": "0.03", "size": "621.7", "side": "BUY", "hash": "bbaa20ffb51f35a50acc46f6328579f4018740cb", "best_bid": "0.14", "best_ask": "0.94"}, {"asset_id": "41824893832797486252902451379524400979023597367242849534274272254997226046133", "price": "0.97", "size": "621.7", "side": "SELL", "hash": "8c577672315d677ae868e56e637d7340d5fdaf08", "best_bid": "0.06", "best_ask": "0.86"}], "timestamp": "1769384095114", "event_type": "price_change"}}
{"_local_timestamp": "2026-01-25T23:34:55.182568+00:00", "data": {"market": "0x94cfca2197190ca1f326d07ab4dbf48de8784657c4ea37fd76af6ded7702a54a", "price_changes": [{"asset_id": "10432496592222420367508240209095646536235379214394976093642985775420158184379", "price": "0.05", "size": "425", "side": "BUY", "hash": "bbaa20ffb51f35a50acc46f6328579f4018740cb", "best_bid": "0.14", "best_ask": "0.94"}, {"asset_id": "41824893832797486252902451379524400979023597367242849534274272254997226046133", "price": "0.95", "size": "425", "side": "SELL", "hash": "8c577672315d677ae868e56e637d7340d5fdaf08", "best_bid": "0.06", "best_ask": "0.86"}], "timestamp": "1769384095114", "event_type": "price_change"}}
{"_local_timestamp": "2026-01-25T23:34:55.182975+00:00", "data": {"market": "0x94cfca2197190ca1f326d07ab4dbf48de8784657c4ea37fd76af6ded7702a54a", "price_changes": [{"asset_id": "10432496592222420367508240209095646536235379214394976093642985775420158184379", "price": "0.07", "size": "0", "side": "BUY", "hash": "bbaa20ffb51f35a50acc46f6328579f4018740cb", "best_bid": "0.14", "best_ask": "0.94"}, {"asset_id": "41824893832797486252902451379524400979023597367242849534274272254997226046133", "price": "0.93", "size": "0", "side": "SELL", "hash": "8c577672315d677ae868e56e637d7340d5fdaf08", "best_bid": "0.06", "best_ask": "0.86"}], "timestamp": "1769384095114", "event_type": "price_change"}}
{"_local_timestamp": "2026-01-25T23:34:56.052903+00:00", "data": {"market": "0x94cfca2197190ca1f326d07ab4dbf48de8784657c4ea37fd76af6ded7702a54a", "price_changes": [{"asset_id": "10432496592222420367508240209095646536235379214394976093642985775420158184379", "price": "0.1", "size": "6.61", "side": "BUY", "hash": "160ba5bfdbf6b5d1e13e445c0fae9346426b82b1", "best_bid": "0.14", "best_ask": "0.94"}, {"asset_id": "41824893832797486252902451379524400979023597367242849534274272254997226046133", "price": "0.9", "size": "6.61", "side": "SELL", "hash": "ac225defa974f2faea0cdaadfb1d53121f90ce74", "best_bid": "0.06", "best_ask": "0.86"}], "timestamp": "1769384095982", "event_type": "price_change"}}
{"_local_timestamp": "2026-01-25T23:34:56.061121+00:00", "data": {"market": "0x94cfca2197190ca1f326d07ab4dbf48de8784657c4ea37fd76af6ded7702a54a", "price_changes": [{"asset_id": "10432496592222420367508240209095646536235379214394976093642985775420158184379", "price": "0.07", "size": "5.54", "side": "BUY", "hash": "9665f228605a2ff0c68dc6ba5403f66c3761bf3e", "best_bid": "0.14", "best_ask": "0.94"}, {"asset_id": "41824893832797486252902451379524400979023597367242849534274272254997226046133", "price": "0.93", "size": "5.54", "side": "SELL", "hash": "c4a566554c47b006f140fc42012143f55f070803", "best_bid": "0.06", "best_ask": "0.86"}], "timestamp": "1769384095996", "event_type": "price_change"}}
{"_local_timestamp": "2026-01-25T23:34:56.165120+00:00", "data": {"market": "0x94cfca2197190ca1f326d07ab4dbf48de8784657c4ea37fd76af6ded7702a54a", "price_changes": [{"asset_id": "10432496592222420367508240209095646536235379214394976093642985775420158184379", "price": "0.03", "size": "626.88", "side": "BUY", "hash": "0535f83325c3e2fc6baf40c9d01f229ed9466dfa", "best_bid": "0.14", "best_ask": "0.94"}, {"asset_id": "41824893832797486252902451379524400979023597367242849534274272254997226046133", "price": "0.97", "size": "626.88", "side": "SELL", "hash": "603e475cf42e66d0a5310af5547439311bf2dc4a", "best_bid": "0.06", "best_ask": "0.86"}], "timestamp": "1769384096010", "event_type": "price_change"}}
{"_local_timestamp": "2026-01-25T23:34:56.193327+00:00", "data": {"market": "0x94cfca2197190ca1f326d07ab4dbf48de8784657c4ea37fd76af6ded7702a54a", "price_changes": [{"asset_id": "10432496592222420367508240209095646536235379214394976093642985775420158184379", "price": "0.05", "size": "430.65", "side": "BUY", "hash": "54c81bf97a84a84681f4b87cbe90f48025604b2b", "best_bid": "0.14", "best_ask": "0.94"}, {"asset_id": "41824893832797486252902451379524400979023597367242849534274272254997226046133", "price": "0.95", "size": "430.65", "side": "SELL", "hash": "afb1ec48078dcbedf2da29ba37d18149d8e777e0", "best_bid": "0.06", "best_ask": "0.86"}], "timestamp": "1769384096029", "event_type": "price_change"}}
{"_local_timestamp": "2026-01-25T23:34:59.970765+00:00", "data": {"market": "0x94cfca2197190ca1f326d07ab4dbf48de8784657c4ea37fd76af6ded7702a54a", "price_changes": [{"asset_id": "10432496592222420367508240209095646536235379214394976093642985775420158184379", "price": "0.09", "size": "0", "side": "BUY", "hash": "6555e24f07a82b24eb4619cdbb47d839f8a8a5bd", "best_bid": "0.14", "best_ask": "0.94"}, {"asset_id": "41824893832797486252902451379524400979023597367242849534274272254997226046133", "price": "0.91", "size": "0", "side": "SELL", "hash": "671dac35f2ce0269124e0ae801723ade5a48637c", "best_bid": "0.06", "best_ask": "0.86"}], "timestamp": "1769384099896", "event_type": "price_change"}}
{"_local_timestamp": "2026-01-25T23:34:59.971242+00:00", "data": {"market": "0x6772d7aa49ba41b05a7f691187bc5fcc31caecaac12cb810ab31b2248fda8c9e", "price_changes": [{"asset_id": "15927428196547562683183927162780090601338679134241750301142745044810914790004", "price": "0.09", "size": "0", "side": "BUY", "hash": "00febbef8c91cd9c6afbca29789dc5c84284dfae", "best_bid": "0.14", "best_ask": "0.94"}, {"asset_id": "110991213068262303554106978700132821366232143586587718293324573445330087118498", "price": "0.91", "size": "0", "side": "SELL", "hash": "1ca5bc9703b92c1154d2942c66c9801c376b9b53", "best_bid": "0.06", "best_ask": "0.86"}], "timestamp": "1769384099896", "event_type": "price_change"}}
