{"_local_timestamp": "2026-01-25T23:41:19.414946+00:00", "data": [{"market": "0x167b9382efef2d45421a3baa8e9714e95b8ff2b07a634af6cb1976a1c46fd43d", "asset_id": "57812261958109320947585804948025107746700199297727231221029973851471273059014", "timestamp": "1769384234554", "hash": "6665d61f69f31bcc739c2061898a60eb5e87da1e", "bids": [{"price": "0.001", "size": "74.68"}, {"price": "0.002", "size": "7.49"}, {"price": "0.01", "size": "300"}, {"price": "0.011", "size": "169.55"}, {"price": "0.012", "size": "5.01"}, {"price": "0.013", "size": "5.47"}, {"price": "0.97", "size": "994.53"}, {"price": "0.971", "size": "25.47"}], "asks": [], "event_type": "book", "last_trade_price": "0.010"}, {"market": "0x167b9382efef2d45421a3baa8e9714e95b8ff2b07a634af6cb1976a1c46fd43d", "asset_id": "30302919951679516931114910132059485774264097338888581544540632790552606225381", "timestamp": "1769384234554", "hash": "942a0c27c309d09d4da0a16a0feed5996a450fc2", "bids": [], "asks": [{"price": "0.999", "size": "74.68"}, {"price": "0.998", "size": "7.49"}, {"price": "0.99", "size": "300"}, {"price": "0.989", "size": "169.55"}, {"price": "0.988", "size": "5.01"}, {"price": "0.987", "size": "5.47"}, {"price": "0.03", "size": "994.53"}, {"price": "0.029", "size": "25.47"}], "event_type": "book", "last_trade_price": "0.010"}, {"market": "0xd16746c6acba3a9e848889956c0445c687a81ddf8e20f4ec9eeec85a9d913895", "asset_id": "102160281721763287773638395598674620443892670693916948067964313241767675237839", "timestamp": "1769384446001", "hash": "79de9124c989812d6af36c8728032a0b91f509b2", "bids": [{"price": "0.001", "size": "3014.99"}, {"price": "0.002", "size": "14.66"}, {"price": "0.01", "size": "100"}, {"price": "0.011", "size": "5.77"}, {"price": "0.03", "size": "66"}, {"price": "0.031", "size": "25"}, {"price": "0.035", "size": "5.08"}, {"price": "0.036", "size": "5.47"}, {"price": "0.99", "size": "969.53"}, {"price": "0.993", "size": "174.41"}], "asks": [{"price": "0.999", "size": "14.99"}, {"price": "0.998", "size": "110.45"}, {"price": "0.997", "size": "73.37"}], "event_type": "book", "last_trade_price": "0.006"}, {"market": "0x06f7cb5e91d39d5cbdbfe7178d3012e8642190a03614e7ca46afcec347a914fc", "asset_id": "18858230443902809526979157430632665590797672429912418995495491478376269194302", "timestamp": "1769384175404", "hash": "70a9596d11d2e4f01b6e95537bdc703d0949c042", "bids": [], "asks": [{"price": "0.999", "size": "3022.57"}, {"price": "0.998", "size": "33.54"}, {"price": "0.99", "size": "100"}, {"price": "0.989", "size": "25.42"}, {"price": "0.95", "size": "40"}, {"price": "0.948", "size": "21.23"}, {"price": "0.947", "size": "50"}, {"price": "0.9", "size": "5.41"}, {"price": "0.899", "size": "5.47"}, {"price": "0.03", "size": "900.66"}], "event_type": "book", "last_trade_price": "0.001"}, {"market": "0xd16746c6acba3a9e848889956c0445c687a81ddf8e20f4ec9eeec85a9d913895", "asset_id": "13098413062339074296821519941383425391124072498458911348437951295927635869380", "timestamp": "1769384446001", "hash": "eb37702b871d1b5662b26a737d7afea715593d83", "bids": [{"price": "0.001", "size": "14.99"}, {"price": "0.002", "size": "110.45"}, {"price": "0.003", "size": "73.37"}], "asks": [{"price": "0.999", "size": "3014.99"}, {"price": "0.998", "size": "14.66"}, {"price": "0.99", "size": "100"}, {"price": "0.989", "size": "5.77"}, {"price": "0.97", "size": "66"}, {"price": "0.969", "size": "25"}, {"price": "0.965", "size": "5.08"}, {"price": "0.964", "size": "5.47"}, {"price": "0.01", "size": "969.53"}, {"price": "0.007", "size": "174.41"}], "event_type": "book", "last_trade_price": "0.006"}, {"market": "0x06f7cb5e91d39d5cbdbfe7178d3012e8642190a03614e7ca46afcec347a914fc", "asset_id": "30797512881060725796735611959888208083747722242820087804207672592317562808995", "timestamp": "1769384175404", "hash": "b33465376def0de8064c20b500f88b999599a2cd", "bids": [{"price": "0.001", "size": "3022.57"}, {"price": "0.002", "size": "33.54"}, {"price": "0.01", "size": "100"}, {"price": "0.011", "size": "25.42"}, {"price": "0.05", "size": "40"}, {"price": "0.052", "size": "21.23"}, {"price": "0.053", "size": "50"}, {"price": "0.1", "size": "5.41"}, {"price": "0.101", "size": "5.47"}, {"price": "0.97", "size": "900.66"}], "asks": [], "event_type": "book", "last_trade_price": "0.001"}]}
{"_local_timestamp": "2026-01-25T23:42:03.281361+00:00", "data": {"market": "0x167b9382efef2d45421a3baa8e9714e95b8ff2b07a634af6cb1976a1c46fd43d", "price_changes": [{"asset_id": "57812261958109320947585804948025107746700199297727231221029973851471273059014", "price": "0.011", "size": "0", "side": "BUY", "hash": "855dc562b9e1d139f5d0d2a3061690492924c375", "best_bid": "0.971", "best_ask": "1"}, {"asset_id": "30302919951679516931114910132059485774264097338888581544540632790552606225381", "price": "0.989", "size": "0", "side": "SELL", "hash": "12a2de72549edf14659da4214e80186a7c4ae53e", "best_bid": "0", "best_ask": "0.029"}], "timestamp": "1769384523203", "event_type": "price_change"}}
{"_local_timestamp": "2026-01-25T23:42:03.282309+00:00", "data": {"market": "0x167b9382efef2d45421a3baa8e9714e95b8ff2b07a634af6cb1976a1c46fd43d", "price_changes": [{"asset_id": "57812261958109320947585804948025107746700199297727231221029973851471273059014", "price": "0.002", "size": "0", "side": "BUY", "hash": "855dc562b9e1d139f5d0d2a3061690492924c375", "best_bid": "0.971", "best_ask": "1"}, {"asset_id": "30302919951679516931114910132059485774264097338888581544540632790552606225381", "price": "0.998", "size": "0", "side": "SELL", "hash": "12a2de72549edf14659da4214e80186a7c4ae53e", "best_bid": "0", "best_ask": "0.029"}], "timestamp": "1769384523203", "event_type": "price_change"}}
{"_local_timestamp": "2026-01-25T23:42:03.282631+00:00", "data": {"market": "0x167b9382efef2d45421a3baa8e9714e95b8ff2b07a634af6cb1976a1c46fd43d", "price_changes": [{"asset_id": "57812261958109320947585804948025107746700199297727231221029973851471273059014", "price": "0.012", "size": "0", "side": "BUY", "hash": "855dc562b9e1d139f5d0d2a3061690492924c375", "best_bid": "0.971", "best_ask": "1"}, {"asset_id": "30302919951679516931114910132059485774264097338888581544540632790552606225381", "price": "0.988", "size": "0", "side": "SELL", "hash": "12a2de72549edf14659da4214e80186a7c4ae53e", "best_bid": "0", "best_ask": "0.029"}], "timestamp": "1769384523203", "event_type": "price_change"}}
{"_local_timestamp": "2026-01-25T23:42:03.282923+00:00", "data": {"market": "0x167b9382efef2d45421a3baa8e9714e95b8ff2b07a634af6cb1976a1c46fd43d", "price_changes": [{"asset_id": "57812261958109320947585804948025107746700199297727231221029973851471273059014", "price": "0.001", "size": "14.99", "side": "BUY", "hash": "855dc562b9e1d139f5d0d2a3061690492924c375", "best_bid": "0.971", "best_ask": "1"}, {"asset_id": "30302919951679516931114910132059485774264097338888581544540632790552606225381", "price": "0.999", "size": "14.99", "side": "SELL", "hash": "12a2de72549edf14659da4214e80186a7c4ae53e", "best_bid": "0", "best_ask": "0.029"}], "timestamp": "1769384523203", "event_type": "price_change"}}
{"_local_timestamp": "2026-01-25T23:42:03.283217+00:00", "data": {"market": "0x06f7cb5e91d39d5cbdbfe7178d3012e8642190a03614e7ca46afcec347a914fc", "price_changes": [{"asset_id": "30797512881060725796735611959888208083747722242820087804207672592317562808995", "price": "0.011", "size": "0", "side": "BUY", "hash": "29bbb212a4db253b12e9b336f6cfdb0641d1bcba", "best_bid": "0.97", "best_ask": "1"}, {"asset_id": "18858230443902809526979157430632665590797672429912418995495491478376269194302", "price": "0.989", "size": "0", "side": "SELL", "hash": "fa740f2088cb294f0fe40e9586b8d944962a9330", "best_bid": "0", "best_ask": "0.03"}], "timestamp": "1769384523203", "event_type": "price_change"}}
{"_local_timestamp": "2026-01-25T23:42:03.283506+00:00", "data": {"market": "0x06f7cb5e91d39d5cbdbfe7178d3012e8642190a03614e7ca46afcec347a914fc", "price_changes": [{"asset_id": "30797512881060725796735611959888208083747722242820087804207672592317562808995", "price": "0.001", "size": "3014.99", "side": "BUY", "hash": "29bbb212a4db253b12e9b336f6cfdb0641d1bcba", "best_bid": "0.97", "best_ask": "1"}, {"asset_id": "18858230443902809526979157430632665590797672429912418995495491478376269194302", "price": "0.999", "size": "3014.99", "side": "SELL", "hash": "fa740f2088cb294f0fe40e9586b8d944962a9330", "best_bid": "0", "best_ask": "0.03"}], "timestamp": "1769384523203", "event_type": "price_change"}}
{"_local_timestamp": "2026-01-25T23:42:03.283797+00:00", "data": {"market": "0x06f7cb5e91d39d5cbdbfe7178d3012e8642190a03614e7ca46afcec347a914fc", "price_changes": [{"asset_id": "30797512881060725796735611959888208083747722242820087804207672592317562808995", "price": "0.002", "size": "0", "side": "BUY", "hash": "29bbb212a4db253b12e9b336f6cfdb0641d1bcba", "best_bid": "0.97", "best_ask": "1"}, {"asset_id": "18858230443902809526979157430632665590797672429912418995495491478376269194302", "price": "0.998", "size": "0", "side": "SELL", "hash": "fa740f2088cb294f0fe40e9586b8d944962a9330", "best_bid": "0", "best_ask": "0.03"}], "timestamp": "1769384523203", "event_type": "price_change"}}
{"_local_timestamp": "2026-01-25T23:42:03.284103+00:00", "data": {"market": "0x06f7cb5e91d39d5cbdbfe7178d3012e8642190a03614e7ca46afcec347a914fc", "price_changes": [{"asset_id": "30797512881060725796735611959888208083747722242820087804207672592317562808995", "price": "0.052", "size": "0", "side": "BUY", "hash": "29bbb212a4db253b12e9b336f6cfdb0641d1bcba", "best_bid": "0.97", "best_ask": "1"}, {"asset_id": "18858230443902809526979157430632665590797672429912418995495491478376269194302", "price": "0.948", "size": "0", "side": "SELL", "hash": "fa740f2088cb294f0fe40e9586b8d944962a9330", "best_bid": "0", "best_ask": "0.03"}], "timestamp": "1769384523203", "event_type": "price_change"}}
{"_local_timestamp": "2026-01-25T23:42:03.284412+00:00", "data": {"market": "0x06f7cb5e91d39d5cbdbfe7178d3012e8642190a03614e7ca46afcec347a914fc", "price_changes": [{"asset_id": "30797512881060725796735611959888208083747722242820087804207672592317562808995", "price": "0.1", "size": "0", "side": "BUY", "hash": "29bbb212a4db253b12e9b336f6cfdb0641d1bcba", "best_bid": "0.97", "best_ask": "1"}, {"asset_id": "18858230443902809526979157430632665590797672429912418995495491478376269194302", "price": "0.9", "size": "0", "side": "SELL", "hash": "fa740f2088cb294f0fe40e9586b8d944962a9330", "best_bid": "0", "best_ask": "0.03"}], "timestamp": "1769384523203", "event_type": "price_change"}}
{"_local_timestamp": "2026-01-25T23:42:03.964555+00:00", "data": {"market": "0x06f7cb5e91d39d5cbdbfe7178d3012e8642190a03614e7ca46afcec347a914fc", "price_changes": [{"asset_id": "18858230443902809526979157430632665590797672429912418995495491478376269194302", "price": "0.899", "size": "0", "side": "SELL", "hash": "eccbb4b6cebc63dbd4a9d849f41f193560918a02", "best_bid": "0", "best_ask": "0.03"}, {"asset_id": "30797512881060725796735611959888208083747722242820087804207672592317562808995", "price": "0.101", "size": "0", "side": "BUY", "hash": "607177b3aaf179f46e48f7ffe319d8a50551f545", "best_bid": "0.97", "best_ask": "1"}], "timestamp": "1769384523894", "event_type": "price_change"}}
{"_local_timestamp": "2026-01-25T23:42:03.966127+00:00", "data": {"market": "0x167b9382efef2d45421a3baa8e9714e95b8ff2b07a634af6cb1976a1c46fd43d", "price_changes": [{"asset_id": "30302919951679516931114910132059485774264097338888581544540632790552606225381", "price": "0.987", "size": "0", "side": "SELL", "hash": "01d5c8bb7bc8e5a64afd4f97f02121f119ed3932", "best_bid": "0", "best_ask": "0.029"}, {"asset_id": "57812261958109320947585804948025107746700199297727231221029973851471273059014", "price": "0.013", "size": "0", "side": "BUY", "hash": "3c6c521ae67d8b9a9e8efab6d79fec5363f19e2c", "best_bid": "0.971", "best_ask": "1"}], "timestamp": "1769384523894", "event_type": "price_change"}}
{"_local_timestamp": "2026-01-25T23:42:04.065177+00:00", "data": {"market": "0x06f7cb5e91d39d5cbdbfe7178d3012e8642190a03614e7ca46afcec347a914fc", "price_changes": [{"asset_id": "18858230443902809526979157430632665590797672429912418995495491478376269194302", "price": "0.946", "size": "5.47", "side": "SELL", "hash": "febfa22c2cad9e255f4f19a12995b24e5ead756a", "best_bid": "0", "best_ask": "0.03"}, {"asset_id": "30797512881060725796735611959888208083747722242820087804207672592317562808995", "price": "0.054", "size": "5.47", "side": "BUY", "hash": "66c378a4f0edafb105c096037f46bc15c6c72758", "best_bid": "0.97", "best_ask": "1"}], "timestamp": "1769384523991", "event_type": "price_change"}}
{"_local_timestamp": "2026-01-25T23:42:04.065571+00:00", "data": {"market": "0x167b9382efef2d45421a3baa8e9714e95b8ff2b07a634af6cb1976a1c46fd43d", "price_changes": [{"asset_id": "30302919951679516931114910132059485774264097338888581544540632790552606225381", "price": "0.989", "size": "5.47", "side": "SELL", "hash": "61c24ad194b5131fce3b8a17081b6246e24727f9", "best_bid": "0", "best_ask": "0.029"}, {"asset_id": "57812261958109320947585804948025107746700199297727231221029973851471273059014", "price": "0.011", "size": "5.47", "side": "BUY", "hash": "136794b37c704646f17d8fbcb62fd9bafd1e61de", "best_bid": "0.971", "best_ask": "1"}], "timestamp": "1769384523991", "event_type": "price_change"}}
{"_local_timestamp": "2026-01-25T23:42:04.500017+00:00", "data": {"market": "0x06f7cb5e91d39d5cbdbfe7178d3012e8642190a03614e7ca46afcec347a914fc", "price_changes": [{"asset_id": "18858230443902809526979157430632665590797672429912418995495491478376269194302", "price": "0.947", "size": "0", "side": "SELL", "hash": "0e3c5cf9994289f7dd547937d7d871c6ae50f41a", "best_bid": "0", "best_ask": "0.03"}, {"asset_id": "30797512881060725796735611959888208083747722242820087804207672592317562808995", "price": "0.053", "size": "0", "side": "BUY", "hash": "ecad94fdb61c152a90c81e8adb965a18df25a5be", "best_bid": "0.97", "best_ask": "1"}], "timestamp": "1769384524433", "event_type": "price_change"}}
{"_local_timestamp": "2026-01-25T23:42:04.548531+00:00", "data": {"market": "0x06f7cb5e91d39d5cbdbfe7178d3012e8642190a03614e7ca46afcec347a914fc", "price_changes": [{"asset_id": "18858230443902809526979157430632665590797672429912418995495491478376269194302", "price": "0.949", "size": "50", "side": "SELL", "hash": "5556f18f1c30e5f043d038a9d8ee925a15765b39", "best_bid": "0", "best_ask": "0.03"}, {"asset_id": "30797512881060725796735611959888208083747722242820087804207672592317562808995", "price": "0.051", "size": "50", "side": "BUY", "hash": "d45c5cdd8648c3944b480c066231246ef74260de", "best_bid": "0.97", "best_ask": "1"}], "timestamp": "1769384524475", "event_type": "price_change"}}
{"_local_timestamp": "2026-01-25T23:42:05.455752+00:00", "data": {"market": "0x06f7cb5e91d39d5cbdbfe7178d3012e8642190a03614e7ca46afcec347a914fc", "price_changes": [{"asset_id": "18858230443902809526979157430632665590797672429912418995495491478376269194302", "price": "0.946", "size": "0", "side": "SELL", "hash": "e1719a1c3f7476a087f6dead6b71f714eb31b168", "best_bid": "0", "best_ask": "0.03"}, {"asset_id": "30797512881060725796735611959888208083747722242820087804207672592317562808995", "price": "0.054", "size": "0", "side": "BUY", "hash": "1869b79b763e477c72eac62b69537e32ce3f5374", "best_bid": "0.97", "best_ask": "1"}], "timestamp": "1769384525379", "event_type": "price_change"}}
{"_local_timestamp": "2026-01-25T23:42:05.603771+00:00", "data": {"market": "0x06f7cb5e91d39d5cbdbfe7178d3012e8642190a03614e7ca46afcec347a914fc", "price_changes": [{"asset_id": "18858230443902809526979157430632665590797672429912418995495491478376269194302", "price": "0.948", "size": "5.47", "side": "SELL", "hash": "4b7776d19f6d48ae4f131238c478da1cd18697df", "best_bid": "0", "best_ask": "0.03"}, {"asset_id": "30797512881060725796735611959888208083747722242820087804207672592317562808995", "price": "0.052", "size": "5.47", "side": "BUY", "hash": "d40487e36f38e6e91f493f0de00ba8acddfde587", "best_bid": "0.97", "best_ask": "1"}], "timestamp": "1769384525530", "event_type": "price_change"}}
{"_local_timestamp": "2026-01-25T23:42:36.259747+00:00", "data": {"market": "0xd16746c6acba3a9e848889956c0445c687a81ddf8e20f4ec9eeec85a9d913895", "price_changes": [{"asset_id": "13098413062339074296821519941383425391124072498458911348437951295927635869380", "price": "0.002", "size": "0", "side": "BUY", "hash": "421ef5d2e3a0bb8ed3ead05d1efc92d976761004", "best_bid": "0.001", "best_ask": "0.007"}, {"asset_id": "102160281721763287773638395598674620443892670693916948067964313241767675237839", "price": "0.998", "size": "0", "side": "SELL", "hash": "81301de41954e4bb14115514f55ce4ccc5b5479a", "best_bid": "0.993", "best_ask": "0.999"}], "timestamp": "1769384556155", "event_type": "price_change"}}
{"_local_timestamp": "2026-01-25T23:42:36.265074+00:00", "data": {"market": "0xd16746c6acba3a9e848889956c0445c687a81ddf8e20f4ec9eeec85a9d913895", "price_changes": [{"asset_id": "13098413062339074296821519941383425391124072498458911348437951295927635869380", "price": "0.003", "size": "0", "side": "BUY", "hash": "421ef5d2e3a0bb8ed3ead05d1efc92d976761004", "best_bid": "0.001", "best_ask": "0.007"}, {"asset_id": "102160281721763287773638395598674620443892670693916948067964313241767675237839", "price": "0.997", "size": "0", "side": "SELL", "hash": "81301de41954e4bb14115514f55ce4ccc5b5479a", "best_bid": "0.993", "best_ask": "0.999"}], "timestamp": "1769384556155", "event_type": "price_change"}}
{"_local_timestamp": "2026-01-25T23:42:36.776424+00:00", "data": {"market": "0xd16746c6acba3a9e848889956c0445c687a81ddf8e20f4ec9eeec85a9d913895", "price_changes": [{"asset_id": "102160281721763287773638395598674620443892670693916948067964313241767675237839", "price": "0.035", "size": "0", "side": "BUY", "hash": "3ba1a134bce8940fc665b6150691339664009ca1", "best_bid": "0.993", "best_ask": "0.999"}, {"asset_id": "13098413062339074296821519941383425391124072498458911348437951295927635869380", "price": "0.965", "size": "0", "side": "SELL", "hash": "44e137c33a532c735241e87349e478c647b23916", "best_bid": "0.001", "best_ask": "0.007"}], "timestamp": "1769384556658", "event_type": "price_change"}}
{"_local_timestamp": "2026-01-25T23:42:37.786195+00:00", "data": {"market": "0xd16746c6acba3a9e848889956c0445c687a81ddf8e20f4ec9eeec85a9d913895", "price_changes": [{"asset_id": "13098413062339074296821519941383425391124072498458911348437951295927635869380", "price": "0.964", "size": "0", "side": "SELL", "hash": "f33bd109d5febca86c2d883d7961da56ce817c10", "best_bid": "0.001", "best_ask": "0.007"}, {"asset_id": "102160281721763287773638395598674620443892670693916948067964313241767675237839", "price": "0.036", "size": "0", "side": "BUY", "hash": "fb948b2d2092dd4c95ee1881bcb3c5093bb499ca", "best_bid": "0.993", "best_ask": "0.999"}], "timestamp": "1769384557568", "event_type": "price_change"}}
{"_local_timestamp": "2026-01-25T23:42:37.793651+00:00", "data": {"market": "0xd16746c6acba3a9e848889956c0445c687a81ddf8e20f4ec9eeec85a9d913895", "price_changes": [{"asset_id": "13098413062339074296821519941383425391124072498458911348437951295927635869380", "price": "0.968", "size": "5.47", "side": "SELL", "hash": "dab1a522e13d3fce7cff00a5fb6ccd56a19080f3", "best_bid": "0.001", "best_ask": "0.007"}, {"asset_id": "102160281721763287773638395598674620443892670693916948067964313241767675237839", "price": "0.032", "size": "5.47", "side": "BUY", "hash": "282ae745626c71529faa31218995594ed8ca3509", "best_bid": "0.993", "best_ask": "0.999"}], "timestamp": "1769384557677", "event_type": "price_change"}}
{"_local_timestamp": "2026-01-25T23:42:37.946640+00:00", "data": {"market": "0xd16746c6acba3a9e848889956c0445c687a81ddf8e20f4ec9eeec85a9d913895", "price_changes": [{"asset_id": "13098413062339074296821519941383425391124072498458911348437951295927635869380", "price": "0.002", "size": "5", "side": "BUY", "hash": "a31ebb0426a7985653955aa85ee85f278fe2011b", "best_bid": "0.002", "best_ask": "0.007"}, {"asset_id": "102160281721763287773638395598674620443892670693916948067964313241767675237839", "price": "0.998", "size": "5", "side": "SELL", "hash": "33e2385ac3886392aabd1138d94204c98f83b798", "best_bid": "0.993", "best_ask": "0.998"}], "timestamp": "1769384557819", "event_type": "price_change"}}
{"_local_timestamp": "2026-01-25T23:42:38.937439+00:00", "data": {"market": "0xd16746c6acba3a9e848889956c0445c687a81ddf8e20f4ec9eeec85a9d913895", "price_changes": [{"asset_id": "13098413062339074296821519941383425391124072498458911348437951295927635869380", "price": "0.004", "size": "56.61", "side": "BUY", "hash": "7cbe660a6ee11557caa624f0ef197470b2207347", "best_bid": "0.004", "best_ask": "0.007"}, {"asset_id": "102160281721763287773638395598674620443892670693916948067964313241767675237839", "price": "0.996", "size": "56.61", "side": "SELL", "hash": "53ed2132ca236fa6ed7d936c2e383b889047d126", "best_bid": "0.993", "best_ask": "0.996"}], "timestamp": "1769384558838", "event_type": "price_change"}}
{"_local_timestamp": "2026-01-25T23:42:38.938079+00:00", "data": {"market": "0xd16746c6acba3a9e848889956c0445c687a81ddf8e20f4ec9eeec85a9d913895", "price_changes": [{"asset_id": "13098413062339074296821519941383425391124072498458911348437951295927635869380", "price": "0.002", "size": "19.16", "side": "BUY", "hash": "b9de454dd0f1dbb7d8efc9c14c6cf1a793f6633a", "best_bid": "0.004", "best_ask": "0.007"}, {"asset_id": "102160281721763287773638395598674620443892670693916948067964313241767675237839", "price": "0.998", "size": "19.16", "side": "SELL", "hash": "4291a17c1747e6294b3f675473b2c21ab0ad825d", "best_bid": "0.993", "best_ask": "0.996"}], "timestamp": "1769384558840", "event_type": "price_change"}}
{"_local_timestamp": "2026-01-25T23:42:38.940296+00:00", "data": {"market": "0xd16746c6acba3a9e848889956c0445c687a81ddf8e20f4ec9eeec85a9d913895", "price_changes": [{"asset_id": "13098413062339074296821519941383425391124072498458911348437951295927635869380", "price": "0.003", "size": "75.75", "side": "BUY", "hash": "c91a503666f950a25937f4f6a9646ee9271d8b4d", "best_bid": "0.004", "best_ask": "0.007"}, {"asset_id": "102160281721763287773638395598674620443892670693916948067964313241767675237839", "price": "0.997", "size": "75.75", "side": "SELL", "hash": "5f95911bad0ce513043acf396a0fdc3f854b4812", "best_bid": "0.993", "best_ask": "0.996"}], "timestamp": "1769384558842", "event_type": "price_change"}}
{"_local_timestamp": "2026-01-25T23:42:39.032632+00:00", "data": {"market": "0xd16746c6acba3a9e848889956c0445c687a81ddf8e20f4ec9eeec85a9d913895", "price_changes": [{"asset_id": "102160281721763287773638395598674620443892670693916948067964313241767675237839", "price": "0.037", "size": "5.36", "side": "BUY", "hash": "04dd74c823fe477449d8d25b33c9eb904da04dfb", "best_bid": "0.993", "best_ask": "0.996"}, {"asset_id": "13098413062339074296821519941383425391124072498458911348437951295927635869380", "price": "0.963", "size": "5.36", "side": "SELL", "hash": "dcf4b34fb2f6d121773d4fc703a47704da2e2d31", "best_bid": "0.004", "best_ask": "0.007"}], "timestamp": "1769384558933", "event_type": "price_change"}}
{"_local_timestamp": "2026-01-25T23:42:39.033070+00:00", "data": {"market": "0xd16746c6acba3a9e848889956c0445c687a81ddf8e20f4ec9eeec85a9d913895", "price_changes": [{"asset_id": "102160281721763287773638395598674620443892670693916948067964313241767675237839", "price": "0.032", "size": "17.19", "side": "BUY", "hash": "6a938642093ac7bb796cb662de32d833a10b2e74", "best_bid": "0.993", "best_ask": "0.996"}, {"asset_id": "13098413062339074296821519941383425391124072498458911348437951295927635869380", "price": "0.968", "size": "17.19", "side": "SELL", "hash": "206737eeb571125f816702e587b3a0e657b7193d", "best_bid": "0.004", "best_ask": "0.007"}], "timestamp": "1769384558934", "event_type": "price_change"}}
{"_local_timestamp": "2026-01-25T23:42:39.856357+00:00", "data": {"market": "0xd16746c6acba3a9e848889956c0445c687a81ddf8e20f4ec9eeec85a9d913895", "price_changes": [{"asset_id": "13098413062339074296821519941383425391124072498458911348437951295927635869380", "price": "0.969", "size": "0", "side": "SELL", "hash": "f783adf21c42638c3c6dd6876313e0cf01c7b98e", "best_bid": "0.004", "best_ask": "0.007"}, {"asset_id": "102160281721763287773638395598674620443892670693916948067964313241767675237839", "price": "0.031", "size": "0", "side": "BUY", "hash": "b000be5d2be04e3ff39a487b05de56d61482b6b6", "best_bid": "0.993", "best_ask": "0.996"}], "timestamp": "1769384559750", "event_type": "price_change"}}
{"_local_timestamp": "2026-01-25T23:42:39.899875+00:00", "data": {"market": "0xd16746c6acba3a9e848889956c0445c687a81ddf8e20f4ec9eeec85a9d913895", "price_changes": [{"asset_id": "13098413062339074296821519941383425391124072498458911348437951295927635869380", "price": "0.967", "size": "25", "side": "SELL", "hash": "19e729fbde2f250dc55e26a0aad59f5313ebaa24", "best_bid": "0.004", "best_ask": "0.007"}, {"asset_id": "102160281721763287773638395598674620443892670693916948067964313241767675237839", "price": "0.033", "size": "25", "side": "BUY", "hash": "4a1b1cd23933c0133f02c318cc6f2af3f9768f68", "best_bid": "0.993", "best_ask": "0.996"}], "timestamp": "1769384559788", "event_type": "price_change"}}
{"_local_timestamp": "2026-01-25T23:42:40.753303+00:00", "data": {"market": "0xd16746c6acba3a9e848889956c0445c687a81ddf8e20f4ec9eeec85a9d913895", "price_changes": [{"asset_id": "13098413062339074296821519941383425391124072498458911348437951295927635869380", "price": "0.968", "size": "11.72", "side": "SELL", "hash": "312687894e0459f4994d054dcfbf654e16ed5b30", "best_bid": "0.004", "best_ask": "0.007"}, {"asset_id": "102160281721763287773638395598674620443892670693916948067964313241767675237839", "price": "0.032", "size": "11.72", "side": "BUY", "hash": "8b9473cefa4d8f6be2a9d25db00e02f14b28640d", "best_bid": "0.993", "best_ask": "0.996"}], "timestamp": "1769384560631", "event_type": "price_change"}}
{"_local_timestamp": "2026-01-25T23:42:40.892549+00:00", "data": {"market": "0xd16746c6acba3a9e848889956c0445c687a81ddf8e20f4ec9eeec85a9d913895", "price_changes": [{"asset_id": "13098413062339074296821519941383425391124072498458911348437951295927635869380", "price": "0.962", "size": "5.47", "side": "SELL", "hash": "f3257c30c2c87a0e5026855e2852c26996d60ecf", "best_bid": "0.004", "best_ask": "0.007"}, {"asset_id": "102160281721763287773638395598674620443892670693916948067964313241767675237839", "price": "0.038", "size": "5.47", "side": "BUY", "hash": "af5298f0c3fcd85044d15da6a50fba8f5bb889da", "best_bid": "0.993", "best_ask": "0.996"}], "timestamp": "1769384560771", "event_type": "price_change"}}
{"_local_timestamp": "2026-01-25T23:42:41.170011+00:00", "data": {"market": "0xd16746c6acba3a9e848889956c0445c687a81ddf8e20f4ec9eeec85a9d913895", "price_changes": [{"asset_id": "13098413062339074296821519941383425391124072498458911348437951295927635869380", "price": "0.002", "size": "14.16", "side": "BUY", "hash": "d87feadcbc315058623f9390bd7b0d01efe51df6", "best_bid": "0.004", "best_ask": "0.007"}, {"asset_id": "102160281721763287773638395598674620443892670693916948067964313241767675237839", "price": "0.998", "size": "14.16", "side": "SELL", "hash": "182ea8562d96fcd1272cb0085a1c173bd2d8e916", "best_bid": "0.993", "best_ask": "0.996"}], "timestamp": "1769384561043", "event_type": "price_change"}}
{"_local_timestamp": "2026-01-25T23:42:41.265352+00:00", "data": {"market": "0xd16746c6acba3a9e848889956c0445c687a81ddf8e20f4ec9eeec85a9d913895", "price_changes": [{"asset_id": "13098413062339074296821519941383425391124072498458911348437951295927635869380", "price": "0.967", "size": "0", "side": "SELL", "hash": "c8829b7c739a8fcfca5455e0833e58e77190ff67", "best_bid": "0.004", "best_ask": "0.007"}, {"asset_id": "102160281721763287773638395598674620443892670693916948067964313241767675237839", "price": "0.033", "size": "0", "side": "BUY", "hash": "515cc00f1e7f6d4181bc3b9a011f6201cf35106a", "best_bid": "0.993", "best_ask": "0.996"}], "timestamp": "1769384561144", "event_type": "price_change"}}
{"_local_timestamp": "2026-01-25T23:42:41.306401+00:00", "data": {"market": "0xd16746c6acba3a9e848889956c0445c687a81ddf8e20f4ec9eeec85a9d913895", "price_changes": [{"asset_id": "13098413062339074296821519941383425391124072498458911348437951295927635869380", "price": "0.969", "size": "25", "side": "SELL", "hash": "eb47bb7e91051585502ba448798e779f116f4b86", "best_bid": "0.004", "best_ask": "0.007"}, {"asset_id": "102160281721763287773638395598674620443892670693916948067964313241767675237839", "price": "0.031", "size": "25", "side": "BUY", "hash": "c2bcb35d3680fe30f3d052ae9b6f517c9efc0fc7", "best_bid": "0.993", "best_ask": "0.996"}], "timestamp": "1769384561181", "event_type": "price_change"}}
