{"_local_timestamp": "2026-01-25T23:34:13.748646+00:00", "data": [{"market": "0xbe04a940bd727776edcf5bd3f1d2d7902365bd163168836149c571e5c3f866ac", "asset_id": "33582260188387597169368782509732043041912468200824283736195322742535466962761", "timestamp": "1769383994984", "hash": "af404f5dfa987e720a3d9aab562d28241f5a8673", "bids": [{"price": "0.01", "size": "914.69"}, {"price": "0.02", "size": "713.64"}, {"price": "0.03", "size": "141"}, {"price": "0.04", "size": "6.17"}, {"price": "0.06", "size": "51.07"}], "asks": [{"price": "0.99", "size": "224.73"}, {"price": "0.98", "size": "159.71"}, {"price": "0.97", "size": "629.35"}, {"price": "0.96", "size": "500"}, {"price": "0.95", "size": "308.42"}, {"price": "0.94", "size": "33"}, {"price": "0.93", "size": "10.81"}, {"price": "0.92", "size": "86"}, {"price": "0.9", "size": "79"}, {"price": "0.86", "size": "10"}], "event_type": "book", "last_trade_price": ""}, {"market": "0xbe04a940bd727776edcf5bd3f1d2d7902365bd163168836149c571e5c3f866ac", "asset_id": "31622568279699696697266965277895300411596354857780212651157553572623674476877", "timestamp": "1769383994984", "hash": "d4aa0f32030e0c2ce2c67bb0102d0c321afc8c65", "bids": [{"price": "0.01", "size": "224.73"}, {"price": "0.02", "size": "159.71"}, {"price": "0.03", "size": "629.35"}, {"price": "0.04", "size": "500"}, {"price": "0.05", "size": "308.42"}, {"price": "0.06", "size": "33"}, {"price": "0.07", "size": "10.81"}, {"price": "0.08", "size": "86"}, {"price": "0.1", "size": "79"}, {"price": "0.14", "size": "10"}], "asks": [{"price": "0.99", "size": "914.69"}, {"price": "0.98", "size": "713.64"}, {"price": "0.97", "size": "141"}, {"price": "0.96", "size": "6.17"}, {"price": "0.94", "size": "51.07"}], "event_type": "book", "last_trade_price": ""}, {"market": "0x03ad7a8603489b79f0f2aa7be78f31827fd2157509920596f3f25c6c1fbce99c", "asset_id": "56229159156369860518037252795436603567674349009541148416038573544214031437849", "timestamp": "1769382483678", "hash": "8d7ee6ad9e0b62f3b0a448087198c4939d793850", "bids": [{"price": "0.01", "size": "215.8"}, {"price": "0.02", "size": "159.71"}, {"price": "0.03", "size": "621.84"}, {"price": "0.04", "size": "532.38"}, {"price": "0.05", "size": "280"}, {"price": "0.06", "size": "39.75"}, {"price": "0.08", "size": "85"}, {"price": "0.09", "size": "8.79"}, {"price": "0.11", "size": "39"}, {"price": "0.14", "size": "10"}], "asks": [{"price": "0.99", "size": "614.69"}, {"price": "0.98", "size": "663.64"}, {"price": "0.97", "size": "200"}, {"price": "0.96", "size": "90.17"}, {"price": "0.95", "size": "46"}, {"price": "0.94", "size": "47.99"}], "event_type": "book", "last_trade_price": ""}, {"market": "0x03ad7a8603489b79f0f2aa7be78f31827fd2157509920596f3f25c6c1fbce99c", "asset_id": "70466250640005931516149404024305824133131429837937214894029689313380588676765", "timestamp": "1769382483678", "hash": "d7e280153eabf8c68f5502a47dc4e4b29e806ff7", "bids": [{"price": "0.01", "size": "614.69"}, {"price": "0.02", "size": "663.64"}, {"price": "0.03", "size": "200"}, {"price": "0.04", "size": "90.17"}, {"price": "0.05", "size": "46"}, {"price": "0.06", "size": "47.99"}], "asks": [{"price": "0.99", "size": "215.8"}, {"price": "0.98", "size": "159.71"}, {"price": "0.97", "size": "621.84"}, {"price": "0.96", "size": "532.38"}, {"price": "0.95", "size": "280"}, {"price": "0.94", "size": "39.75"}, {"price": "0.92", "size": "85"}, {"price": "0.91", "size": "8.79"}, {"price": "0.89", "size": "39"}, {"price": "0.86", "size": "10"}], "event_type": "book", "last_trade_price": ""}, {"market": "0xbb15381d7b9c18c136833c6eb7a7c0b31d4e5b266283261fe595096549941a3f", "asset_id": "59859908945423399403967728960850674138977129821714389017751207640174000075481", "timestamp": "1769383882973", "hash": "fd2533a4d848ca78bb2d5e07e67781bd6e5b7ae9", "bids": [{"price": "0.01", "size": "614.69"}, {"price": "0.02", "size": "663.64"}, {"price": "0.03", "size": "200"}, {"price": "0.04", "size": "90.17"}, {"price": "0.05", "size": "40"}, {"price": "0.06", "size": "51.07"}], "asks": [{"price": "0.99", "size": "216.62"}, {"price": "0.98", "size": "159.71"}, {"price": "0.97", "size": "621.82"}, {"price": "0.96", "size": "532.34"}, {"price": "0.95", "size": "280"}, {"price": "0.94", "size": "39.71"}, {"price": "0.92", "size": "60"}, {"price": "0.91", "size": "8.75"}, {"price": "0.89", "size": "39"}, {"price": "0.86", "size": "10"}], "event_type": "book", "last_trade_price": ""}, {"market": "0xbb15381d7b9c18c136833c6eb7a7c0b31d4e5b266283261fe595096549941a3f", "asset_id": "107883184323528979802782134880462857602565375086936475954609747708702116590050", "timestamp": "1769383882973", "hash": "a07a83dd830f8c21582ddf64d4e028ea9246985a", "bids": [{"price": "0.01", "size": "216.62"}, {"price": "0.02", "size": "159.71"}, {"price": "0.03", "size": "621.82"}, {"price": "0.04", "size": "532.34"}, {"price": "0.05", "size": "280"}, {"price": "0.06", "size": "39.71"}, {"price": "0.08", "size": "60"}, {"price": "0.09", "size": "8.75"}, {"price": "0.11", "size": "39"}, {"price": "0.14", "size": "10"}], "asks": [{"price": "0.99", "size": "614.69"}, {"price": "0.98", "size": "663.64"}, {"price": "0.97", "size": "200"}, {"price": "0.96", "size": "90.17"}, {"price": "0.95", "size": "40"}, {"price": "0.94", "size": "51.07"}], "event_type": "book", "last_trade_price": ""}]}
