{"_local_timestamp": "2026-01-25T23:34:13.283578+00:00", "data": [{"market": "0x780c042865b2018eeb8ddcdec110c6839c6f27a8062b37dded79501920250afe", "asset_id": "79287164977737814011242460177248792416483317253936439908020481835936787513608", "timestamp": "1769383976056", "hash": "6865c12bee25d613dd3b718380ea98dc2ddcc580", "bids": [{"price": "0.01", "size": "100"}, {"price": "0.02", "size": "33.33"}, {"price": "0.03", "size": "5.47"}], "asks": [{"price": "0.99", "size": "199.99"}, {"price": "0.98", "size": "50"}, {"price": "0.97", "size": "200"}], "event_type": "book", "last_trade_price": "0.820"}, {"market": "0xdbe51bbd40ca77053fd794ac247cd2d07a150921accdd624f9f345fbc63db48b", "asset_id": "87345926905556212316847105466061439969543894768822947485860245095466364170902", "timestamp": "1769383979019", "hash": "483b1286ef337b0ea00642d666818fc641f84a4b", "bids": [{"price": "0.01", "size": "100"}, {"price": "0.33", "size": "165"}], "asks": [{"price": "0.99", "size": "100"}, {"price": "0.73", "size": "234"}], "event_type": "book", "last_trade_price": "0.260"}, {"market": "0xdbe51bbd40ca77053fd794ac247cd2d07a150921accdd624f9f345fbc63db48b", "asset_id": "36448007855605050896824786938032039502111327633212361142790079215548046414522", "timestamp": "1769383979019", "hash": "748fa0390f481516af0acc9eed938a4cc6f2d52e", "bids": [{"price": "0.01", "size": "100"}, {"price": "0.27", "size": "234"}], "asks": [{"price": "0.99", "size": "100"}, {"price": "0.67", "size": "165"}], "event_type": "book", "last_trade_price": "0.260"}, {"market": "0x1feaf4097b273ee90aea00fdc5afa9ec6e14b518caf2ddbc421851bef1bdc168", "asset_id": "18882795016423351779855047017846676160725151167446687947380948164302842014020", "timestamp": "1769383985914", "hash": "0f80362ce720eb4dff86a5c266f2a1c780aaf565", "bids": [{"price": "0.01", "size": "150"}, {"price": "0.02", "size": "166"}, {"price": "0.03", "size": "5.47"}], "asks": [{"price": "0.99", "size": "200"}, {"price": "0.98", "size": "5.47"}, {"price": "0.56", "size": "430"}], "event_type": "book", "last_trade_price": "0.420"}, {"market": "0x780c042865b2018eeb8ddcdec110c6839c6f27a8062b37dded79501920250afe", "asset_id": "96548263188568861225971459083251184634804319351377359745128053937517313229246", "timestamp": "1769383976056", "hash": "9b80333212f183f4f5742bd864da2554e2e46e4e", "bids": [{"price": "0.01", "size": "199.99"}, {"price": "0.02", "size": "50"}, {"price": "0.03", "size": "200"}], "asks": [{"price": "0.99", "size": "100"}, {"price": "0.98", "size": "33.33"}, {"price": "0.97", "size": "5.47"}], "event_type": "book", "last_trade_price": "0.820"}, {"market": "0x1feaf4097b273ee90aea00fdc5afa9ec6e14b518caf2ddbc421851bef1bdc168", "asset_id": "22033330904498269999207988435951609926608006932357150385292796096528006231715", "timestamp": "1769383985914", "hash": "947aeca49c76d883cfc01fdbd5ec77f0c15fdfd5", "bids": [{"price": "0.01", "size": "200"}, {"price": "0.02", "size": "5.47"}, {"price": "0.44", "size": "430"}], "asks": [{"price": "0.99", "size": "150"}, {"price": "0.98", "size": "166"}, {"price": "0.97", "size": "5.47"}], "event_type": "book", "last_trade_price": "0.420"}]}
{"_local_timestamp": "2026-01-25T23:34:55.125702+00:00", "data": {"market": "0x1feaf4097b273ee90aea00fdc5afa9ec6e14b518caf2ddbc421851bef1bdc168", "price_changes": [{"asset_id": "22033330904498269999207988435951609926608006932357150385292796096528006231715", "price": "0.44", "size": "222", "side": "BUY", "hash": "851176ee76be34f91930239944daa178388af9dd", "best_bid": "0.44", "best_ask": "0.97"}, {"asset_id": "18882795016423351779855047017846676160725151167446687947380948164302842014020", "price": "0.56", "size": "222", "side": "SELL", "hash": "420bef6c76e4d49133165051be253be003372cc9", "best_bid": "0.03", "best_ask": "0.56"}], "timestamp": "1769384095025", "event_type": "price_change"}}
{"_local_timestamp": "2026-01-25T23:34:55.325729+00:00", "data": {"market": "0x1feaf4097b273ee90aea00fdc5afa9ec6e14b518caf2ddbc421851bef1bdc168", "price_changes": [{"asset_id": "22033330904498269999207988435951609926608006932357150385292796096528006231715", "price": "0.43", "size": "189", "side": "BUY", "hash": "cf30160048c9ba0470fb6ea9bab7e52b718c75d2", "best_bid": "0.44", "best_ask": "0.97"}, {"asset_id": "18882795016423351779855047017846676160725151167446687947380948164302842014020", "price": "0.57", "size": "189", "side": "SELL", "hash": "26da492a8a1cc233847cd8a78c56926e1ef077b0", "best_bid": "0.03", "best_ask": "0.56"}], "timestamp": "1769384095226", "event_type": "price_change"}}
{"_local_timestamp": "2026-01-25T23:34:58.194748+00:00", "data": {"market": "0x1feaf4097b273ee90aea00fdc5afa9ec6e14b518caf2ddbc421851bef1bdc168", "price_changes": [{"asset_id": "22033330904498269999207988435951609926608006932357150385292796096528006231715", "price": "0.43", "size": "0", "side": "BUY", "hash": "d3211e51339750c7f6d95cb87a24f27e60f34eee", "best_bid": "0.44", "best_ask": "0.97"}, {"asset_id": "18882795016423351779855047017846676160725151167446687947380948164302842014020", "price": "0.57", "size": "0", "side": "SELL", "hash": "e8b3ca340e8d0004891593a9d5b7a0ae42479bd5", "best_bid": "0.03", "best_ask": "0.56"}], "timestamp": "1769384098117", "event_type": "price_change"}}
{"_local_timestamp": "2026-01-25T23:34:58.213391+00:00", "data": {"market": "0x1feaf4097b273ee90aea00fdc5afa9ec6e14b518caf2ddbc421851bef1bdc168", "price_changes": [{"asset_id": "22033330904498269999207988435951609926608006932357150385292796096528006231715", "price": "0.44", "size": "256", "side": "BUY", "hash": "6500a8bb64807829f08885f180825b00c8c22dbc", "best_bid": "0.44", "best_ask": "0.97"}, {"asset_id": "18882795016423351779855047017846676160725151167446687947380948164302842014020", "price": "0.56", "size": "256", "side": "SELL", "hash": "757f47e74df159e7f43af9281b5ece01c679a49b", "best_bid": "0.03", "best_ask": "0.56"}], "timestamp": "1769384098151", "event_type": "price_change"}}
{"_local_timestamp": "2026-01-25T23:35:26.781939+00:00", "data": {"market": "0x1feaf4097b273ee90aea00fdc5afa9ec6e14b518caf2ddbc421851bef1bdc168", "price_changes": [{"asset_id": "22033330904498269999207988435951609926608006932357150385292796096528006231715", "price": "0.44", "size": "222", "side": "BUY", "hash": "70d0a8352beb0831dd54bf6dcfbc3ae2d9b94412", "best_bid": "0.44", "best_ask": "0.97"}, {"asset_id": "18882795016423351779855047017846676160725151167446687947380948164302842014020", "price": "0.56", "size": "222", "side": "SELL", "hash": "73f29917b8284d2bee64e0d3760a20d2e4b5caa1", "best_bid": "0.03", "best_ask": "0.56"}], "timestamp": "1769384126582", "event_type": "price_change"}}
{"_local_timestamp": "2026-01-25T23:35:26.803332+00:00", "data": {"market": "0x1feaf4097b273ee90aea00fdc5afa9ec6e14b518caf2ddbc421851bef1bdc168", "price_changes": [{"asset_id": "22033330904498269999207988435951609926608006932357150385292796096528006231715", "price": "0.43", "size": "211", "side": "BUY", "hash": "282a09329fd0b3642d8333dbddf0b414dd94cd15", "best_bid": "0.44", "best_ask": "0.97"}, {"asset_id": "18882795016423351779855047017846676160725151167446687947380948164302842014020", "price": "0.57", "size": "211", "side": "SELL", "hash": "06d55b513fea8b29ab73f753ff5ce2bf3eb3b197", "best_bid": "0.03", "best_ask": "0.56"}], "timestamp": "1769384126610", "event_type": "price_change"}}
{"_local_timestamp": "2026-01-25T23:35:44.846901+00:00", "data": {"market": "0x1feaf4097b273ee90aea00fdc5afa9ec6e14b518caf2ddbc421851bef1bdc168", "price_changes": [{"asset_id": "22033330904498269999207988435951609926608006932357150385292796096528006231715", "price": "0.43", "size": "0", "side": "BUY", "hash": "bd616b1711f391e42eff4b56c2eebb551ec24865", "best_bid": "0.44", "best_ask": "0.97"}, {"asset_id": "18882795016423351779855047017846676160725151167446687947380948164302842014020", "price": "0.57", "size": "0", "side": "SELL", "hash": "71818ca8eaf5404a23082bcc8d998838c88edaf0", "best_bid": "0.03", "best_ask": "0.56"}], "timestamp": "1769384144783", "event_type": "price_change"}}
{"_local_timestamp": "2026-01-25T23:35:44.874454+00:00", "data": {"market": "0x1feaf4097b273ee90aea00fdc5afa9ec6e14b518caf2ddbc421851bef1bdc168", "price_changes": [{"asset_id": "22033330904498269999207988435951609926608006932357150385292796096528006231715", "price": "0.42", "size": "228", "side": "BUY", "hash": "8e4035b6a08dc8537bd3931170580109598240d0", "best_bid": "0.44", "best_ask": "0.97"}, {"asset_id": "18882795016423351779855047017846676160725151167446687947380948164302842014020", "price": "0.58", "size": "228", "side": "SELL", "hash": "10214d104150b7e6cc2288c372c011b4abe35d38", "best_bid": "0.03", "best_ask": "0.56"}], "timestamp": "1769384144811", "event_type": "price_change"}}
{"_local_timestamp": "2026-01-25T23:36:10.711705+00:00", "data": {"market": "0xdbe51bbd40ca77053fd794ac247cd2d07a150921accdd624f9f345fbc63db48b", "price_changes": [{"asset_id": "87345926905556212316847105466061439969543894768822947485860245095466364170902", "price": "0.02", "size": "50", "side": "BUY", "hash": "572837e6ef518758dbbe33db5b5069a38c78134b", "best_bid": "0.33", "best_ask": "0.73"}, {"asset_id": "36448007855605050896824786938032039502111327633212361142790079215548046414522", "price": "0.98", "size": "50", "side": "SELL", "hash": "bb08df8beec176d43da25d972fb7ba9040b3c66a", "best_bid": "0.27", "best_ask": "0.67"}], "timestamp": "1769384170646", "event_type": "price_change"}}
{"_local_timestamp": "2026-01-25T23:36:10.712437+00:00", "data": {"market": "0xdbe51bbd40ca77053fd794ac247cd2d07a150921accdd624f9f345fbc63db48b", "price_changes": [{"asset_id": "87345926905556212316847105466061439969543894768822947485860245095466364170902", "price": "0.01", "size": "199.99", "side": "BUY", "hash": "58b523d5010aaf1ceb85821abf48f089d1439063", "best_bid": "0.33", "best_ask": "0.73"}, {"asset_id": "36448007855605050896824786938032039502111327633212361142790079215548046414522", "price": "0.99", "size": "199.99", "side": "SELL", "hash": "859c27683fb5c11a8c4f1bf072d8b81dbdb4d55e", "best_bid": "0.27", "best_ask": "0.67"}], "timestamp": "1769384170648", "event_type": "price_change"}}
{"_local_timestamp": "2026-01-25T23:36:31.110954+00:00", "data": {"market": "0x1feaf4097b273ee90aea00fdc5afa9ec6e14b518caf2ddbc421851bef1bdc168", "price_changes": [{"asset_id": "22033330904498269999207988435951609926608006932357150385292796096528006231715", "price": "0.42", "size": "0", "side": "BUY", "hash": "134cbd0e0bf3cdfd7a67ebe0732084ea24fd5b78", "best_bid": "0.44", "best_ask": "0.97"}, {"asset_id": "18882795016423351779855047017846676160725151167446687947380948164302842014020", "price": "0.58", "size": "0", "side": "SELL", "hash": "ca956dc714d288b54a8db07195fc58576c7d8f6c", "best_bid": "0.03", "best_ask": "0.56"}], "timestamp": "1769384191044", "event_type": "price_change"}}
{"_local_timestamp": "2026-01-25T23:36:31.169211+00:00", "data": {"market": "0x1feaf4097b273ee90aea00fdc5afa9ec6e14b518caf2ddbc421851bef1bdc168", "price_changes": [{"asset_id": "22033330904498269999207988435951609926608006932357150385292796096528006231715", "price": "0.41", "size": "199", "side": "BUY", "hash": "92b38fe8978f316971069f2e3b804618d69d664b", "best_bid": "0.44", "best_ask": "0.97"}, {"asset_id": "18882795016423351779855047017846676160725151167446687947380948164302842014020", "price": "0.59", "size": "199", "side": "SELL", "hash": "1686935042fc8caf01b87990e57a26f5a647c398", "best_bid": "0.03", "best_ask": "0.56"}], "timestamp": "1769384191099", "event_type": "price_change"}}
