{"_local_timestamp": "2026-01-25T23:41:19.650371+00:00", "data": [{"market": "0x90997cef798d6f053cca3c230b4f12f24f68f7fc9cf15920c3be37d0d112fa8f", "asset_id": "29656606932448841247712993345347028655649058527934539152439142898283850169699", "timestamp": "1769383286839", "hash": "21710b359567f19bf3b60e2829e4b92d72fd2b6a", "bids": [{"price": "0.01", "size": "330"}, {"price": "0.02", "size": "158.29"}, {"price": "0.03", "size": "300"}, {"price": "0.04", "size": "325"}, {"price": "0.05", "size": "175"}, {"price": "0.06", "size": "33"}, {"price": "0.07", "size": "7.15"}, {"price": "0.09", "size": "144.44"}, {"price": "0.1", "size": "182"}, {"price": "0.46", "size": "10"}], "asks": [{"price": "0.99", "size": "196.13"}, {"price": "0.98", "size": "156.22"}, {"price": "0.97", "size": "11.73"}, {"price": "0.95", "size": "300"}, {"price": "0.94", "size": "331.5"}, {"price": "0.93", "size": "344.75"}, {"price": "0.92", "size": "175"}, {"price": "0.91", "size": "10.8"}, {"price": "0.87", "size": "7.69"}, {"price": "0.82", "size": "10"}], "event_type": "book", "last_trade_price": ""}, {"market": "0x28d35b04c843d15e729d282de60e96344135e110c5b10317a5df10dca2a1b7d9", "asset_id": "68924143647662566880314309447454933547082816629457762157962047811441588878533", "timestamp": "1769383286358", "hash": "c158f4f9eb2bcb4917cf86e7adaa6e47527a4760", "bids": [{"price": "0.01", "size": "344.23"}, {"price": "0.02", "size": "164.73"}, {"price": "0.03", "size": "616.66"}, {"price": "0.04", "size": "360.38"}, {"price": "0.05", "size": "925"}, {"price": "0.06", "size": "75"}, {"price": "0.07", "size": "16.39"}, {"price": "0.12", "size": "39"}, {"price": "0.13", "size": "39"}, {"price": "0.17", "size": "10"}, {"price": "0.18", "size": "158"}], "asks": [{"price": "0.99", "size": "744.69"}, {"price": "0.98", "size": "856.99"}, {"price": "0.97", "size": "12.66"}, {"price": "0.95", "size": "181"}, {"price": "0.94", "size": "55.07"}], "event_type": "book", "last_trade_price": ""}, {"market": "0x28d35b04c843d15e729d282de60e96344135e110c5b10317a5df10dca2a1b7d9", "asset_id": "3208029905358528338575760235988100238038197707259250964206230190094866739247", "timestamp": "1769383286358", "hash": "99d1cfdd812f90a22f5818d0aedc37ca1fb0a469", "bids": [{"price": "0.01", "size": "744.69"}, {"price": "0.02", "size": "856.99"}, {"price": "0.03", "size": "12.66"}, {"price": "0.05", "size": "181"}, {"price": "0.06", "size": "55.07"}], "asks": [{"price": "0.99", "size": "344.23"}, {"price": "0.98", "size": "164.73"}, {"price": "0.97", "size": "616.66"}, {"price": "0.96", "size": "360.38"}, {"price": "0.95", "size": "925"}, {"price": "0.94", "size": "75"}, {"price": "0.93", "size": "16.39"}, {"price": "0.88", "size": "39"}, {"price": "0.87", "size": "39"}, {"price": "0.83", "size": "10"}, {"price": "0.82", "size": "158"}], "event_type": "book", "last_trade_price": ""}, {"market": "0x90997cef798d6f053cca3c230b4f12f24f68f7fc9cf15920c3be37d0d112fa8f", "asset_id": "65869182254884612830482337306332830559655292379723585063186389003929693105203", "timestamp": "1769383286839", "hash": "4fe8768f442e5267feaccb0ebfa873c8f89bf76d", "bids": [{"price": "0.01", "size": "196.13"}, {"price": "0.02", "size": "156.22"}, {"price": "0.03", "size": "11.73"}, {"price": "0.05", "size": "300"}, {"price": "0.06", "size": "331.5"}, {"price": "0.07", "size": "344.75"}, {"price": "0.08", "size": "175"}, {"price": "0.09", "size": "10.8"}, {"price": "0.13", "size": "7.69"}, {"price": "0.18", "size": "10"}], "asks": [{"price": "0.99", "size": "330"}, {"price": "0.98", "size": "158.29"}, {"price": "0.97", "size": "300"}, {"price": "0.96", "size": "325"}, {"price": "0.95", "size": "175"}, {"price": "0.94", "size": "33"}, {"price": "0.93", "size": "7.15"}, {"price": "0.91", "size": "144.44"}, {"price": "0.9", "size": "182"}, {"price": "0.54", "size": "10"}], "event_type": "book", "last_trade_price": ""}, {"market": "0x8f20c1aa9a20ef7cce2c5138b1e55364873d483eaaa9ce6a7788766710751280", "asset_id": "114489695404331899484279623917771655836073391464996928003166646697349580192137", "timestamp": "1769384099307", "hash": "aae20ddc6d6f730149bb068da25f12f11bd434b5", "bids": [{"price": "0.01", "size": "344.05"}, {"price": "0.02", "size": "157.78"}, {"price": "0.03", "size": "12.42"}, {"price": "0.04", "size": "325"}, {"price": "0.05", "size": "20"}, {"price": "0.06", "size": "391.66"}, {"price": "0.07", "size": "200"}, {"price": "0.08", "size": "200"}, {"price": "0.09", "size": "14.79"}, {"price": "0.13", "size": "7.69"}, {"price": "0.14", "size": "201"}, {"price": "0.21", "size": "10"}, {"price": "0.22", "size": "39"}], "asks": [{"price": "0.99", "size": "343.27"}, {"price": "0.98", "size": "150"}, {"price": "0.97", "size": "630.86"}, {"price": "0.96", "size": "75"}, {"price": "0.95", "size": "100"}, {"price": "0.94", "size": "38.96"}, {"price": "0.93", "size": "326.75"}, {"price": "0.86", "size": "10"}], "event_type": "book", "last_trade_price": ""}, {"market": "0x8f20c1aa9a20ef7cce2c5138b1e55364873d483eaaa9ce6a7788766710751280", "asset_id": "43615760378199335823707569527660485227856273515958612512897223426086959848509", "timestamp": "1769384099307", "hash": "d12b79e89bd6384db0380d7039e01a4a104c459f", "bids": [{"price": "0.01", "size": "343.27"}, {"price": "0.02", "size": "150"}, {"price": "0.03", "size": "630.86"}, {"price": "0.04", "size": "75"}, {"price": "0.05", "size": "100"}, {"price": "0.06", "size": "38.96"}, {"price": "0.07", "size": "326.75"}, {"price": "0.14", "size": "10"}], "asks": [{"price": "0.99", "size": "344.05"}, {"price": "0.98", "size": "157.78"}, {"price": "0.97", "size": "12.42"}, {"price": "0.96", "size": "325"}, {"price": "0.95", "size": "20"}, {"price": "0.94", "size": "391.66"}, {"price": "0.93", "size": "200"}, {"price": "0.92", "size": "200"}, {"price": "0.91", "size": "14.79"}, {"price": "0.87", "size": "7.69"}, {"price": "0.86", "size": "201"}, {"price": "0.79", "size": "10"}, {"price": "0.78", "size": "39"}], "event_type": "book", "last_trade_price": ""}]}
{"_local_timestamp": "2026-01-25T23:43:08.183163+00:00", "data": {"market": "0x28d35b04c843d15e729d282de60e96344135e110c5b10317a5df10dca2a1b7d9", "price_changes": [{"asset_id": "3208029905358528338575760235988100238038197707259250964206230190094866739247", "price": "0.02", "size": "706.99", "side": "BUY", "hash": "80e56831742b15e8029880edcebe62715b093ef2", "best_bid": "0.06", "best_ask": "0.82"}, {"asset_id": "68924143647662566880314309447454933547082816629457762157962047811441588878533", "price": "0.98", "size": "706.99", "side": "SELL", "hash": "1b271cadcebf4ccaa85aae3d291845fa96332283", "best_bid": "0.18", "best_ask": "0.94"}], "timestamp": "1769384588003", "event_type": "price_change"}}
{"_local_timestamp": "2026-01-25T23:43:08.194349+00:00", "data": {"market": "0x28d35b04c843d15e729d282de60e96344135e110c5b10317a5df10dca2a1b7d9", "price_changes": [{"asset_id": "68924143647662566880314309447454933547082816629457762157962047811441588878533", "price": "0.02", "size": "14.73", "side": "BUY", "hash": "b4a12635a758e80876cc606825faa927abd4cf81", "best_bid": "0.18", "best_ask": "0.94"}, {"asset_id": "3208029905358528338575760235988100238038197707259250964206230190094866739247", "price": "0.98", "size": "14.73", "side": "SELL", "hash": "8b5bbb75d11ca2b5209ca394582957166e05637f", "best_bid": "0.06", "best_ask": "0.82"}], "timestamp": "1769384588004", "event_type": "price_change"}}
{"_local_timestamp": "2026-01-25T23:43:14.806063+00:00", "data": {"market": "0x28d35b04c843d15e729d282de60e96344135e110c5b10317a5df10dca2a1b7d9", "price_changes": [{"asset_id": "3208029905358528338575760235988100238038197707259250964206230190094866739247", "price": "0.02", "size": "856.99", "side": "BUY", "hash": "22cfdd1b27a9548ef0403e75d8fd32bc4c6b4f0b", "best_bid": "0.06", "best_ask": "0.82"}, {"asset_id": "68924143647662566880314309447454933547082816629457762157962047811441588878533", "price": "0.98", "size": "856.99", "side": "SELL", "hash": "7ae4ff639a276e0c21e96d837efdf224b7e1a32f", "best_bid": "0.18", "best_ask": "0.94"}], "timestamp": "1769384594681", "event_type": "price_change"}}
{"_local_timestamp": "2026-01-25T23:43:14.806429+00:00", "data": {"market": "0x28d35b04c843d15e729d282de60e96344135e110c5b10317a5df10dca2a1b7d9", "price_changes": [{"asset_id": "68924143647662566880314309447454933547082816629457762157962047811441588878533", "price": "0.02", "size": "164.73", "side": "BUY", "hash": "0df988b3354b2c8a12a3a714d5563fda20e5d2aa", "best_bid": "0.18", "best_ask": "0.94"}, {"asset_id": "3208029905358528338575760235988100238038197707259250964206230190094866739247", "price": "0.98", "size": "164.73", "side": "SELL", "hash": "e609fc26349d35b558d94cf5281ccae118029694", "best_bid": "0.06", "best_ask": "0.82"}], "timestamp": "1769384594682", "event_type": "price_change"}}
