{"_local_timestamp": "2026-01-25T23:34:13.749158+00:00", "data": [{"market": "0x9b8c29fe3c0e4f18c06da89d3275cdd7f4cda06f518b798750d004e9c8ea5f34", "asset_id": "112858064644203117854572390534453153301888626567547687954288159056681598759628", "timestamp": "1769383732821", "hash": "debfa7660d2c6ee8e870ba0c7b677db5aabe0f8e", "bids": [{"price": "0.01", "size": "730"}, {"price": "0.02", "size": "650"}, {"price": "0.03", "size": "266"}, {"price": "0.04", "size": "107"}, {"price": "0.05", "size": "48"}, {"price": "0.06", "size": "11.56"}], "asks": [{"price": "0.99", "size": "546.93"}, {"price": "0.98", "size": "433.16"}, {"price": "0.97", "size": "15.21"}, {"price": "0.96", "size": "675"}, {"price": "0.95", "size": "175"}, {"price": "0.94", "size": "6.83"}, {"price": "0.92", "size": "79"}, {"price": "0.91", "size": "47.9"}, {"price": "0.87", "size": "10"}], "event_type": "book", "last_trade_price": ""}, {"market": "0x413810ccd44b63ed99c60da4de51610c0c5e82785e1ab02214368e187e3ed7ea", "asset_id": "24545277958709152492527172772944305645026816527237891370329420622365323024659", "timestamp": "1769383312887", "hash": "9dda909d34e955449c0e667843ba35fbd2e5a657", "bids": [{"price": "0.01", "size": "730"}, {"price": "0.02", "size": "650"}, {"price": "0.03", "size": "266"}, {"price": "0.04", "size": "107"}, {"price": "0.05", "size": "48"}, {"price": "0.06", "size": "11.56"}], "asks": [{"price": "0.99", "size": "546.53"}, {"price": "0.98", "size": "435.42"}, {"price": "0.97", "size": "13.08"}, {"price": "0.96", "size": "675"}, {"price": "0.95", "size": "175"}, {"price": "0.94", "size": "9.11"}, {"price": "0.92", "size": "79"}, {"price": "0.9", "size": "6.86"}, {"price": "0.87", "size": "10"}], "event_type": "book", "last_trade_price": ""}, {"market": "0xe2e11aa5d4ef9b2666831394a72748a188469c50b0dc530b8d6a2e1988917b60", "asset_id": "3594752250259241488378266680766904398826283851912992598355770380020586974920", "timestamp": "1769383320528", "hash": "ab5b14077732be8b81359d9d0f197567feda64b6", "bids": [{"price": "0.01", "size": "730"}, {"price": "0.02", "size": "650"}, {"price": "0.03", "size": "266"}, {"price": "0.04", "size": "107"}, {"price": "0.05", "size": "47.2"}, {"price": "0.06", "size": "16.07"}], "asks": [{"price": "0.99", "size": "546.53"}, {"price": "0.98", "size": "435.42"}, {"price": "0.97", "size": "13.08"}, {"price": "0.96", "size": "675"}, {"price": "0.95", "size": "175"}, {"price": "0.94", "size": "9.11"}, {"price": "0.92", "size": "79"}, {"price": "0.9", "size": "6.86"}, {"price": "0.87", "size": "10"}], "event_type": "book", "last_trade_price": ""}, {"market": "0xe2e11aa5d4ef9b2666831394a72748a188469c50b0dc530b8d6a2e1988917b60", "asset_id": "96977504583350227579307473183654543613641658239759207112934054835303173582325", "timestamp": "1769383320528", "hash": "d1d9e75805dc838fec717b7f35bb796052f435bd", "bids": [{"price": "0.01", "size": "546.53"}, {"price": "0.02", "size": "435.42"}, {"price": "0.03", "size": "13.08"}, {"price": "0.04", "size": "675"}, {"price": "0.05", "size": "175"}, {"price": "0.06", "size": "9.11"}, {"price": "0.08", "size": "79"}, {"price": "0.1", "size": "6.86"}, {"price": "0.13", "size": "10"}], "asks": [{"price": "0.99", "size": "730"}, {"price": "0.98", "size": "650"}, {"price": "0.97", "size": "266"}, {"price": "0.96", "size": "107"}, {"price": "0.95", "size": "47.2"}, {"price": "0.94", "size": "16.07"}], "event_type": "book", "last_trade_price": ""}, {"market": "0x9b8c29fe3c0e4f18c06da89d3275cdd7f4cda06f518b798750d004e9c8ea5f34", "asset_id": "88260707443097048845311982556704511965555954502840169241198357020586831590606", "timestamp": "1769383732821", "hash": "e0c0bb628c4734f1997b3974f9a64fed3de9ec73", "bids": [{"price": "0.01", "size": "546.93"}, {"price": "0.02", "size": "433.16"}, {"price": "0.03", "size": "15.21"}, {"price": "0.04", "size": "675"}, {"price": "0.05", "size": "175"}, {"price": "0.06", "size": "6.83"}, {"price": "0.08", "size": "79"}, {"price": "0.09", "size": "47.9"}, {"price": "0.13", "size": "10"}], "asks": [{"price": "0.99", "size": "730"}, {"price": "0.98", "size": "650"}, {"price": "0.97", "size": "266"}, {"price": "0.96", "size": "107"}, {"price": "0.95", "size": "48"}, {"price": "0.94", "size": "11.56"}], "event_type": "book", "last_trade_price": ""}, {"market": "0x413810ccd44b63ed99c60da4de51610c0c5e82785e1ab02214368e187e3ed7ea", "asset_id": "6406771413838335822452347445771178288436944329566734980152197025297714167001", "timestamp": "1769383312887", "hash": "41263f542eec45ab31e4fdecb94d2ccfba427010", "bids": [{"price": "0.01", "size": "546.53"}, {"price": "0.02", "size": "435.42"}, {"price": "0.03", "size": "13.08"}, {"price": "0.04", "size": "675"}, {"price": "0.05", "size": "175"}, {"price": "0.06", "size": "9.11"}, {"price": "0.08", "size": "79"}, {"price": "0.1", "size": "6.86"}, {"price": "0.13", "size": "10"}], "asks": [{"price": "0.99", "size": "730"}, {"price": "0.98", "size": "650"}, {"price": "0.97", "size": "266"}, {"price": "0.96", "size": "107"}, {"price": "0.95", "size": "48"}, {"price": "0.94", "size": "11.56"}], "event_type": "book", "last_trade_price": ""}]}
{"_local_timestamp": "2026-01-25T23:36:09.411714+00:00", "data": {"market": "0x413810ccd44b63ed99c60da4de51610c0c5e82785e1ab02214368e187e3ed7ea", "price_changes": [{"asset_id": "6406771413838335822452347445771178288436944329566734980152197025297714167001", "price": "0.06", "size": "0", "side": "BUY", "hash": "46c0249572ea27ce2d58c87e69dc56d17fbeb68f", "best_bid": "0.13", "best_ask": "0.94"}, {"asset_id": "24545277958709152492527172772944305645026816527237891370329420622365323024659", "price": "0.94", "size": "0", "side": "SELL", "hash": "cad9c8158c539ac10c1ebc8c38f48372635585a5", "best_bid": "0.06", "best_ask": "0.87"}], "timestamp": "1769384169344", "event_type": "price_change"}}
{"_local_timestamp": "2026-01-25T23:36:09.412500+00:00", "data": {"market": "0x413810ccd44b63ed99c60da4de51610c0c5e82785e1ab02214368e187e3ed7ea", "price_changes": [{"asset_id": "6406771413838335822452347445771178288436944329566734980152197025297714167001", "price": "0.1", "size": "0", "side": "BUY", "hash": "46c0249572ea27ce2d58c87e69dc56d17fbeb68f", "best_bid": "0.13", "best_ask": "0.94"}, {"asset_id": "24545277958709152492527172772944305645026816527237891370329420622365323024659", "price": "0.9", "size": "0", "side": "SELL", "hash": "cad9c8158c539ac10c1ebc8c38f48372635585a5", "best_bid": "0.06", "best_ask": "0.87"}], "timestamp": "1769384169344", "event_type": "price_change"}}
{"_local_timestamp": "2026-01-25T23:36:10.718059+00:00", "data": {"market": "0x413810ccd44b63ed99c60da4de51610c0c5e82785e1ab02214368e187e3ed7ea", "price_changes": [{"asset_id": "6406771413838335822452347445771178288436944329566734980152197025297714167001", "price": "0.09", "size": "9.06", "side": "BUY", "hash": "f45da76fd93d14ddd3d61d26bd840e0a53da2aa8", "best_bid": "0.13", "best_ask": "0.94"}, {"asset_id": "24545277958709152492527172772944305645026816527237891370329420622365323024659", "price": "0.91", "size": "9.06", "side": "SELL", "hash": "631afcc465e75ef08c986f5d4a82cab4ab475382", "best_bid": "0.06", "best_ask": "0.87"}], "timestamp": "1769384170645", "event_type": "price_change"}}
{"_local_timestamp": "2026-01-25T23:36:10.727083+00:00", "data": {"market": "0x413810ccd44b63ed99c60da4de51610c0c5e82785e1ab02214368e187e3ed7ea", "price_changes": [{"asset_id": "6406771413838335822452347445771178288436944329566734980152197025297714167001", "price": "0.06", "size": "6.96", "side": "BUY", "hash": "854ae5ed3133e293d7dc7914a3e5065554e6f318", "best_bid": "0.13", "best_ask": "0.94"}, {"asset_id": "24545277958709152492527172772944305645026816527237891370329420622365323024659", "price": "0.94", "size": "6.96", "side": "SELL", "hash": "9532060d7002b95acf7fef4d4c54884887c2f56c", "best_bid": "0.06", "best_ask": "0.87"}], "timestamp": "1769384170647", "event_type": "price_change"}}
{"_local_timestamp": "2026-01-25T23:36:10.840981+00:00", "data": {"market": "0xe2e11aa5d4ef9b2666831394a72748a188469c50b0dc530b8d6a2e1988917b60", "price_changes": [{"asset_id": "96977504583350227579307473183654543613641658239759207112934054835303173582325", "price": "0.06", "size": "0", "side": "BUY", "hash": "75f80455a460faccb64849d263d4d33f4aa6fb80", "best_bid": "0.13", "best_ask": "0.94"}, {"asset_id": "3594752250259241488378266680766904398826283851912992598355770380020586974920", "price": "0.94", "size": "0", "side": "SELL", "hash": "8ee168a73f5557b0628f53a1e8fc8b21c9696cf4", "best_bid": "0.06", "best_ask": "0.87"}], "timestamp": "1769384170776", "event_type": "price_change"}}
{"_local_timestamp": "2026-01-25T23:36:10.841432+00:00", "data": {"market": "0xe2e11aa5d4ef9b2666831394a72748a188469c50b0dc530b8d6a2e1988917b60", "price_changes": [{"asset_id": "96977504583350227579307473183654543613641658239759207112934054835303173582325", "price": "0.1", "size": "0", "side": "BUY", "hash": "75f80455a460faccb64849d263d4d33f4aa6fb80", "best_bid": "0.13", "best_ask": "0.94"}, {"asset_id": "3594752250259241488378266680766904398826283851912992598355770380020586974920", "price": "0.9", "size": "0", "side": "SELL", "hash": "8ee168a73f5557b0628f53a1e8fc8b21c9696cf4", "best_bid": "0.06", "best_ask": "0.87"}], "timestamp": "1769384170776", "event_type": "price_change"}}
{"_local_timestamp": "2026-01-25T23:36:10.841794+00:00", "data": {"market": "0x9b8c29fe3c0e4f18c06da89d3275cdd7f4cda06f518b798750d004e9c8ea5f34", "price_changes": [{"asset_id": "88260707443097048845311982556704511965555954502840169241198357020586831590606", "price": "0.09", "size": "39", "side": "BUY", "hash": "1d03ae9d685825b0e70d020628ea893c94efc8dd", "best_bid": "0.13", "best_ask": "0.94"}, {"asset_id": "112858064644203117854572390534453153301888626567547687954288159056681598759628", "price": "0.91", "size": "39", "side": "SELL", "hash": "696eb0d56a45930930deb91f82e855cf61922449", "best_bid": "0.06", "best_ask": "0.87"}], "timestamp": "1769384170776", "event_type": "price_change"}}
{"_local_timestamp": "2026-01-25T23:36:11.881214+00:00", "data": {"market": "0xe2e11aa5d4ef9b2666831394a72748a188469c50b0dc530b8d6a2e1988917b60", "price_changes": [{"asset_id": "96977504583350227579307473183654543613641658239759207112934054835303173582325", "price": "0.09", "size": "9.06", "side": "BUY", "hash": "4779ca719ed2355823cd8227f6ed4813c19e9f01", "best_bid": "0.13", "best_ask": "0.94"}, {"asset_id": "3594752250259241488378266680766904398826283851912992598355770380020586974920", "price": "0.91", "size": "9.06", "side": "SELL", "hash": "bab4e7bc3990a05657f037b1d91d1d59186e7aaf", "best_bid": "0.06", "best_ask": "0.87"}], "timestamp": "1769384171815", "event_type": "price_change"}}
{"_local_timestamp": "2026-01-25T23:36:11.885236+00:00", "data": {"market": "0xe2e11aa5d4ef9b2666831394a72748a188469c50b0dc530b8d6a2e1988917b60", "price_changes": [{"asset_id": "96977504583350227579307473183654543613641658239759207112934054835303173582325", "price": "0.06", "size": "6.96", "side": "BUY", "hash": "19650424b8873f3acc7e23c35235d03128b8043e", "best_bid": "0.13", "best_ask": "0.94"}, {"asset_id": "3594752250259241488378266680766904398826283851912992598355770380020586974920", "price": "0.94", "size": "6.96", "side": "SELL", "hash": "af384cfa2753ab0233e8189bb884601c9cf533df", "best_bid": "0.06", "best_ask": "0.87"}], "timestamp": "1769384171817", "event_type": "price_change"}}
{"_local_timestamp": "2026-01-25T23:36:12.498283+00:00", "data": {"market": "0x9b8c29fe3c0e4f18c06da89d3275cdd7f4cda06f518b798750d004e9c8ea5f34", "price_changes": [{"asset_id": "88260707443097048845311982556704511965555954502840169241198357020586831590606", "price": "0.1", "size": "8.01", "side": "BUY", "hash": "7b830a3a5b69715e0670ee2e7afd0aa039478ee7", "best_bid": "0.13", "best_ask": "0.94"}, {"asset_id": "112858064644203117854572390534453153301888626567547687954288159056681598759628", "price": "0.9", "size": "8.01", "side": "SELL", "hash": "5b79cb0684c16d27424dc0667f7c4c5c381988e6", "best_bid": "0.06", "best_ask": "0.87"}], "timestamp": "1769384172430", "event_type": "price_change"}}
{"_local_timestamp": "2026-01-25T23:36:15.481747+00:00", "data": {"market": "0x9b8c29fe3c0e4f18c06da89d3275cdd7f4cda06f518b798750d004e9c8ea5f34", "price_changes": [{"asset_id": "88260707443097048845311982556704511965555954502840169241198357020586831590606", "price": "0.09", "size": "0", "side": "BUY", "hash": "613fc2e4ed6e3c6224aac99623835ba651f22d01", "best_bid": "0.13", "best_ask": "0.94"}, {"asset_id": "112858064644203117854572390534453153301888626567547687954288159056681598759628", "price": "0.91", "size": "0", "side": "SELL", "hash": "c875eb43c04f021c47c154fef9d6ef42df5f0c08", "best_bid": "0.06", "best_ask": "0.87"}], "timestamp": "1769384175400", "event_type": "price_change"}}
