{"_local_timestamp": "2026-01-25T23:34:13.283578+00:00", "data": [{"market": "0x780c042865b2018eeb8ddcdec110c6839c6f27a8062b37dded79501920250afe", "asset_id": "79287164977737814011242460177248792416483317253936439908020481835936787513608", "timestamp": "1769383976056", "hash": "6865c12bee25d613dd3b718380ea98dc2ddcc580", "bids": [{"price": "0.01", "size": "100"}, {"price": "0.02", "size": "33.33"}, {"price": "0.03", "size": "5.47"}], "asks": [{"price": "0.99", "size": "199.99"}, {"price": "0.98", "size": "50"}, {"price": "0.97", "size": "200"}], "event_type": "book", "last_trade_price": "0.820"}, {"market": "0xdbe51bbd40ca77053fd794ac247cd2d07a150921accdd624f9f345fbc63db48b", "asset_id": "87345926905556212316847105466061439969543894768822947485860245095466364170902", "timestamp": "1769383979019", "hash": "483b1286ef337b0ea00642d666818fc641f84a4b", "bids": [{"price": "0.01", "size": "100"}, {"price": "0.33", "size": "165"}], "asks": [{"price": "0.99", "size": "100"}, {"price": "0.73", "size": "234"}], "event_type": "book", "last_trade_price": "0.260"}, {"market": "0xdbe51bbd40ca77053fd794ac247cd2d07a150921accdd624f9f345fbc63db48b", "asset_id": "36448007855605050896824786938032039502111327633212361142790079215548046414522", "timestamp": "1769383979019", "hash": "748fa0390f481516af0acc9eed938a4cc6f2d52e", "bids": [{"price": "0.01", "size": "100"}, {"price": "0.27", "size": "234"}], "asks": [{"price": "0.99", "size": "100"}, {"price": "0.67", "size": "165"}], "event_type": "book", "last_trade_price": "0.260"}, {"market": "0x1feaf4097b273ee90aea00fdc5afa9ec6e14b518caf2ddbc421851bef1bdc168", "asset_id": "18882795016423351779855047017846676160725151167446687947380948164302842014020", "timestamp": "1769383985914", "hash": "0f80362ce720eb4dff86a5c266f2a1c780aaf565", "bids": [{"price": "0.01", "size": "150"}, {"price": "0.02", "size": "166"}, {"price": "0.03", "size": "5.47"}], "asks": [{"price": "0.99", "size": "200"}, {"price": "0.98", "size": "5.47"}, {"price": "0.56", "size": "430"}], "event_type": "book", "last_trade_price": "0.420"}, {"market": "0x780c042865b2018eeb8ddcdec110c6839c6f27a8062b37dded79501920250afe", "asset_id": "96548263188568861225971459083251184634804319351377359745128053937517313229246", "timestamp": "1769383976056", "hash": "9b80333212f183f4f5742bd864da2554e2e46e4e", "bids": [{"price": "0.01", "size": "199.99"}, {"price": "0.02", "size": "50"}, {"price": "0.03", "size": "200"}], "asks": [{"price": "0.99", "size": "100"}, {"price": "0.98", "size": "33.33"}, {"price": "0.97", "size": "5.47"}], "event_type": "book", "last_trade_price": "0.820"}, {"market": "0x1feaf4097b273ee90aea00fdc5afa9ec6e14b518caf2ddbc421851bef1bdc168", "asset_id": "22033330904498269999207988435951609926608006932357150385292796096528006231715", "timestamp": "1769383985914", "hash": "947aeca49c76d883cfc01fdbd5ec77f0c15fdfd5", "bids": [{"price": "0.01", "size": "200"}, {"price": "0.02", "size": "5.47"}, {"price": "0.44", "size": "430"}], "asks": [{"price": "0.99", "size": "150"}, {"price": "0.98", "size": "166"}, {"price": "0.97", "size": "5.47"}], "event_type": "book", "last_trade_price": "0.420"}]}
{"_local_timestamp": "2026-01-25T23:34:55.125702+00:00", "data": {"market": "0x1feaf4097b273ee90aea00fdc5afa9ec6e14b518caf2ddbc421851bef1bdc168", "price_changes": [{"asset_id": "22033330904498269999207988435951609926608006932357150385292796096528006231715", "price": "0.44", "size": "222", "side": "BUY", "hash": "851176ee76be34f91930239944daa178388af9dd", "best_bid": "0.44", "best_ask": "0.97"}, {"asset_id": "18882795016423351779855047017846676160725151167446687947380948164302842014020", "price": "0.56", "size": "222", "side": "SELL", "hash": "420bef6c76e4d49133165051be253be003372cc9", "best_bid": "0.03", "best_ask": "0.56"}], "timestamp": "1769384095025", "event_type": "price_change"}}
{"_local_timestamp": "2026-01-25T23:34:55.325729+00:00", "data": {"market": "0x1feaf4097b273ee90aea00fdc5afa9ec6e14b518caf2ddbc421851bef1bdc168", "price_changes": [{"asset_id": "22033330904498269999207988435951609926608006932357150385292796096528006231715", "price": "0.43", "size": "189", "side": "BUY", "hash": "cf30160048c9ba0470fb6ea9bab7e52b718c75d2", "best_bid": "0.44", "best_ask": "0.97"}, {"asset_id": "18882795016423351779855047017846676160725151167446687947380948164302842014020", "price": "0.57", "size": "189", "side": "SELL", "hash": "26da492a8a1cc233847cd8a78c56926e1ef077b0", "best_bid": "0.03", "best_ask": "0.56"}], "timestamp": "1769384095226", "event_type": "price_change"}}
{"_local_timestamp": "2026-01-25T23:34:58.194748+00:00", "data": {"market": "0x1feaf4097b273ee90aea00fdc5afa9ec6e14b518caf2ddbc421851bef1bdc168", "price_changes": [{"asset_id": "22033330904498269999207988435951609926608006932357150385292796096528006231715", "price": "0.43", "size": "0", "side": "BUY", "hash": "d3211e51339750c7f6d95cb87a24f27e60f34eee", "best_bid": "0.44", "best_ask": "0.97"}, {"asset_id": "18882795016423351779855047017846676160725151167446687947380948164302842014020", "price": "0.57", "size": "0", "side": "SELL", "hash": "e8b3ca340e8d0004891593a9d5b7a0ae42479bd5", "best_bid": "0.03", "best_ask": "0.56"}], "timestamp": "1769384098117", "event_type": "price_change"}}
{"_local_timestamp": "2026-01-25T23:34:58.213391+00:00", "data": {"market": "0x1feaf4097b273ee90aea00fdc5afa9ec6e14b518caf2ddbc421851bef1bdc168", "price_changes": [{"asset_id": "22033330904498269999207988435951609926608006932357150385292796096528006231715", "price": "0.44", "size": "256", "side": "BUY", "hash": "6500a8bb64807829f08885f180825b00c8c22dbc", "best_bid": "0.44", "best_ask": "0.97"}, {"asset_id": "18882795016423351779855047017846676160725151167446687947380948164302842014020", "price": "0.56", "size": "256", "side": "SELL", "hash": "757f47e74df159e7f43af9281b5ece01c679a49b", "best_bid": "0.03", "best_ask": "0.56"}], "timestamp": "1769384098151", "event_type": "price_change"}}
{"_local_timestamp": "2026-01-25T23:35:26.781939+00:00", "data": {"market": "0x1feaf4097b273ee90aea00fdc5afa9ec6e14b518caf2ddbc421851bef1bdc168", "price_changes": [{"asset_id": "22033330904498269999207988435951609926608006932357150385292796096528006231715", "price": "0.44", "size": "222", "side": "BUY", "hash": "70d0a8352beb0831dd54bf6dcfbc3ae2d9b94412", "best_bid": "0.44", "best_ask": "0.97"}, {"asset_id": "18882795016423351779855047017846676160725151167446687947380948164302842014020", "price": "0.56", "size": "222", "side": "SELL", "hash": "73f29917b8284d2bee64e0d3760a20d2e4b5caa1", "best_bid": "0.03", "best_ask": "0.56"}], "timestamp": "1769384126582", "event_type": "price_change"}}
{"_local_timestamp": "2026-01-25T23:35:26.803332+00:00", "data": {"market": "0x1feaf4097b273ee90aea00fdc5afa9ec6e14b518caf2ddbc421851bef1bdc168", "price_changes": [{"asset_id": "22033330904498269999207988435951609926608006932357150385292796096528006231715", "price": "0.43", "size": "211", "side": "BUY", "hash": "282a09329fd0b3642d8333dbddf0b414dd94cd15", "best_bid": "0.44", "best_ask": "0.97"}, {"asset_id": "18882795016423351779855047017846676160725151167446687947380948164302842014020", "price": "0.57", "size": "211", "side": "SELL", "hash": "06d55b513fea8b29ab73f753ff5ce2bf3eb3b197", "best_bid": "0.03", "best_ask": "0.56"}], "timestamp": "1769384126610", "event_type": "price_change"}}
{"_local_timestamp": "2026-01-25T23:35:44.846901+00:00", "data": {"market": "0x1feaf4097b273ee90aea00fdc5afa9ec6e14b518caf2ddbc421851bef1bdc168", "price_changes": [{"asset_id": "22033330904498269999207988435951609926608006932357150385292796096528006231715", "price": "0.43", "size": "0", "side": "BUY", "hash": "bd616b1711f391e42eff4b56c2eebb551ec24865", "best_bid": "0.44", "best_ask": "0.97"}, {"asset_id": "18882795016423351779855047017846676160725151167446687947380948164302842014020", "price": "0.57", "size": "0", "side": "SELL", "hash": "71818ca8eaf5404a23082bcc8d998838c88edaf0", "best_bid": "0.03", "best_ask": "0.56"}], "timestamp": "1769384144783", "event_type": "price_change"}}
{"_local_timestamp": "2026-01-25T23:35:44.874454+00:00", "data": {"market": "0x1feaf4097b273ee90aea00fdc5afa9ec6e14b518caf2ddbc421851bef1bdc168", "price_changes": [{"asset_id": "22033330904498269999207988435951609926608006932357150385292796096528006231715", "price": "0.42", "size": "228", "side": "BUY", "hash": "8e4035b6a08dc8537bd3931170580109598240d0", "best_bid": "0.44", "best_ask": "0.97"}, {"asset_id": "18882795016423351779855047017846676160725151167446687947380948164302842014020", "price": "0.58", "size": "228", "side": "SELL", "hash": "10214d104150b7e6cc2288c372c011b4abe35d38", "best_bid": "0.03", "best_ask": "0.56"}], "timestamp": "1769384144811", "event_type": "price_change"}}
{"_local_timestamp": "2026-01-25T23:36:10.711705+00:00", "data": {"market": "0xdbe51bbd40ca77053fd794ac247cd2d07a150921accdd624f9f345fbc63db48b", "price_changes": [{"asset_id": "87345926905556212316847105466061439969543894768822947485860245095466364170902", "price": "0.02", "size": "50", "side": "BUY", "hash": "572837e6ef518758dbbe33db5b5069a38c78134b", "best_bid": "0.33", "best_ask": "0.73"}, {"asset_id": "36448007855605050896824786938032039502111327633212361142790079215548046414522", "price": "0.98", "size": "50", "side": "SELL", "hash": "bb08df8beec176d43da25d972fb7ba9040b3c66a", "best_bid": "0.27", "best_ask": "0.67"}], "timestamp": "1769384170646", "event_type": "price_change"}}
{"_local_timestamp": "2026-01-25T23:36:10.712437+00:00", "data": {"market": "0xdbe51bbd40ca77053fd794ac247cd2d07a150921accdd624f9f345fbc63db48b", "price_changes": [{"asset_id": "87345926905556212316847105466061439969543894768822947485860245095466364170902", "price": "0.01", "size": "199.99", "side": "BUY", "hash": "58b523d5010aaf1ceb85821abf48f089d1439063", "best_bid": "0.33", "best_ask": "0.73"}, {"asset_id": "36448007855605050896824786938032039502111327633212361142790079215548046414522", "price": "0.99", "size": "199.99", "side": "SELL", "hash": "859c27683fb5c11a8c4f1bf072d8b81dbdb4d55e", "best_bid": "0.27", "best_ask": "0.67"}], "timestamp": "1769384170648", "event_type": "price_change"}}
{"_local_timestamp": "2026-01-25T23:36:31.110954+00:00", "data": {"market": "0x1feaf4097b273ee90aea00fdc5afa9ec6e14b518caf2ddbc421851bef1bdc168", "price_changes": [{"asset_id": "22033330904498269999207988435951609926608006932357150385292796096528006231715", "price": "0.42", "size": "0", "side": "BUY", "hash": "134cbd0e0bf3cdfd7a67ebe0732084ea24fd5b78", "best_bid": "0.44", "best_ask": "0.97"}, {"asset_id": "18882795016423351779855047017846676160725151167446687947380948164302842014020", "price": "0.58", "size": "0", "side": "SELL", "hash": "ca956dc714d288b54a8db07195fc58576c7d8f6c", "best_bid": "0.03", "best_ask": "0.56"}], "timestamp": "1769384191044", "event_type": "price_change"}}
{"_local_timestamp": "2026-01-25T23:36:31.169211+00:00", "data": {"market": "0x1feaf4097b273ee90aea00fdc5afa9ec6e14b518caf2ddbc421851bef1bdc168", "price_changes": [{"asset_id": "22033330904498269999207988435951609926608006932357150385292796096528006231715", "price": "0.41", "size": "199", "side": "BUY", "hash": "92b38fe8978f316971069f2e3b804618d69d664b", "best_bid": "0.44", "best_ask": "0.97"}, {"asset_id": "18882795016423351779855047017846676160725151167446687947380948164302842014020", "price": "0.59", "size": "199", "side": "SELL", "hash": "1686935042fc8caf01b87990e57a26f5a647c398", "best_bid": "0.03", "best_ask": "0.56"}], "timestamp": "1769384191099", "event_type": "price_change"}}
{"_local_timestamp": "2026-01-25T23:36:32.434985+00:00", "data": {"market": "0x1feaf4097b273ee90aea00fdc5afa9ec6e14b518caf2ddbc421851bef1bdc168", "price_changes": [{"asset_id": "22033330904498269999207988435951609926608006932357150385292796096528006231715", "price": "0.41", "size": "0", "side": "BUY", "hash": "ec3546ce8610d59d3ee9cf38467c638926de9e4a", "best_bid": "0.44", "best_ask": "0.97"}, {"asset_id": "18882795016423351779855047017846676160725151167446687947380948164302842014020", "price": "0.59", "size": "0", "side": "SELL", "hash": "487eb66700fc4bdd422ab9b9bb79d5c538a67f99", "best_bid": "0.03", "best_ask": "0.56"}], "timestamp": "1769384192366", "event_type": "price_change"}}
{"_local_timestamp": "2026-01-25T23:36:32.484209+00:00", "data": {"market": "0x1feaf4097b273ee90aea00fdc5afa9ec6e14b518caf2ddbc421851bef1bdc168", "price_changes": [{"asset_id": "22033330904498269999207988435951609926608006932357150385292796096528006231715", "price": "0.42", "size": "134", "side": "BUY", "hash": "b6a98a26c99632a091a3e78b93a2f895fe22d20e", "best_bid": "0.44", "best_ask": "0.97"}, {"asset_id": "18882795016423351779855047017846676160725151167446687947380948164302842014020", "price": "0.58", "size": "134", "side": "SELL", "hash": "f98bb6cb7e18d7db6cd4fd8a890b6820b4e8ab55", "best_bid": "0.03", "best_ask": "0.56"}], "timestamp": "1769384192417", "event_type": "price_change"}}
{"_local_timestamp": "2026-01-25T23:36:37.482275+00:00", "data": {"market": "0x1feaf4097b273ee90aea00fdc5afa9ec6e14b518caf2ddbc421851bef1bdc168", "price_changes": [{"asset_id": "22033330904498269999207988435951609926608006932357150385292796096528006231715", "price": "0.42", "size": "0", "side": "BUY", "hash": "5c9b3b3b12ac82197376b4a7cc86d22685222b18", "best_bid": "0.44", "best_ask": "0.97"}, {"asset_id": "18882795016423351779855047017846676160725151167446687947380948164302842014020", "price": "0.58", "size": "0", "side": "SELL", "hash": "69eb9a66511914348e3d7e5813f3db4f2b10faf9", "best_bid": "0.03", "best_ask": "0.56"}], "timestamp": "1769384197418", "event_type": "price_change"}}
{"_local_timestamp": "2026-01-25T23:36:37.522106+00:00", "data": {"market": "0x1feaf4097b273ee90aea00fdc5afa9ec6e14b518caf2ddbc421851bef1bdc168", "price_changes": [{"asset_id": "22033330904498269999207988435951609926608006932357150385292796096528006231715", "price": "0.41", "size": "229", "side": "BUY", "hash": "6c02fb05f62e1909240b31948783da0720844304", "best_bid": "0.44", "best_ask": "0.97"}, {"asset_id": "18882795016423351779855047017846676160725151167446687947380948164302842014020", "price": "0.59", "size": "229", "side": "SELL", "hash": "2f55e233e69a62d3e7fbc2024f79ff055f05c0f7", "best_bid": "0.03", "best_ask": "0.56"}], "timestamp": "1769384197448", "event_type": "price_change"}}
{"_local_timestamp": "2026-01-25T23:37:03.596931+00:00", "data": {"market": "0x1feaf4097b273ee90aea00fdc5afa9ec6e14b518caf2ddbc421851bef1bdc168", "price_changes": [{"asset_id": "22033330904498269999207988435951609926608006932357150385292796096528006231715", "price": "0.41", "size": "0", "side": "BUY", "hash": "58de3a8cac263176d4fd8dc6ddc6f95a492c22e0", "best_bid": "0.44", "best_ask": "0.97"}, {"asset_id": "18882795016423351779855047017846676160725151167446687947380948164302842014020", "price": "0.59", "size": "0", "side": "SELL", "hash": "8c8fd269d6709ac5ff88a09afe1c012513712508", "best_bid": "0.03", "best_ask": "0.56"}], "timestamp": "1769384223415", "event_type": "price_change"}}
{"_local_timestamp": "2026-01-25T23:37:04.118450+00:00", "data": {"market": "0xdbe51bbd40ca77053fd794ac247cd2d07a150921accdd624f9f345fbc63db48b", "price_changes": [{"asset_id": "36448007855605050896824786938032039502111327633212361142790079215548046414522", "price": "0.27", "size": "0", "side": "BUY", "hash": "0eb20ffdd7aa70283d6bec8897f637ee859cb3f3", "best_bid": "0.01", "best_ask": "0.67"}, {"asset_id": "87345926905556212316847105466061439969543894768822947485860245095466364170902", "price": "0.73", "size": "0", "side": "SELL", "hash": "f4db533bc591409e320aa4414b25f6b9e10cc342", "best_bid": "0.33", "best_ask": "0.99"}], "timestamp": "1769384223936", "event_type": "price_change"}}
{"_local_timestamp": "2026-01-25T23:37:04.140313+00:00", "data": {"market": "0xdbe51bbd40ca77053fd794ac247cd2d07a150921accdd624f9f345fbc63db48b", "price_changes": [{"asset_id": "87345926905556212316847105466061439969543894768822947485860245095466364170902", "price": "0.33", "size": "0", "side": "BUY", "hash": "e08eba86c543f7711032f556ad4e89c6871b4ccb", "best_bid": "0.02", "best_ask": "0.99"}, {"asset_id": "36448007855605050896824786938032039502111327633212361142790079215548046414522", "price": "0.67", "size": "0", "side": "SELL", "hash": "ada581412e2dd4d982f559081609c4dcc404c68b", "best_bid": "0.01", "best_ask": "0.98"}], "timestamp": "1769384223946", "event_type": "price_change"}}
{"_local_timestamp": "2026-01-25T23:37:06.924058+00:00", "data": {"market": "0xdbe51bbd40ca77053fd794ac247cd2d07a150921accdd624f9f345fbc63db48b", "price_changes": [{"asset_id": "87345926905556212316847105466061439969543894768822947485860245095466364170902", "price": "0.01", "size": "100", "side": "BUY", "hash": "aa8220ee28592234dadaef5bc74e505f6fb4ba4d", "best_bid": "0.01", "best_ask": "0.99"}, {"asset_id": "36448007855605050896824786938032039502111327633212361142790079215548046414522", "price": "0.99", "size": "100", "side": "SELL", "hash": "8b04be4d375503019f57f848e8a1f029b9eebb23", "best_bid": "0.01", "best_ask": "0.99"}], "timestamp": "1769384226710", "event_type": "price_change"}}
{"_local_timestamp": "2026-01-25T23:37:06.924525+00:00", "data": {"market": "0xdbe51bbd40ca77053fd794ac247cd2d07a150921accdd624f9f345fbc63db48b", "price_changes": [{"asset_id": "87345926905556212316847105466061439969543894768822947485860245095466364170902", "price": "0.02", "size": "0", "side": "BUY", "hash": "aa8220ee28592234dadaef5bc74e505f6fb4ba4d", "best_bid": "0.01", "best_ask": "0.99"}, {"asset_id": "36448007855605050896824786938032039502111327633212361142790079215548046414522", "price": "0.98", "size": "0", "side": "SELL", "hash": "8b04be4d375503019f57f848e8a1f029b9eebb23", "best_bid": "0.01", "best_ask": "0.99"}], "timestamp": "1769384226710", "event_type": "price_change"}}
{"_local_timestamp": "2026-01-25T23:37:06.973319+00:00", "data": {"market": "0xdbe51bbd40ca77053fd794ac247cd2d07a150921accdd624f9f345fbc63db48b", "price_changes": [{"asset_id": "36448007855605050896824786938032039502111327633212361142790079215548046414522", "price": "0.02", "size": "5.47", "side": "BUY", "hash": "038f778bca97724e2b4f6ff734ef6325e01f65d7", "best_bid": "0.02", "best_ask": "0.99"}, {"asset_id": "87345926905556212316847105466061439969543894768822947485860245095466364170902", "price": "0.98", "size": "5.47", "side": "SELL", "hash": "1706e4e372cd7a2cf8270b21958c479bed2c685e", "best_bid": "0.01", "best_ask": "0.98"}], "timestamp": "1769384226771", "event_type": "price_change"}}
{"_local_timestamp": "2026-01-25T23:37:38.056288+00:00", "data": {"market": "0x1feaf4097b273ee90aea00fdc5afa9ec6e14b518caf2ddbc421851bef1bdc168", "price_changes": [{"asset_id": "18882795016423351779855047017846676160725151167446687947380948164302842014020", "price": "0.01", "size": "191.9", "side": "BUY", "hash": "5b8d342d6bc666b9b3a26a5e369bfb25b153934c", "best_bid": "0.03", "best_ask": "0.56"}, {"asset_id": "22033330904498269999207988435951609926608006932357150385292796096528006231715", "price": "0.99", "size": "191.9", "side": "SELL", "hash": "86717a867c4750b9002d486dfdab99c393b32191", "best_bid": "0.44", "best_ask": "0.97"}], "timestamp": "1769384257989", "event_type": "price_change"}}
{"_local_timestamp": "2026-01-25T23:37:38.056724+00:00", "data": {"market": "0x1feaf4097b273ee90aea00fdc5afa9ec6e14b518caf2ddbc421851bef1bdc168", "price_changes": [{"asset_id": "18882795016423351779855047017846676160725151167446687947380948164302842014020", "price": "0.03", "size": "31.01", "side": "BUY", "hash": "59d579a350b7a82bbe9b54fd0dee22b63ed355b2", "best_bid": "0.03", "best_ask": "0.56"}, {"asset_id": "22033330904498269999207988435951609926608006932357150385292796096528006231715", "price": "0.97", "size": "31.01", "side": "SELL", "hash": "9933baedae431c15ad2fdd7cbcb4f61f6dd5dfe4", "best_bid": "0.44", "best_ask": "0.97"}], "timestamp": "1769384257991", "event_type": "price_change"}}
{"_local_timestamp": "2026-01-25T23:37:38.057061+00:00", "data": {"market": "0x1feaf4097b273ee90aea00fdc5afa9ec6e14b518caf2ddbc421851bef1bdc168", "price_changes": [{"asset_id": "18882795016423351779855047017846676160725151167446687947380948164302842014020", "price": "0.02", "size": "186.21", "side": "BUY", "hash": "7b6f6935e5493426ea7ed8bc9beaa3318f52b42f", "best_bid": "0.03", "best_ask": "0.56"}, {"asset_id": "22033330904498269999207988435951609926608006932357150385292796096528006231715", "price": "0.98", "size": "186.21", "side": "SELL", "hash": "be6e5968fb6b38f260b98931da7c339cadfb1290", "best_bid": "0.44", "best_ask": "0.97"}], "timestamp": "1769384257993", "event_type": "price_change"}}
{"_local_timestamp": "2026-01-25T23:37:54.591062+00:00", "data": {"market": "0xdbe51bbd40ca77053fd794ac247cd2d07a150921accdd624f9f345fbc63db48b", "price_changes": [{"asset_id": "36448007855605050896824786938032039502111327633212361142790079215548046414522", "price": "0.03", "size": "56", "side": "BUY", "hash": "ceadd55de1dd0798e0aca8b33c6cf89b51bc6099", "best_bid": "0.03", "best_ask": "0.99"}, {"asset_id": "87345926905556212316847105466061439969543894768822947485860245095466364170902", "price": "0.97", "size": "56", "side": "SELL", "hash": "6959cc71eeff20a139d8e5e0bde0be7ce34fca1d", "best_bid": "0.01", "best_ask": "0.97"}], "timestamp": "1769384274464", "event_type": "price_change"}}
{"_local_timestamp": "2026-01-25T23:37:55.859552+00:00", "data": {"market": "0x780c042865b2018eeb8ddcdec110c6839c6f27a8062b37dded79501920250afe", "price_changes": [{"asset_id": "79287164977737814011242460177248792416483317253936439908020481835936787513608", "price": "0.12", "size": "217", "side": "BUY", "hash": "5fd413ff58996bc12bed0655c41ba40ca7278263", "best_bid": "0.12", "best_ask": "0.97"}, {"asset_id": "96548263188568861225971459083251184634804319351377359745128053937517313229246", "price": "0.88", "size": "217", "side": "SELL", "hash": "06d8b139db33f6be3d5d397bb31b9e874cb38372", "best_bid": "0.03", "best_ask": "0.88"}], "timestamp": "1769384275741", "event_type": "price_change"}}
{"_local_timestamp": "2026-01-25T23:37:56.116268+00:00", "data": {"market": "0xdbe51bbd40ca77053fd794ac247cd2d07a150921accdd624f9f345fbc63db48b", "price_changes": [{"asset_id": "87345926905556212316847105466061439969543894768822947485860245095466364170902", "price": "0.06", "size": "36", "side": "BUY", "hash": "2cf2ad722bd00dc9e062310c3b3fd935b70e1388", "best_bid": "0.06", "best_ask": "0.97"}, {"asset_id": "36448007855605050896824786938032039502111327633212361142790079215548046414522", "price": "0.94", "size": "36", "side": "SELL", "hash": "2c33c3fd8d2b525bbd32e96f64a2aed286b9faf4", "best_bid": "0.03", "best_ask": "0.94"}], "timestamp": "1769384275994", "event_type": "price_change"}}
{"_local_timestamp": "2026-01-25T23:37:56.408270+00:00", "data": {"market": "0x1feaf4097b273ee90aea00fdc5afa9ec6e14b518caf2ddbc421851bef1bdc168", "price_changes": [{"asset_id": "22033330904498269999207988435951609926608006932357150385292796096528006231715", "price": "0.39", "size": "176", "side": "BUY", "hash": "4a7d3289b662facc066eab598f14cb8b899329b9", "best_bid": "0.44", "best_ask": "0.97"}, {"asset_id": "18882795016423351779855047017846676160725151167446687947380948164302842014020", "price": "0.61", "size": "176", "side": "SELL", "hash": "528511cd13c72b0e09d316b6e7034f8b2ad7cc8f", "best_bid": "0.03", "best_ask": "0.56"}], "timestamp": "1769384276281", "event_type": "price_change"}}
{"_local_timestamp": "2026-01-25T23:37:56.703439+00:00", "data": {"market": "0x1feaf4097b273ee90aea00fdc5afa9ec6e14b518caf2ddbc421851bef1bdc168", "price_changes": [{"asset_id": "22033330904498269999207988435951609926608006932357150385292796096528006231715", "price": "0.39", "size": "0", "side": "BUY", "hash": "24e9e21ff3b3e273edb9236fe511c8400099113b", "best_bid": "0.44", "best_ask": "0.97"}, {"asset_id": "18882795016423351779855047017846676160725151167446687947380948164302842014020", "price": "0.61", "size": "0", "side": "SELL", "hash": "ce6a593c446bb9afa7ab2b4d2cdcfdd9f87716e5", "best_bid": "0.03", "best_ask": "0.56"}], "timestamp": "1769384276572", "event_type": "price_change"}}
{"_local_timestamp": "2026-01-25T23:37:56.757287+00:00", "data": {"market": "0xdbe51bbd40ca77053fd794ac247cd2d07a150921accdd624f9f345fbc63db48b", "price_changes": [{"asset_id": "87345926905556212316847105466061439969543894768822947485860245095466364170902", "price": "0.06", "size": "0", "side": "BUY", "hash": "b35e073133239f88d15e3c65238a2ff229e0fadc", "best_bid": "0.01", "best_ask": "0.97"}, {"asset_id": "36448007855605050896824786938032039502111327633212361142790079215548046414522", "price": "0.94", "size": "0", "side": "SELL", "hash": "6c4936c222a91525972a36cad694d350bfe1dafc", "best_bid": "0.03", "best_ask": "0.99"}], "timestamp": "1769384276623", "event_type": "price_change"}}
{"_local_timestamp": "2026-01-25T23:37:56.960521+00:00", "data": {"market": "0xdbe51bbd40ca77053fd794ac247cd2d07a150921accdd624f9f345fbc63db48b", "price_changes": [{"asset_id": "36448007855605050896824786938032039502111327633212361142790079215548046414522", "price": "0.02", "size": "0", "side": "BUY", "hash": "51160b5054f7e89f5b5a2392ddb03a87705a3e91", "best_bid": "0.03", "best_ask": "0.99"}, {"asset_id": "87345926905556212316847105466061439969543894768822947485860245095466364170902", "price": "0.98", "size": "0", "side": "SELL", "hash": "bf262748f1f67b15e2dca57d9f8f363bf17f8b69", "best_bid": "0.01", "best_ask": "0.97"}], "timestamp": "1769384276819", "event_type": "price_change"}}
{"_local_timestamp": "2026-01-25T23:37:57.040461+00:00", "data": {"market": "0xdbe51bbd40ca77053fd794ac247cd2d07a150921accdd624f9f345fbc63db48b", "price_changes": [{"asset_id": "36448007855605050896824786938032039502111327633212361142790079215548046414522", "price": "0.04", "size": "5.47", "side": "BUY", "hash": "cc7f463750904967674f5f2e5ec31408347f31f2", "best_bid": "0.04", "best_ask": "0.99"}, {"asset_id": "87345926905556212316847105466061439969543894768822947485860245095466364170902", "price": "0.96", "size": "5.47", "side": "SELL", "hash": "dcc49241d77874d566bcef62205cb89ff7aa511d", "best_bid": "0.01", "best_ask": "0.96"}], "timestamp": "1769384276870", "event_type": "price_change"}}
{"_local_timestamp": "2026-01-25T23:37:58.462556+00:00", "data": {"market": "0xdbe51bbd40ca77053fd794ac247cd2d07a150921accdd624f9f345fbc63db48b", "price_changes": [{"asset_id": "87345926905556212316847105466061439969543894768822947485860245095466364170902", "price": "0.3", "size": "91", "side": "BUY", "hash": "88eb2a1082596c44d76b61056a79f6dcdbedb4a5", "best_bid": "0.3", "best_ask": "0.96"}, {"asset_id": "36448007855605050896824786938032039502111327633212361142790079215548046414522", "price": "0.7", "size": "91", "side": "SELL", "hash": "ebd5e5db2ecd5a875913699ab794cec5a9674b5a", "best_bid": "0.04", "best_ask": "0.7"}], "timestamp": "1769384278344", "event_type": "price_change"}}
{"_local_timestamp": "2026-01-25T23:38:03.761989+00:00", "data": {"market": "0xdbe51bbd40ca77053fd794ac247cd2d07a150921accdd624f9f345fbc63db48b", "price_changes": [{"asset_id": "87345926905556212316847105466061439969543894768822947485860245095466364170902", "price": "0.3", "size": "0", "side": "BUY", "hash": "be505559744b28e2ef6523ff1e8e9687ae8b6dbc", "best_bid": "0.01", "best_ask": "0.96"}, {"asset_id": "36448007855605050896824786938032039502111327633212361142790079215548046414522", "price": "0.7", "size": "0", "side": "SELL", "hash": "d7080e841c4949f0f0607839caf50c2c32bf58be", "best_bid": "0.04", "best_ask": "0.99"}], "timestamp": "1769384283626", "event_type": "price_change"}}
{"_local_timestamp": "2026-01-25T23:38:03.772922+00:00", "data": {"market": "0x780c042865b2018eeb8ddcdec110c6839c6f27a8062b37dded79501920250afe", "price_changes": [{"asset_id": "79287164977737814011242460177248792416483317253936439908020481835936787513608", "price": "0.12", "size": "0", "side": "BUY", "hash": "7ec499ab5c6c101186631d1f41b1459aae3684b6", "best_bid": "0.03", "best_ask": "0.97"}, {"asset_id": "96548263188568861225971459083251184634804319351377359745128053937517313229246", "price": "0.88", "size": "0", "side": "SELL", "hash": "385952b15a4c5673ce75874b5c1f5dbe7f7e786e", "best_bid": "0.03", "best_ask": "0.97"}], "timestamp": "1769384283631", "event_type": "price_change"}}
{"_local_timestamp": "2026-01-25T23:38:03.773402+00:00", "data": {"market": "0x1feaf4097b273ee90aea00fdc5afa9ec6e14b518caf2ddbc421851bef1bdc168", "price_changes": [{"asset_id": "18882795016423351779855047017846676160725151167446687947380948164302842014020", "price": "0.02", "size": "20.21", "side": "BUY", "hash": "2347c1b51fa8fc2d04661329ff49a591a9e51786", "best_bid": "0.03", "best_ask": "0.56"}, {"asset_id": "22033330904498269999207988435951609926608006932357150385292796096528006231715", "price": "0.98", "size": "20.21", "side": "SELL", "hash": "bd84e0bb72e26b20d441b112588a1f21029627c4", "best_bid": "0.44", "best_ask": "0.97"}], "timestamp": "1769384283633", "event_type": "price_change"}}
{"_local_timestamp": "2026-01-25T23:38:03.774419+00:00", "data": {"market": "0x780c042865b2018eeb8ddcdec110c6839c6f27a8062b37dded79501920250afe", "price_changes": [{"asset_id": "96548263188568861225971459083251184634804319351377359745128053937517313229246", "price": "0.03", "size": "0", "side": "BUY", "hash": "8d1ac7d3dfc1a43a1259a0c3bf1193b0134469ff", "best_bid": "0.02", "best_ask": "0.97"}, {"asset_id": "79287164977737814011242460177248792416483317253936439908020481835936787513608", "price": "0.97", "size": "0", "side": "SELL", "hash": "86cf7fc35c5c2ba074e1e68b8900391de889a135", "best_bid": "0.03", "best_ask": "0.98"}], "timestamp": "1769384283635", "event_type": "price_change"}}
{"_local_timestamp": "2026-01-25T23:38:03.798017+00:00", "data": {"market": "0xdbe51bbd40ca77053fd794ac247cd2d07a150921accdd624f9f345fbc63db48b", "price_changes": [{"asset_id": "36448007855605050896824786938032039502111327633212361142790079215548046414522", "price": "0.03", "size": "0", "side": "BUY", "hash": "112820613889c6573b4f4ae36c10b0db66ab92bb", "best_bid": "0.04", "best_ask": "0.99"}, {"asset_id": "87345926905556212316847105466061439969543894768822947485860245095466364170902", "price": "0.97", "size": "0", "side": "SELL", "hash": "7727826b121e546f859a8ebdda5f2f71735df386", "best_bid": "0.01", "best_ask": "0.96"}], "timestamp": "1769384283655", "event_type": "price_change"}}
{"_local_timestamp": "2026-01-25T23:38:03.805375+00:00", "data": {"market": "0x780c042865b2018eeb8ddcdec110c6839c6f27a8062b37dded79501920250afe", "price_changes": [{"asset_id": "79287164977737814011242460177248792416483317253936439908020481835936787513608", "price": "0.12", "size": "171", "side": "BUY", "hash": "48d1dcf11b3f145205eb86e3cc18a5721414cd6a", "best_bid": "0.12", "best_ask": "0.98"}, {"asset_id": "96548263188568861225971459083251184634804319351377359745128053937517313229246", "price": "0.88", "size": "171", "side": "SELL", "hash": "605019dc65946a9350602cd2af3e362b1529573f", "best_bid": "0.02", "best_ask": "0.88"}], "timestamp": "1769384283659", "event_type": "price_change"}}
{"_local_timestamp": "2026-01-25T23:38:03.967282+00:00", "data": {"market": "0x780c042865b2018eeb8ddcdec110c6839c6f27a8062b37dded79501920250afe", "price_changes": [{"asset_id": "79287164977737814011242460177248792416483317253936439908020481835936787513608", "price": "0.12", "size": "0", "side": "BUY", "hash": "691d4e1154e97dd263045930248c59fa23eb42c7", "best_bid": "0.03", "best_ask": "0.98"}, {"asset_id": "96548263188568861225971459083251184634804319351377359745128053937517313229246", "price": "0.88", "size": "0", "side": "SELL", "hash": "b30742781a12df522deb0ce190c412cf555b43ae", "best_bid": "0.02", "best_ask": "0.97"}], "timestamp": "1769384283817", "event_type": "price_change"}}
{"_local_timestamp": "2026-01-25T23:38:04.895342+00:00", "data": {"market": "0x780c042865b2018eeb8ddcdec110c6839c6f27a8062b37dded79501920250afe", "price_changes": [{"asset_id": "79287164977737814011242460177248792416483317253936439908020481835936787513608", "price": "0.22", "size": "105", "side": "BUY", "hash": "2bc587ba8bfaf61aa36115400c38c57361594e0b", "best_bid": "0.22", "best_ask": "0.98"}, {"asset_id": "96548263188568861225971459083251184634804319351377359745128053937517313229246", "price": "0.78", "size": "105", "side": "SELL", "hash": "85bd4dac7f534ad4a73fdc91c0063bc7daeb5bc1", "best_bid": "0.02", "best_ask": "0.78"}], "timestamp": "1769384284738", "event_type": "price_change"}}
