{"_local_timestamp": "2026-01-25T23:41:19.523580+00:00", "data": [{"market": "0xfbf05779cbbf5d281d6a9e51d13fba36da85aec374ced8da502ad8cacc19b5e4", "asset_id": "100228698460291132583020143221009971811579077019329886472409358914591728834419", "timestamp": "1769384374868", "hash": "ad51300b08cbeee50883184506c48a8ae0314077", "bids": [{"price": "0.01", "size": "42145.09"}, {"price": "0.02", "size": "44697.33"}, {"price": "0.03", "size": "11.33"}, {"price": "0.05", "size": "6519.11"}, {"price": "0.06", "size": "5999.11"}, {"price": "0.08", "size": "300"}, {"price": "0.09", "size": "16.67"}, {"price": "0.19", "size": "79"}, {"price": "0.63", "size": "100"}, {"price": "0.64", "size": "79"}], "asks": [{"price": "0.99", "size": "85976.44"}, {"price": "0.98", "size": "6699.11"}, {"price": "0.97", "size": "5999.11"}, {"price": "0.8", "size": "10"}, {"price": "0.73", "size": "103.63"}, {"price": "0.72", "size": "100"}], "event_type": "book", "last_trade_price": "0.270"}, {"market": "0xfbf05779cbbf5d281d6a9e51d13fba36da85aec374ced8da502ad8cacc19b5e4", "asset_id": "93697337788704602779579616120202897250549183254628229162583563651539629035220", "timestamp": "1769384374868", "hash": "c397f4e9f7426baf170dff051214568de97c7010", "bids": [{"price": "0.01", "size": "85976.44"}, {"price": "0.02", "size": "6699.11"}, {"price": "0.03", "size": "5999.11"}, {"price": "0.2", "size": "10"}, {"price": "0.27", "size": "103.63"}, {"price": "0.28", "size": "100"}], "asks": [{"price": "0.99", "size": "42145.09"}, {"price": "0.98", "size": "44697.33"}, {"price": "0.97", "size": "11.33"}, {"price": "0.95", "size": "6519.11"}, {"price": "0.94", "size": "5999.11"}, {"price": "0.92", "size": "300"}, {"price": "0.91", "size": "16.67"}, {"price": "0.81", "size": "79"}, {"price": "0.37", "size": "100"}, {"price": "0.36", "size": "79"}], "event_type": "book", "last_trade_price": "0.270"}, {"market": "0x626b59f38e4c3551135ce1543abcd9e9b4e4e26e61e0cebe2f564bb14f2dd6af", "asset_id": "5535075471823340767859198350152413933991966623914208053460771681266427855914", "timestamp": "1769384172430", "hash": "716514f43c5a513c056b544f353ce76bad27f402", "bids": [{"price": "0.01", "size": "1145.35"}, {"price": "0.02", "size": "700"}, {"price": "0.03", "size": "13.15"}, {"price": "0.05", "size": "520"}, {"price": "0.08", "size": "300"}, {"price": "0.09", "size": "5.03"}, {"price": "0.18", "size": "316.66"}, {"price": "0.19", "size": "321.91"}, {"price": "0.67", "size": "100"}], "asks": [{"price": "0.99", "size": "980"}, {"price": "0.98", "size": "700"}, {"price": "0.81", "size": "10"}, {"price": "0.77", "size": "100"}, {"price": "0.74", "size": "100"}], "event_type": "book", "last_trade_price": ""}, {"market": "0x57125a6fc3e50d4a0a3ae97edfa6a5a423ceeaa75165c14f9ec57bbeead67824", "asset_id": "97466397839217672087836211133100301269701565683546363204030550472188238047689", "timestamp": "1769384472729", "hash": "12d485131eb4f5b012ef847597c92b1ddbd39c30", "bids": [{"price": "0.01", "size": "980"}, {"price": "0.02", "size": "700"}, {"price": "0.05", "size": "500"}, {"price": "0.08", "size": "300"}, {"price": "0.29", "size": "10"}, {"price": "0.36", "size": "89.63"}, {"price": "0.38", "size": "400"}, {"price": "0.39", "size": "96.31"}], "asks": [{"price": "0.99", "size": "1096.1"}, {"price": "0.98", "size": "700"}, {"price": "0.97", "size": "12.49"}, {"price": "0.95", "size": "520"}, {"price": "0.92", "size": "300"}, {"price": "0.91", "size": "16.27"}, {"price": "0.46", "size": "100"}, {"price": "0.43", "size": "400"}], "event_type": "book", "last_trade_price": "0.580"}, {"market": "0x626b59f38e4c3551135ce1543abcd9e9b4e4e26e61e0cebe2f564bb14f2dd6af", "asset_id": "46742902247805732600151418163897640403078314266100305709772835357271996763300", "timestamp": "1769384172430", "hash": "b557993cfcdce7c6ce875ddd0fbe54781a0a9470", "bids": [{"price": "0.01", "size": "980"}, {"price": "0.02", "size": "700"}, {"price": "0.19", "size": "10"}, {"price": "0.23", "size": "100"}, {"price": "0.26", "size": "100"}], "asks": [{"price": "0.99", "size": "1145.35"}, {"price": "0.98", "size": "700"}, {"price": "0.97", "size": "13.15"}, {"price": "0.95", "size": "520"}, {"price": "0.92", "size": "300"}, {"price": "0.91", "size": "5.03"}, {"price": "0.82", "size": "316.66"}, {"price": "0.81", "size": "321.91"}, {"price": "0.33", "size": "100"}], "event_type": "book", "last_trade_price": ""}, {"market": "0x57125a6fc3e50d4a0a3ae97edfa6a5a423ceeaa75165c14f9ec57bbeead67824", "asset_id": "9963746526435131885764987765347244111045384273519416273340448914124693044757", "timestamp": "1769384472729", "hash": "c2e45ceffe57eec34cd4db70619c2fb3e7cbe71d", "bids": [{"price": "0.01", "size": "1096.1"}, {"price": "0.02", "size": "700"}, {"price": "0.03", "size": "12.49"}, {"price": "0.05", "size": "520"}, {"price": "0.08", "size": "300"}, {"price": "0.09", "size": "16.27"}, {"price": "0.54", "size": "100"}, {"price": "0.57", "size": "400"}], "asks": [{"price": "0.99", "size": "980"}, {"price": "0.98", "size": "700"}, {"price": "0.95", "size": "500"}, {"price": "0.92", "size": "300"}, {"price": "0.71", "size": "10"}, {"price": "0.64", "size": "89.63"}, {"price": "0.62", "size": "400"}, {"price": "0.61", "size": "96.31"}], "event_type": "book", "last_trade_price": "0.580"}]}
{"_local_timestamp": "2026-01-25T23:41:49.958202+00:00", "data": {"market": "0x57125a6fc3e50d4a0a3ae97edfa6a5a423ceeaa75165c14f9ec57bbeead67824", "price_changes": [{"asset_id": "97466397839217672087836211133100301269701565683546363204030550472188238047689", "price": "0.38", "size": "0", "side": "BUY", "hash": "0d5bd0557a082d83d03af37a89324d4f04f49ec7", "best_bid": "0.39", "best_ask": "0.43"}, {"asset_id": "9963746526435131885764987765347244111045384273519416273340448914124693044757", "price": "0.62", "size": "0", "side": "SELL", "hash": "6fd263e71ece2ca71ebd0ac44ad5c59d0a82794f", "best_bid": "0.57", "best_ask": "0.61"}], "timestamp": "1769384509894", "event_type": "price_change"}}
{"_local_timestamp": "2026-01-25T23:41:50.022001+00:00", "data": {"market": "0x57125a6fc3e50d4a0a3ae97edfa6a5a423ceeaa75165c14f9ec57bbeead67824", "price_changes": [{"asset_id": "97466397839217672087836211133100301269701565683546363204030550472188238047689", "price": "0.38", "size": "400", "side": "BUY", "hash": "cd9b59a48ced11b6831192a5978bc2968e0c2273", "best_bid": "0.39", "best_ask": "0.43"}, {"asset_id": "9963746526435131885764987765347244111045384273519416273340448914124693044757", "price": "0.62", "size": "400", "side": "SELL", "hash": "1b9e5314f5be0468a94658001c9815348a1c976a", "best_bid": "0.57", "best_ask": "0.61"}], "timestamp": "1769384509948", "event_type": "price_change"}}
{"_local_timestamp": "2026-01-25T23:41:53.200135+00:00", "data": {"market": "0xfbf05779cbbf5d281d6a9e51d13fba36da85aec374ced8da502ad8cacc19b5e4", "price_changes": [{"asset_id": "100228698460291132583020143221009971811579077019329886472409358914591728834419", "price": "0.05", "size": "6019.11", "side": "BUY", "hash": "a59cbaed65aacc679f7a427ff5548ea50ee3557c", "best_bid": "0.64", "best_ask": "0.72"}, {"asset_id": "93697337788704602779579616120202897250549183254628229162583563651539629035220", "price": "0.95", "size": "6019.11", "side": "SELL", "hash": "8562c70c8c7b193ae3f5dfa981ae0cf8530cc950", "best_bid": "0.28", "best_ask": "0.36"}], "timestamp": "1769384512935", "event_type": "price_change"}}
{"_local_timestamp": "2026-01-25T23:41:53.200534+00:00", "data": {"market": "0xfbf05779cbbf5d281d6a9e51d13fba36da85aec374ced8da502ad8cacc19b5e4", "price_changes": [{"asset_id": "100228698460291132583020143221009971811579077019329886472409358914591728834419", "price": "0.01", "size": "41345.09", "side": "BUY", "hash": "a59cbaed65aacc679f7a427ff5548ea50ee3557c", "best_bid": "0.64", "best_ask": "0.72"}, {"asset_id": "93697337788704602779579616120202897250549183254628229162583563651539629035220", "price": "0.99", "size": "41345.09", "side": "SELL", "hash": "8562c70c8c7b193ae3f5dfa981ae0cf8530cc950", "best_bid": "0.28", "best_ask": "0.36"}], "timestamp": "1769384512935", "event_type": "price_change"}}
{"_local_timestamp": "2026-01-25T23:41:53.200866+00:00", "data": {"market": "0xfbf05779cbbf5d281d6a9e51d13fba36da85aec374ced8da502ad8cacc19b5e4", "price_changes": [{"asset_id": "93697337788704602779579616120202897250549183254628229162583563651539629035220", "price": "0.01", "size": "85176.44", "side": "BUY", "hash": "f310b02e8b8aceb980edde90e440128b7da763b9", "best_bid": "0.28", "best_ask": "0.36"}, {"asset_id": "100228698460291132583020143221009971811579077019329886472409358914591728834419", "price": "0.99", "size": "85176.44", "side": "SELL", "hash": "e4b506cd5f4a52dbbe328c0fe116af4f2f63f523", "best_bid": "0.64", "best_ask": "0.72"}], "timestamp": "1769384512935", "event_type": "price_change"}}
{"_local_timestamp": "2026-01-25T23:41:53.201191+00:00", "data": {"market": "0xfbf05779cbbf5d281d6a9e51d13fba36da85aec374ced8da502ad8cacc19b5e4", "price_changes": [{"asset_id": "93697337788704602779579616120202897250549183254628229162583563651539629035220", "price": "0.02", "size": "5999.11", "side": "BUY", "hash": "f310b02e8b8aceb980edde90e440128b7da763b9", "best_bid": "0.28", "best_ask": "0.36"}, {"asset_id": "100228698460291132583020143221009971811579077019329886472409358914591728834419", "price": "0.98", "size": "5999.11", "side": "SELL", "hash": "e4b506cd5f4a52dbbe328c0fe116af4f2f63f523", "best_bid": "0.64", "best_ask": "0.72"}], "timestamp": "1769384512935", "event_type": "price_change"}}
{"_local_timestamp": "2026-01-25T23:41:53.321300+00:00", "data": {"market": "0xfbf05779cbbf5d281d6a9e51d13fba36da85aec374ced8da502ad8cacc19b5e4", "price_changes": [{"asset_id": "100228698460291132583020143221009971811579077019329886472409358914591728834419", "price": "0.01", "size": "54344.2", "side": "BUY", "hash": "e650d169af8c477bffc433864d1a7b30bdd3440e", "best_bid": "0.64", "best_ask": "0.72"}, {"asset_id": "93697337788704602779579616120202897250549183254628229162583563651539629035220", "price": "0.99", "size": "54344.2", "side": "SELL", "hash": "28d114fea5fd84d455a6c3d328cda859a62828b4", "best_bid": "0.28", "best_ask": "0.36"}], "timestamp": "1769384513238", "event_type": "price_change"}}
{"_local_timestamp": "2026-01-25T23:41:53.321777+00:00", "data": {"market": "0xfbf05779cbbf5d281d6a9e51d13fba36da85aec374ced8da502ad8cacc19b5e4", "price_changes": [{"asset_id": "100228698460291132583020143221009971811579077019329886472409358914591728834419", "price": "0.01", "size": "60343.31", "side": "BUY", "hash": "1b0fe064320f39e1cceb1004fe429bfd416f8029", "best_bid": "0.64", "best_ask": "0.72"}, {"asset_id": "93697337788704602779579616120202897250549183254628229162583563651539629035220", "price": "0.99", "size": "60343.31", "side": "SELL", "hash": "a869f5edbe45c184508281423a17180a6dfb3342", "best_bid": "0.28", "best_ask": "0.36"}], "timestamp": "1769384513238", "event_type": "price_change"}}
{"_local_timestamp": "2026-01-25T23:41:53.322162+00:00", "data": {"market": "0xfbf05779cbbf5d281d6a9e51d13fba36da85aec374ced8da502ad8cacc19b5e4", "price_changes": [{"asset_id": "100228698460291132583020143221009971811579077019329886472409358914591728834419", "price": "0.01", "size": "85342.42", "side": "BUY", "hash": "1b1d20466f710f1713c1d27073183beaabb89a84", "best_bid": "0.64", "best_ask": "0.72"}, {"asset_id": "93697337788704602779579616120202897250549183254628229162583563651539629035220", "price": "0.99", "size": "85342.42", "side": "SELL", "hash": "db05222ae5f1bbed9be89b8ae75014a620da4d1c", "best_bid": "0.28", "best_ask": "0.36"}], "timestamp": "1769384513239", "event_type": "price_change"}}
{"_local_timestamp": "2026-01-25T23:41:53.338922+00:00", "data": {"market": "0xfbf05779cbbf5d281d6a9e51d13fba36da85aec374ced8da502ad8cacc19b5e4", "price_changes": [{"asset_id": "93697337788704602779579616120202897250549183254628229162583563651539629035220", "price": "0.01", "size": "91175.55", "side": "BUY", "hash": "19f6fcbff3bde87a7365ba2ed049422b51385154", "best_bid": "0.28", "best_ask": "0.36"}, {"asset_id": "100228698460291132583020143221009971811579077019329886472409358914591728834419", "price": "0.99", "size": "91175.55", "side": "SELL", "hash": "da189e45933153dcf4a77153efccced8d6b0b18f", "best_bid": "0.64", "best_ask": "0.72"}], "timestamp": "1769384513276", "event_type": "price_change"}}
{"_local_timestamp": "2026-01-25T23:41:53.349726+00:00", "data": {"market": "0xfbf05779cbbf5d281d6a9e51d13fba36da85aec374ced8da502ad8cacc19b5e4", "price_changes": [{"asset_id": "100228698460291132583020143221009971811579077019329886472409358914591728834419", "price": "0.03", "size": "6010.44", "side": "BUY", "hash": "8f0ccdd8ee87914f27195243ffc3cbf209331079", "best_bid": "0.64", "best_ask": "0.72"}, {"asset_id": "93697337788704602779579616120202897250549183254628229162583563651539629035220", "price": "0.97", "size": "6010.44", "side": "SELL", "hash": "fd438f587ae512ca60af4a991dbb0d9fe9705053", "best_bid": "0.28", "best_ask": "0.36"}], "timestamp": "1769384513277", "event_type": "price_change"}}
{"_local_timestamp": "2026-01-25T23:41:53.350262+00:00", "data": {"market": "0xfbf05779cbbf5d281d6a9e51d13fba36da85aec374ced8da502ad8cacc19b5e4", "price_changes": [{"asset_id": "100228698460291132583020143221009971811579077019329886472409358914591728834419", "price": "0.02", "size": "50696.44", "side": "BUY", "hash": "9434d41176bef5ed0ce45632968252819a7b6fea", "best_bid": "0.64", "best_ask": "0.72"}, {"asset_id": "93697337788704602779579616120202897250549183254628229162583563651539629035220", "price": "0.98", "size": "50696.44", "side": "SELL", "hash": "74e3b05cddb92515541799d26c9bdac0e1beb5b2", "best_bid": "0.28", "best_ask": "0.36"}], "timestamp": "1769384513278", "event_type": "price_change"}}
{"_local_timestamp": "2026-01-25T23:41:53.350850+00:00", "data": {"market": "0xfbf05779cbbf5d281d6a9e51d13fba36da85aec374ced8da502ad8cacc19b5e4", "price_changes": [{"asset_id": "93697337788704602779579616120202897250549183254628229162583563651539629035220", "price": "0.03", "size": "6699.11", "side": "BUY", "hash": "703e17553474ae205d278d79852872e46f983c53", "best_bid": "0.28", "best_ask": "0.36"}, {"asset_id": "100228698460291132583020143221009971811579077019329886472409358914591728834419", "price": "0.97", "size": "6699.11", "side": "SELL", "hash": "411e50c5506d22453cf02b480f179d461d040f04", "best_bid": "0.64", "best_ask": "0.72"}], "timestamp": "1769384513280", "event_type": "price_change"}}
{"_local_timestamp": "2026-01-25T23:41:53.355614+00:00", "data": {"market": "0xfbf05779cbbf5d281d6a9e51d13fba36da85aec374ced8da502ad8cacc19b5e4", "price_changes": [{"asset_id": "100228698460291132583020143221009971811579077019329886472409358914591728834419", "price": "0.06", "size": "6499.11", "side": "BUY", "hash": "f9f0e2baf1de470b6d93e8f318dee65610de0e64", "best_bid": "0.64", "best_ask": "0.72"}, {"asset_id": "93697337788704602779579616120202897250549183254628229162583563651539629035220", "price": "0.94", "size": "6499.11", "side": "SELL", "hash": "9e5ae9255f562e7706662b7e849eb4942303bfe2", "best_bid": "0.28", "best_ask": "0.36"}], "timestamp": "1769384513281", "event_type": "price_change"}}
{"_local_timestamp": "2026-01-25T23:42:33.508890+00:00", "data": {"market": "0x57125a6fc3e50d4a0a3ae97edfa6a5a423ceeaa75165c14f9ec57bbeead67824", "price_changes": [{"asset_id": "9963746526435131885764987765347244111045384273519416273340448914124693044757", "price": "0.58", "size": "5.09", "side": "BUY", "hash": "642cfbc371442fb39c5272ce6bcd4cd53e4ce3ee", "best_bid": "0.58", "best_ask": "0.61"}, {"asset_id": "97466397839217672087836211133100301269701565683546363204030550472188238047689", "price": "0.42", "size": "5.09", "side": "SELL", "hash": "4c036a352b4e7f22bc224fddb48520ef9924ecb1", "best_bid": "0.39", "best_ask": "0.42"}], "timestamp": "1769384553376", "event_type": "price_change"}}
{"_local_timestamp": "2026-01-25T23:42:33.511585+00:00", "data": {"market": "0x57125a6fc3e50d4a0a3ae97edfa6a5a423ceeaa75165c14f9ec57bbeead67824", "price_changes": [{"asset_id": "97466397839217672087836211133100301269701565683546363204030550472188238047689", "price": "0.4", "size": "5.09", "side": "BUY", "hash": "1da577b3b575d3604232ef313658b0d1ffbdc95b", "best_bid": "0.4", "best_ask": "0.42"}, {"asset_id": "9963746526435131885764987765347244111045384273519416273340448914124693044757", "price": "0.6", "size": "5.09", "side": "SELL", "hash": "dff1026a18517f3dcb7f49db80620e490b5623e2", "best_bid": "0.58", "best_ask": "0.6"}], "timestamp": "1769384553377", "event_type": "price_change"}}
{"_local_timestamp": "2026-01-25T23:43:03.546335+00:00", "data": {"market": "0x57125a6fc3e50d4a0a3ae97edfa6a5a423ceeaa75165c14f9ec57bbeead67824", "price_changes": [{"asset_id": "97466397839217672087836211133100301269701565683546363204030550472188238047689", "price": "0.38", "size": "0", "side": "BUY", "hash": "2aba1c0378424d098f6a75517d3ea47118eac7f0", "best_bid": "0.4", "best_ask": "0.42"}, {"asset_id": "9963746526435131885764987765347244111045384273519416273340448914124693044757", "price": "0.62", "size": "0", "side": "SELL", "hash": "b966cb3677f5dc5a9c9a9358048d2da953022b0d", "best_bid": "0.58", "best_ask": "0.6"}], "timestamp": "1769384583405", "event_type": "price_change"}}
{"_local_timestamp": "2026-01-25T23:43:03.623281+00:00", "data": {"market": "0x57125a6fc3e50d4a0a3ae97edfa6a5a423ceeaa75165c14f9ec57bbeead67824", "price_changes": [{"asset_id": "97466397839217672087836211133100301269701565683546363204030550472188238047689", "price": "0.39", "size": "496.31", "side": "BUY", "hash": "9c347fcdb5df4cb1bda0968f4bb445ba1aade467", "best_bid": "0.4", "best_ask": "0.42"}, {"asset_id": "9963746526435131885764987765347244111045384273519416273340448914124693044757", "price": "0.61", "size": "496.31", "side": "SELL", "hash": "b4d5e1df74a56967aa1a49256fdc2a79c7a5f7b6", "best_bid": "0.58", "best_ask": "0.6"}], "timestamp": "1769384583472", "event_type": "price_change"}}
{"_local_timestamp": "2026-01-25T23:43:07.274619+00:00", "data": {"market": "0x57125a6fc3e50d4a0a3ae97edfa6a5a423ceeaa75165c14f9ec57bbeead67824", "price_changes": [{"asset_id": "9963746526435131885764987765347244111045384273519416273340448914124693044757", "price": "0.02", "size": "25699.11", "side": "BUY", "hash": "f55fc745a11c41a0923be8537ac1e83e3514de07", "best_bid": "0.58", "best_ask": "0.6"}, {"asset_id": "97466397839217672087836211133100301269701565683546363204030550472188238047689", "price": "0.98", "size": "25699.11", "side": "SELL", "hash": "9d8074b7de4f527893bc7b892ac0c18ef02bb036", "best_bid": "0.4", "best_ask": "0.42"}], "timestamp": "1769384587129", "event_type": "price_change"}}
{"_local_timestamp": "2026-01-25T23:43:07.275087+00:00", "data": {"market": "0x57125a6fc3e50d4a0a3ae97edfa6a5a423ceeaa75165c14f9ec57bbeead67824", "price_changes": [{"asset_id": "9963746526435131885764987765347244111045384273519416273340448914124693044757", "price": "0.01", "size": "42095.21", "side": "BUY", "hash": "855a573c042ab8fcfe4df5bf817e9f2510ea7c25", "best_bid": "0.58", "best_ask": "0.6"}, {"asset_id": "97466397839217672087836211133100301269701565683546363204030550472188238047689", "price": "0.99", "size": "42095.21", "side": "SELL", "hash": "59ec41ce261667bc43e2e5fd90777c337456d984", "best_bid": "0.4", "best_ask": "0.42"}], "timestamp": "1769384587129", "event_type": "price_change"}}
{"_local_timestamp": "2026-01-25T23:43:07.275636+00:00", "data": {"market": "0x57125a6fc3e50d4a0a3ae97edfa6a5a423ceeaa75165c14f9ec57bbeead67824", "price_changes": [{"asset_id": "9963746526435131885764987765347244111045384273519416273340448914124693044757", "price": "0.06", "size": "5999.11", "side": "BUY", "hash": "6d41848799d02eabc104946bbc911adc0be6be08", "best_bid": "0.58", "best_ask": "0.6"}, {"asset_id": "97466397839217672087836211133100301269701565683546363204030550472188238047689", "price": "0.94", "size": "5999.11", "side": "SELL", "hash": "afe80104d8d09e37f33e7d4cb4ce1dd8368ec219", "best_bid": "0.4", "best_ask": "0.42"}], "timestamp": "1769384587130", "event_type": "price_change"}}
{"_local_timestamp": "2026-01-25T23:43:07.276023+00:00", "data": {"market": "0x57125a6fc3e50d4a0a3ae97edfa6a5a423ceeaa75165c14f9ec57bbeead67824", "price_changes": [{"asset_id": "9963746526435131885764987765347244111045384273519416273340448914124693044757", "price": "0.02", "size": "38698.22", "side": "BUY", "hash": "4330c20a8aa22814089acbe34df17f8786f379c7", "best_bid": "0.58", "best_ask": "0.6"}, {"asset_id": "97466397839217672087836211133100301269701565683546363204030550472188238047689", "price": "0.98", "size": "38698.22", "side": "SELL", "hash": "3334caac8bdfda68b09a199aa6d826497d11d8f2", "best_bid": "0.4", "best_ask": "0.42"}], "timestamp": "1769384587131", "event_type": "price_change"}}
{"_local_timestamp": "2026-01-25T23:43:07.276426+00:00", "data": {"market": "0x57125a6fc3e50d4a0a3ae97edfa6a5a423ceeaa75165c14f9ec57bbeead67824", "price_changes": [{"asset_id": "97466397839217672087836211133100301269701565683546363204030550472188238047689", "price": "0.05", "size": "6499.11", "side": "BUY", "hash": "41facc6142669b3abd9429b5c8595c2fcb6e9f9e", "best_bid": "0.4", "best_ask": "0.42"}, {"asset_id": "9963746526435131885764987765347244111045384273519416273340448914124693044757", "price": "0.95", "size": "6499.11", "side": "SELL", "hash": "3450c25388b49d121703d22b47142d55428b1afa", "best_bid": "0.58", "best_ask": "0.6"}], "timestamp": "1769384587131", "event_type": "price_change"}}
{"_local_timestamp": "2026-01-25T23:43:07.277246+00:00", "data": {"market": "0x57125a6fc3e50d4a0a3ae97edfa6a5a423ceeaa75165c14f9ec57bbeead67824", "price_changes": [{"asset_id": "97466397839217672087836211133100301269701565683546363204030550472188238047689", "price": "0.01", "size": "13979.11", "side": "BUY", "hash": "d2eaacba7d2d55696df0f39d230df61c0693da8a", "best_bid": "0.4", "best_ask": "0.42"}, {"asset_id": "9963746526435131885764987765347244111045384273519416273340448914124693044757", "price": "0.99", "size": "13979.11", "side": "SELL", "hash": "b561ce80081ebaefd111a5c94ede2016d0c29209", "best_bid": "0.58", "best_ask": "0.6"}], "timestamp": "1769384587132", "event_type": "price_change"}}
{"_local_timestamp": "2026-01-25T23:43:07.277685+00:00", "data": {"market": "0x57125a6fc3e50d4a0a3ae97edfa6a5a423ceeaa75165c14f9ec57bbeead67824", "price_changes": [{"asset_id": "9963746526435131885764987765347244111045384273519416273340448914124693044757", "price": "0.02", "size": "44697.33", "side": "BUY", "hash": "6c01f5e88b380d1554fb19827d1acc95a69203c6", "best_bid": "0.58", "best_ask": "0.6"}, {"asset_id": "97466397839217672087836211133100301269701565683546363204030550472188238047689", "price": "0.98", "size": "44697.33", "side": "SELL", "hash": "be4eca9eb5c1829ab17ea48a7acd32133e40ab6f", "best_bid": "0.4", "best_ask": "0.42"}], "timestamp": "1769384587133", "event_type": "price_change"}}
{"_local_timestamp": "2026-01-25T23:43:07.278208+00:00", "data": {"market": "0x57125a6fc3e50d4a0a3ae97edfa6a5a423ceeaa75165c14f9ec57bbeead67824", "price_changes": [{"asset_id": "9963746526435131885764987765347244111045384273519416273340448914124693044757", "price": "0.05", "size": "6519.11", "side": "BUY", "hash": "5099592c3a39643a53a5c74f00574d6a21226b8b", "best_bid": "0.58", "best_ask": "0.6"}, {"asset_id": "97466397839217672087836211133100301269701565683546363204030550472188238047689", "price": "0.95", "size": "6519.11", "side": "SELL", "hash": "d4f8456d83f17a148304b188e8bf14055204ec57", "best_bid": "0.4", "best_ask": "0.42"}], "timestamp": "1769384587134", "event_type": "price_change"}}
{"_local_timestamp": "2026-01-25T23:43:07.278641+00:00", "data": {"market": "0x57125a6fc3e50d4a0a3ae97edfa6a5a423ceeaa75165c14f9ec57bbeead67824", "price_changes": [{"asset_id": "97466397839217672087836211133100301269701565683546363204030550472188238047689", "price": "0.01", "size": "54978.22", "side": "BUY", "hash": "61aac6f4674c552f9ab2280558896a631bb76d64", "best_bid": "0.4", "best_ask": "0.42"}, {"asset_id": "9963746526435131885764987765347244111045384273519416273340448914124693044757", "price": "0.99", "size": "54978.22", "side": "SELL", "hash": "81e23949fcfec82a0044dee6673212137569fb60", "best_bid": "0.58", "best_ask": "0.6"}], "timestamp": "1769384587135", "event_type": "price_change"}}
{"_local_timestamp": "2026-01-25T23:43:07.279015+00:00", "data": {"market": "0x57125a6fc3e50d4a0a3ae97edfa6a5a423ceeaa75165c14f9ec57bbeead67824", "price_changes": [{"asset_id": "97466397839217672087836211133100301269701565683546363204030550472188238047689", "price": "0.01", "size": "79977.33", "side": "BUY", "hash": "a23de39bd080f9e075f0bc32b6a89993bfd35bd4", "best_bid": "0.4", "best_ask": "0.42"}, {"asset_id": "9963746526435131885764987765347244111045384273519416273340448914124693044757", "price": "0.99", "size": "79977.33", "side": "SELL", "hash": "21dcb5ad3280d4c4d810f90d58bead6bf337c761", "best_bid": "0.58", "best_ask": "0.6"}], "timestamp": "1769384587135", "event_type": "price_change"}}
{"_local_timestamp": "2026-01-25T23:43:07.474511+00:00", "data": {"market": "0x57125a6fc3e50d4a0a3ae97edfa6a5a423ceeaa75165c14f9ec57bbeead67824", "price_changes": [{"asset_id": "97466397839217672087836211133100301269701565683546363204030550472188238047689", "price": "0.06", "size": "5999.11", "side": "BUY", "hash": "a2dc9aeda2c2a5372ce6ecd7e4321ebb459e3381", "best_bid": "0.4", "best_ask": "0.42"}, {"asset_id": "9963746526435131885764987765347244111045384273519416273340448914124693044757", "price": "0.94", "size": "5999.11", "side": "SELL", "hash": "159efaf893a0594928eb5565bf7abe6c42e54bbd", "best_bid": "0.58", "best_ask": "0.6"}], "timestamp": "1769384587136", "event_type": "price_change"}}
{"_local_timestamp": "2026-01-25T23:43:07.475085+00:00", "data": {"market": "0x57125a6fc3e50d4a0a3ae97edfa6a5a423ceeaa75165c14f9ec57bbeead67824", "price_changes": [{"asset_id": "97466397839217672087836211133100301269701565683546363204030550472188238047689", "price": "0.01", "size": "85976.44", "side": "BUY", "hash": "bf52f4c2dc585b9efb434aa5eda6acaa8e7db2bc", "best_bid": "0.4", "best_ask": "0.42"}, {"asset_id": "9963746526435131885764987765347244111045384273519416273340448914124693044757", "price": "0.99", "size": "85976.44", "side": "SELL", "hash": "bc89193cd8586bfd5907f2539e93307d27851e50", "best_bid": "0.58", "best_ask": "0.6"}], "timestamp": "1769384587137", "event_type": "price_change"}}
{"_local_timestamp": "2026-01-25T23:43:15.819452+00:00", "data": {"market": "0x626b59f38e4c3551135ce1543abcd9e9b4e4e26e61e0cebe2f564bb14f2dd6af", "price_changes": [{"asset_id": "5535075471823340767859198350152413933991966623914208053460771681266427855914", "price": "0.01", "size": "42144.46", "side": "BUY", "hash": "4e445258910840c24a88d52419d70e219babc60f", "best_bid": "0.67", "best_ask": "0.74"}, {"asset_id": "46742902247805732600151418163897640403078314266100305709772835357271996763300", "price": "0.99", "size": "42144.46", "side": "SELL", "hash": "f772a41cf7758f0e5632fe1ebd2e751ff647135e", "best_bid": "0.26", "best_ask": "0.33"}], "timestamp": "1769384595706", "event_type": "price_change"}}
{"_local_timestamp": "2026-01-25T23:43:15.819956+00:00", "data": {"market": "0x626b59f38e4c3551135ce1543abcd9e9b4e4e26e61e0cebe2f564bb14f2dd6af", "price_changes": [{"asset_id": "46742902247805732600151418163897640403078314266100305709772835357271996763300", "price": "0.03", "size": "5999.11", "side": "BUY", "hash": "abd4f6d8d1de5792fd3c413a6302a74f35b01802", "best_bid": "0.26", "best_ask": "0.33"}, {"asset_id": "5535075471823340767859198350152413933991966623914208053460771681266427855914", "price": "0.97", "size": "5999.11", "side": "SELL", "hash": "918c3cc73a92113bce84367bd008f5a57c7a7b99", "best_bid": "0.67", "best_ask": "0.74"}], "timestamp": "1769384595706", "event_type": "price_change"}}
{"_local_timestamp": "2026-01-25T23:43:15.820367+00:00", "data": {"market": "0x626b59f38e4c3551135ce1543abcd9e9b4e4e26e61e0cebe2f564bb14f2dd6af", "price_changes": [{"asset_id": "5535075471823340767859198350152413933991966623914208053460771681266427855914", "price": "0.06", "size": "5999.11", "side": "BUY", "hash": "c2561b3749e6f9fe581f9ea4430e208c8ddde831", "best_bid": "0.67", "best_ask": "0.74"}, {"asset_id": "46742902247805732600151418163897640403078314266100305709772835357271996763300", "price": "0.94", "size": "5999.11", "side": "SELL", "hash": "a1ff609afe7fb6e4d8d5322a8f4a086c207fe255", "best_bid": "0.26", "best_ask": "0.33"}], "timestamp": "1769384595707", "event_type": "price_change"}}
{"_local_timestamp": "2026-01-25T23:43:15.820748+00:00", "data": {"market": "0x626b59f38e4c3551135ce1543abcd9e9b4e4e26e61e0cebe2f564bb14f2dd6af", "price_changes": [{"asset_id": "46742902247805732600151418163897640403078314266100305709772835357271996763300", "price": "0.02", "size": "6699.11", "side": "BUY", "hash": "e85da6471c8261e9ac53a830da6f44e8f3804eea", "best_bid": "0.26", "best_ask": "0.33"}, {"asset_id": "5535075471823340767859198350152413933991966623914208053460771681266427855914", "price": "0.98", "size": "6699.11", "side": "SELL", "hash": "ee0edc590433d6ed27888c381e52978992c24158", "best_bid": "0.67", "best_ask": "0.74"}], "timestamp": "1769384595708", "event_type": "price_change"}}
{"_local_timestamp": "2026-01-25T23:43:15.821150+00:00", "data": {"market": "0x626b59f38e4c3551135ce1543abcd9e9b4e4e26e61e0cebe2f564bb14f2dd6af", "price_changes": [{"asset_id": "5535075471823340767859198350152413933991966623914208053460771681266427855914", "price": "0.05", "size": "6519.11", "side": "BUY", "hash": "475201165ad37fef0e62d9496a036787d1fd9c98", "best_bid": "0.67", "best_ask": "0.74"}, {"asset_id": "46742902247805732600151418163897640403078314266100305709772835357271996763300", "price": "0.95", "size": "6519.11", "side": "SELL", "hash": "8956e79b3b76242b8c7847cd02b8b0b8c0294e43", "best_bid": "0.26", "best_ask": "0.33"}], "timestamp": "1769384595708", "event_type": "price_change"}}
{"_local_timestamp": "2026-01-25T23:43:16.048915+00:00", "data": {"market": "0x626b59f38e4c3551135ce1543abcd9e9b4e4e26e61e0cebe2f564bb14f2dd6af", "price_changes": [{"asset_id": "5535075471823340767859198350152413933991966623914208053460771681266427855914", "price": "0.02", "size": "25699.11", "side": "BUY", "hash": "e97c4e6c5492c648f8786278d985c1912e827409", "best_bid": "0.67", "best_ask": "0.74"}, {"asset_id": "46742902247805732600151418163897640403078314266100305709772835357271996763300", "price": "0.98", "size": "25699.11", "side": "SELL", "hash": "568ee40a88731e09567f73d064cd62235a327453", "best_bid": "0.26", "best_ask": "0.33"}], "timestamp": "1769384595937", "event_type": "price_change"}}
{"_local_timestamp": "2026-01-25T23:43:16.049535+00:00", "data": {"market": "0x626b59f38e4c3551135ce1543abcd9e9b4e4e26e61e0cebe2f564bb14f2dd6af", "price_changes": [{"asset_id": "46742902247805732600151418163897640403078314266100305709772835357271996763300", "price": "0.01", "size": "25979.11", "side": "BUY", "hash": "bbf6ec51f30ed777156a8ab7379976474d2ae948", "best_bid": "0.26", "best_ask": "0.33"}, {"asset_id": "5535075471823340767859198350152413933991966623914208053460771681266427855914", "price": "0.99", "size": "25979.11", "side": "SELL", "hash": "a1d7b4dafea65c8d488693059f075028f7410eb9", "best_bid": "0.67", "best_ask": "0.74"}], "timestamp": "1769384595940", "event_type": "price_change"}}
{"_local_timestamp": "2026-01-25T23:43:16.056801+00:00", "data": {"market": "0x626b59f38e4c3551135ce1543abcd9e9b4e4e26e61e0cebe2f564bb14f2dd6af", "price_changes": [{"asset_id": "5535075471823340767859198350152413933991966623914208053460771681266427855914", "price": "0.02", "size": "31698.22", "side": "BUY", "hash": "bd46e3dc4b5d8f31afbe90b06658c656390a6bc2", "best_bid": "0.67", "best_ask": "0.74"}, {"asset_id": "46742902247805732600151418163897640403078314266100305709772835357271996763300", "price": "0.98", "size": "31698.22", "side": "SELL", "hash": "bbf78420bfb2d8156725b8caeb968557c9233a23", "best_bid": "0.26", "best_ask": "0.33"}], "timestamp": "1769384595942", "event_type": "price_change"}}
{"_local_timestamp": "2026-01-25T23:43:16.060638+00:00", "data": {"market": "0x626b59f38e4c3551135ce1543abcd9e9b4e4e26e61e0cebe2f564bb14f2dd6af", "price_changes": [{"asset_id": "46742902247805732600151418163897640403078314266100305709772835357271996763300", "price": "0.01", "size": "38978.22", "side": "BUY", "hash": "078d3a679014852d23628d01d3a9c49e31bc7034", "best_bid": "0.26", "best_ask": "0.33"}, {"asset_id": "5535075471823340767859198350152413933991966623914208053460771681266427855914", "price": "0.99", "size": "38978.22", "side": "SELL", "hash": "6424e332265ab90a39bb50e5b999a16a3c19ff12", "best_bid": "0.67", "best_ask": "0.74"}], "timestamp": "1769384595944", "event_type": "price_change"}}
{"_local_timestamp": "2026-01-25T23:43:16.065014+00:00", "data": {"market": "0x626b59f38e4c3551135ce1543abcd9e9b4e4e26e61e0cebe2f564bb14f2dd6af", "price_changes": [{"asset_id": "5535075471823340767859198350152413933991966623914208053460771681266427855914", "price": "0.02", "size": "44697.33", "side": "BUY", "hash": "69ab9a8c22a58185cd5beb747ee08ea64754addc", "best_bid": "0.67", "best_ask": "0.74"}, {"asset_id": "46742902247805732600151418163897640403078314266100305709772835357271996763300", "price": "0.98", "size": "44697.33", "side": "SELL", "hash": "62993d5aa67cc093632b4dc1dd93dc2556ddc58c", "best_bid": "0.26", "best_ask": "0.33"}], "timestamp": "1769384595946", "event_type": "price_change"}}
{"_local_timestamp": "2026-01-25T23:43:16.065569+00:00", "data": {"market": "0x626b59f38e4c3551135ce1543abcd9e9b4e4e26e61e0cebe2f564bb14f2dd6af", "price_changes": [{"asset_id": "46742902247805732600151418163897640403078314266100305709772835357271996763300", "price": "0.01", "size": "79977.33", "side": "BUY", "hash": "a4c049a5d4219cfaa4adf73cb95364540019e6d1", "best_bid": "0.26", "best_ask": "0.33"}, {"asset_id": "5535075471823340767859198350152413933991966623914208053460771681266427855914", "price": "0.99", "size": "79977.33", "side": "SELL", "hash": "37cd29046e68eee3f220b2d43e9445c3bfb3ffc7", "best_bid": "0.67", "best_ask": "0.74"}], "timestamp": "1769384595948", "event_type": "price_change"}}
{"_local_timestamp": "2026-01-25T23:43:16.066036+00:00", "data": {"market": "0x626b59f38e4c3551135ce1543abcd9e9b4e4e26e61e0cebe2f564bb14f2dd6af", "price_changes": [{"asset_id": "46742902247805732600151418163897640403078314266100305709772835357271996763300", "price": "0.01", "size": "85976.44", "side": "BUY", "hash": "3ce0246905b3061891cf59d65339ddaa8c1961b3", "best_bid": "0.26", "best_ask": "0.33"}, {"asset_id": "5535075471823340767859198350152413933991966623914208053460771681266427855914", "price": "0.99", "size": "85976.44", "side": "SELL", "hash": "a9a271deb2697184e60cfcb3002c6343bb94965e", "best_bid": "0.67", "best_ask": "0.74"}], "timestamp": "1769384595950", "event_type": "price_change"}}
{"_local_timestamp": "2026-01-25T23:43:16.528074+00:00", "data": {"market": "0x57125a6fc3e50d4a0a3ae97edfa6a5a423ceeaa75165c14f9ec57bbeead67824", "price_changes": [{"asset_id": "9963746526435131885764987765347244111045384273519416273340448914124693044757", "price": "0.57", "size": "0", "side": "BUY", "hash": "fd30f6f0c7a8be076c6e8a76e2a3895cb9db42a2", "best_bid": "0.58", "best_ask": "0.6"}, {"asset_id": "97466397839217672087836211133100301269701565683546363204030550472188238047689", "price": "0.43", "size": "0", "side": "SELL", "hash": "385211d6026645afa9fe3c47c0df1813d2eb9b23", "best_bid": "0.4", "best_ask": "0.42"}], "timestamp": "1769384596405", "event_type": "price_change"}}
{"_local_timestamp": "2026-01-25T23:43:16.528642+00:00", "data": {"market": "0x57125a6fc3e50d4a0a3ae97edfa6a5a423ceeaa75165c14f9ec57bbeead67824", "price_changes": [{"asset_id": "97466397839217672087836211133100301269701565683546363204030550472188238047689", "price": "0.39", "size": "96.31", "side": "BUY", "hash": "257bee4ec524bd795fe8312c4b97a2c11fc10dcf", "best_bid": "0.4", "best_ask": "0.42"}, {"asset_id": "9963746526435131885764987765347244111045384273519416273340448914124693044757", "price": "0.61", "size": "96.31", "side": "SELL", "hash": "e59d2437a92aef85215a1e5cd6a1cc1f4c9c22b2", "best_bid": "0.58", "best_ask": "0.6"}], "timestamp": "1769384596407", "event_type": "price_change"}}
{"_local_timestamp": "2026-01-25T23:43:34.364642+00:00", "data": {"market": "0x626b59f38e4c3551135ce1543abcd9e9b4e4e26e61e0cebe2f564bb14f2dd6af", "price_changes": [{"asset_id": "5535075471823340767859198350152413933991966623914208053460771681266427855914", "price": "0.18", "size": "0", "side": "BUY", "hash": "ed8dcb509a332fcdf188683247409c47f091ae5e", "best_bid": "0.67", "best_ask": "0.74"}, {"asset_id": "46742902247805732600151418163897640403078314266100305709772835357271996763300", "price": "0.82", "size": "0", "side": "SELL", "hash": "86d0376d00a12e3cdc539496c50cbace3727d132", "best_bid": "0.26", "best_ask": "0.33"}], "timestamp": "1769384614278", "event_type": "price_change"}}
{"_local_timestamp": "2026-01-25T23:43:38.876393+00:00", "data": {"market": "0x57125a6fc3e50d4a0a3ae97edfa6a5a423ceeaa75165c14f9ec57bbeead67824", "price_changes": [{"asset_id": "97466397839217672087836211133100301269701565683546363204030550472188238047689", "price": "0.36", "size": "0", "side": "BUY", "hash": "60980b7ffa0e51b6caf40d2c012873d2d84d5ca9", "best_bid": "0.4", "best_ask": "0.42"}, {"asset_id": "9963746526435131885764987765347244111045384273519416273340448914124693044757", "price": "0.64", "size": "0", "side": "SELL", "hash": "3088c1186143520caa31acb20375caf9a85a3923", "best_bid": "0.58", "best_ask": "0.6"}], "timestamp": "1769384618756", "event_type": "price_change"}}
{"_local_timestamp": "2026-01-25T23:43:38.877063+00:00", "data": {"market": "0x626b59f38e4c3551135ce1543abcd9e9b4e4e26e61e0cebe2f564bb14f2dd6af", "price_changes": [{"asset_id": "5535075471823340767859198350152413933991966623914208053460771681266427855914", "price": "0.67", "size": "0", "side": "BUY", "hash": "fb712cfe3800a6a23eda05107fd68653f95e4cdb", "best_bid": "0.19", "best_ask": "0.74"}, {"asset_id": "46742902247805732600151418163897640403078314266100305709772835357271996763300", "price": "0.33", "size": "0", "side": "SELL", "hash": "8d64eaf96696c989686a0709eac86ad6ae027ff8", "best_bid": "0.26", "best_ask": "0.81"}], "timestamp": "1769384618756", "event_type": "price_change"}}
{"_local_timestamp": "2026-01-25T23:43:38.877653+00:00", "data": {"market": "0xfbf05779cbbf5d281d6a9e51d13fba36da85aec374ced8da502ad8cacc19b5e4", "price_changes": [{"asset_id": "100228698460291132583020143221009971811579077019329886472409358914591728834419", "price": "0.63", "size": "0", "side": "BUY", "hash": "aca8a16b84689efa3584037b53693d65934de7f6", "best_bid": "0.64", "best_ask": "0.72"}, {"asset_id": "93697337788704602779579616120202897250549183254628229162583563651539629035220", "price": "0.37", "size": "0", "side": "SELL", "hash": "f045ef7868ce3a3464d5d66c126f41b79bcc0380", "best_bid": "0.28", "best_ask": "0.36"}], "timestamp": "1769384618756", "event_type": "price_change"}}
{"_local_timestamp": "2026-01-25T23:43:38.878191+00:00", "data": {"market": "0x626b59f38e4c3551135ce1543abcd9e9b4e4e26e61e0cebe2f564bb14f2dd6af", "price_changes": [{"asset_id": "46742902247805732600151418163897640403078314266100305709772835357271996763300", "price": "0.23", "size": "0", "side": "BUY", "hash": "ed941b83760fdc21fba72afea4e24d5136e28356", "best_bid": "0.26", "best_ask": "0.81"}, {"asset_id": "5535075471823340767859198350152413933991966623914208053460771681266427855914", "price": "0.77", "size": "0", "side": "SELL", "hash": "c2c336f7876a114eb64f92e303cfa9bb7e20d14e", "best_bid": "0.19", "best_ask": "0.74"}], "timestamp": "1769384618756", "event_type": "price_change"}}
{"_local_timestamp": "2026-01-25T23:43:38.878662+00:00", "data": {"market": "0x57125a6fc3e50d4a0a3ae97edfa6a5a423ceeaa75165c14f9ec57bbeead67824", "price_changes": [{"asset_id": "9963746526435131885764987765347244111045384273519416273340448914124693044757", "price": "0.54", "size": "0", "side": "BUY", "hash": "cefd752e8291eee1181987957cf8329416a72728", "best_bid": "0.58", "best_ask": "0.6"}, {"asset_id": "97466397839217672087836211133100301269701565683546363204030550472188238047689", "price": "0.46", "size": "0", "side": "SELL", "hash": "945e93f9b96bb5d167fac5a8c8d51a25d332288d", "best_bid": "0.4", "best_ask": "0.42"}], "timestamp": "1769384618756", "event_type": "price_change"}}
{"_local_timestamp": "2026-01-25T23:43:38.928200+00:00", "data": {"market": "0xfbf05779cbbf5d281d6a9e51d13fba36da85aec374ced8da502ad8cacc19b5e4", "price_changes": [{"asset_id": "93697337788704602779579616120202897250549183254628229162583563651539629035220", "price": "0.02", "size": "0", "side": "BUY", "hash": "7e0e014d77b4504dc72bd567e0df3d6f82b56eb5", "best_bid": "0.28", "best_ask": "0.36"}, {"asset_id": "100228698460291132583020143221009971811579077019329886472409358914591728834419", "price": "0.98", "size": "0", "side": "SELL", "hash": "af1ef5acedb368acf46bbab6b728042037b7bd44", "best_bid": "0.64", "best_ask": "0.72"}], "timestamp": "1769384618862", "event_type": "price_change"}}
{"_local_timestamp": "2026-01-25T23:43:38.928779+00:00", "data": {"market": "0xfbf05779cbbf5d281d6a9e51d13fba36da85aec374ced8da502ad8cacc19b5e4", "price_changes": [{"asset_id": "93697337788704602779579616120202897250549183254628229162583563651539629035220", "price": "0.01", "size": "85176.44", "side": "BUY", "hash": "7e0e014d77b4504dc72bd567e0df3d6f82b56eb5", "best_bid": "0.28", "best_ask": "0.36"}, {"asset_id": "100228698460291132583020143221009971811579077019329886472409358914591728834419", "price": "0.99", "size": "85176.44", "side": "SELL", "hash": "af1ef5acedb368acf46bbab6b728042037b7bd44", "best_bid": "0.64", "best_ask": "0.72"}], "timestamp": "1769384618862", "event_type": "price_change"}}
{"_local_timestamp": "2026-01-25T23:43:38.929260+00:00", "data": {"market": "0xfbf05779cbbf5d281d6a9e51d13fba36da85aec374ced8da502ad8cacc19b5e4", "price_changes": [{"asset_id": "100228698460291132583020143221009971811579077019329886472409358914591728834419", "price": "0.02", "size": "700", "side": "BUY", "hash": "487ec094e984082e2244c15a7001d97b7b5e8826", "best_bid": "0.64", "best_ask": "0.72"}, {"asset_id": "93697337788704602779579616120202897250549183254628229162583563651539629035220", "price": "0.98", "size": "700", "side": "SELL", "hash": "b7b26fb560b56cdef7ab28a1c0f3e818bdeb4ab2", "best_bid": "0.28", "best_ask": "0.36"}], "timestamp": "1769384618862", "event_type": "price_change"}}
{"_local_timestamp": "2026-01-25T23:43:38.930774+00:00", "data": {"market": "0xfbf05779cbbf5d281d6a9e51d13fba36da85aec374ced8da502ad8cacc19b5e4", "price_changes": [{"asset_id": "100228698460291132583020143221009971811579077019329886472409358914591728834419", "price": "0.05", "size": "20", "side": "BUY", "hash": "487ec094e984082e2244c15a7001d97b7b5e8826", "best_bid": "0.64", "best_ask": "0.72"}, {"asset_id": "93697337788704602779579616120202897250549183254628229162583563651539629035220", "price": "0.95", "size": "20", "side": "SELL", "hash": "b7b26fb560b56cdef7ab28a1c0f3e818bdeb4ab2", "best_bid": "0.28", "best_ask": "0.36"}], "timestamp": "1769384618862", "event_type": "price_change"}}
{"_local_timestamp": "2026-01-25T23:43:38.932747+00:00", "data": {"market": "0xfbf05779cbbf5d281d6a9e51d13fba36da85aec374ced8da502ad8cacc19b5e4", "price_changes": [{"asset_id": "100228698460291132583020143221009971811579077019329886472409358914591728834419", "price": "0.03", "size": "11.33", "side": "BUY", "hash": "487ec094e984082e2244c15a7001d97b7b5e8826", "best_bid": "0.64", "best_ask": "0.72"}, {"asset_id": "93697337788704602779579616120202897250549183254628229162583563651539629035220", "price": "0.97", "size": "11.33", "side": "SELL", "hash": "b7b26fb560b56cdef7ab28a1c0f3e818bdeb4ab2", "best_bid": "0.28", "best_ask": "0.36"}], "timestamp": "1769384618862", "event_type": "price_change"}}
{"_local_timestamp": "2026-01-25T23:43:39.003405+00:00", "data": {"market": "0xfbf05779cbbf5d281d6a9e51d13fba36da85aec374ced8da502ad8cacc19b5e4", "price_changes": [{"asset_id": "100228698460291132583020143221009971811579077019329886472409358914591728834419", "price": "0.07", "size": "5999.11", "side": "BUY", "hash": "c452c9c0dcb09fe7caa641e8ba5968738b7f17cb", "best_bid": "0.64", "best_ask": "0.72"}, {"asset_id": "93697337788704602779579616120202897250549183254628229162583563651539629035220", "price": "0.93", "size": "5999.11", "side": "SELL", "hash": "ea21256a5890951cb7e1ef280752a22738f290cc", "best_bid": "0.28", "best_ask": "0.36"}], "timestamp": "1769384618873", "event_type": "price_change"}}
{"_local_timestamp": "2026-01-25T23:43:39.004079+00:00", "data": {"market": "0xfbf05779cbbf5d281d6a9e51d13fba36da85aec374ced8da502ad8cacc19b5e4", "price_changes": [{"asset_id": "93697337788704602779579616120202897250549183254628229162583563651539629035220", "price": "0.04", "size": "5999.11", "side": "BUY", "hash": "e2ce5b0921b103e2e5016a91cb807a137905a681", "best_bid": "0.28", "best_ask": "0.36"}, {"asset_id": "100228698460291132583020143221009971811579077019329886472409358914591728834419", "price": "0.96", "size": "5999.11", "side": "SELL", "hash": "545430803adfd75755caae725289255523a0e6d4", "best_bid": "0.64", "best_ask": "0.72"}], "timestamp": "1769384618874", "event_type": "price_change"}}
{"_local_timestamp": "2026-01-25T23:43:39.156444+00:00", "data": {"market": "0xfbf05779cbbf5d281d6a9e51d13fba36da85aec374ced8da502ad8cacc19b5e4", "price_changes": [{"asset_id": "100228698460291132583020143221009971811579077019329886472409358914591728834419", "price": "0.03", "size": "41010.44", "side": "BUY", "hash": "192a83c10e52d04ec0c6fd8b7fa8fcce92895c7b", "best_bid": "0.64", "best_ask": "0.72"}, {"asset_id": "93697337788704602779579616120202897250549183254628229162583563651539629035220", "price": "0.97", "size": "41010.44", "side": "SELL", "hash": "00c34abfcc60bacbd8f9ec4ce23b722e361dfeeb", "best_bid": "0.28", "best_ask": "0.36"}], "timestamp": "1769384619069", "event_type": "price_change"}}
{"_local_timestamp": "2026-01-25T23:43:39.157041+00:00", "data": {"market": "0xfbf05779cbbf5d281d6a9e51d13fba36da85aec374ced8da502ad8cacc19b5e4", "price_changes": [{"asset_id": "100228698460291132583020143221009971811579077019329886472409358914591728834419", "price": "0.06", "size": "19498.22", "side": "BUY", "hash": "8c511087964a90ff64bdbb460202eeff42150d64", "best_bid": "0.64", "best_ask": "0.72"}, {"asset_id": "93697337788704602779579616120202897250549183254628229162583563651539629035220", "price": "0.94", "size": "19498.22", "side": "SELL", "hash": "f9f6d2b7e5e5fbf96601d5110f709d784158badd", "best_bid": "0.28", "best_ask": "0.36"}], "timestamp": "1769384619070", "event_type": "price_change"}}
{"_local_timestamp": "2026-01-25T23:43:39.157509+00:00", "data": {"market": "0xfbf05779cbbf5d281d6a9e51d13fba36da85aec374ced8da502ad8cacc19b5e4", "price_changes": [{"asset_id": "100228698460291132583020143221009971811579077019329886472409358914591728834419", "price": "0.06", "size": "25497.33", "side": "BUY", "hash": "4d69f75f1c2cd70f61e583b94cd7ce5deade8a79", "best_bid": "0.64", "best_ask": "0.72"}, {"asset_id": "93697337788704602779579616120202897250549183254628229162583563651539629035220", "price": "0.94", "size": "25497.33", "side": "SELL", "hash": "a54c9b717d169b2330a7da3ed3627b0b4ba3a43e", "best_bid": "0.28", "best_ask": "0.36"}], "timestamp": "1769384619070", "event_type": "price_change"}}
{"_local_timestamp": "2026-01-25T23:43:39.157959+00:00", "data": {"market": "0xfbf05779cbbf5d281d6a9e51d13fba36da85aec374ced8da502ad8cacc19b5e4", "price_changes": [{"asset_id": "100228698460291132583020143221009971811579077019329886472409358914591728834419", "price": "0.06", "size": "50496.44", "side": "BUY", "hash": "317a5f14751e51ca83482bc2bbd8ae0d7cc8fbc1", "best_bid": "0.64", "best_ask": "0.72"}, {"asset_id": "93697337788704602779579616120202897250549183254628229162583563651539629035220", "price": "0.94", "size": "50496.44", "side": "SELL", "hash": "73b2d88af5c988e7bbc3d5c24e276e1226c1f5e3", "best_bid": "0.28", "best_ask": "0.36"}], "timestamp": "1769384619071", "event_type": "price_change"}}
{"_local_timestamp": "2026-01-25T23:43:40.171415+00:00", "data": {"market": "0x626b59f38e4c3551135ce1543abcd9e9b4e4e26e61e0cebe2f564bb14f2dd6af", "price_changes": [{"asset_id": "46742902247805732600151418163897640403078314266100305709772835357271996763300", "price": "0.04", "size": "5.47", "side": "BUY", "hash": "8e260cbb014b068ac43867126c1ec304fe15afde", "best_bid": "0.26", "best_ask": "0.81"}, {"asset_id": "5535075471823340767859198350152413933991966623914208053460771681266427855914", "price": "0.96", "size": "5.47", "side": "SELL", "hash": "8deec1ed18ea7ee5edbaeb6748abf80c3f94022b", "best_bid": "0.19", "best_ask": "0.74"}], "timestamp": "1769384620066", "event_type": "price_change"}}
{"_local_timestamp": "2026-01-25T23:43:45.940058+00:00", "data": {"market": "0xfbf05779cbbf5d281d6a9e51d13fba36da85aec374ced8da502ad8cacc19b5e4", "price_changes": [{"asset_id": "100228698460291132583020143221009971811579077019329886472409358914591728834419", "price": "0.64", "size": "179", "side": "BUY", "hash": "8429ecca81e73730d48869528fb2522064f2005f", "best_bid": "0.64", "best_ask": "0.72"}, {"asset_id": "93697337788704602779579616120202897250549183254628229162583563651539629035220", "price": "0.36", "size": "179", "side": "SELL", "hash": "164b004bba562db5e3bbb7ca7781f158bf03ddc5", "best_bid": "0.28", "best_ask": "0.36"}], "timestamp": "1769384625864", "event_type": "price_change"}}
{"_local_timestamp": "2026-01-25T23:43:45.940716+00:00", "data": {"market": "0x57125a6fc3e50d4a0a3ae97edfa6a5a423ceeaa75165c14f9ec57bbeead67824", "price_changes": [{"asset_id": "97466397839217672087836211133100301269701565683546363204030550472188238047689", "price": "0.37", "size": "100", "side": "BUY", "hash": "3c2d38f535661e0b1e782693302f35ff511b1d54", "best_bid": "0.4", "best_ask": "0.42"}, {"asset_id": "9963746526435131885764987765347244111045384273519416273340448914124693044757", "price": "0.63", "size": "100", "side": "SELL", "hash": "14fc744da83af677e8cb55606243c776effc957c", "best_bid": "0.58", "best_ask": "0.6"}], "timestamp": "1769384625864", "event_type": "price_change"}}
{"_local_timestamp": "2026-01-25T23:43:45.941217+00:00", "data": {"market": "0x626b59f38e4c3551135ce1543abcd9e9b4e4e26e61e0cebe2f564bb14f2dd6af", "price_changes": [{"asset_id": "5535075471823340767859198350152413933991966623914208053460771681266427855914", "price": "0.68", "size": "100", "side": "BUY", "hash": "181d88f8b797ea2a9af1b837e856d6bba64ef08f", "best_bid": "0.68", "best_ask": "0.74"}, {"asset_id": "46742902247805732600151418163897640403078314266100305709772835357271996763300", "price": "0.32", "size": "100", "side": "SELL", "hash": "d88ce6325bfdc2a5402d009294eefed220267cc8", "best_bid": "0.26", "best_ask": "0.32"}], "timestamp": "1769384625864", "event_type": "price_change"}}
{"_local_timestamp": "2026-01-25T23:43:45.941671+00:00", "data": {"market": "0x57125a6fc3e50d4a0a3ae97edfa6a5a423ceeaa75165c14f9ec57bbeead67824", "price_changes": [{"asset_id": "9963746526435131885764987765347244111045384273519416273340448914124693044757", "price": "0.53", "size": "100", "side": "BUY", "hash": "d3183d44973fd9d13b78b24ce274a15c4db30d91", "best_bid": "0.58", "best_ask": "0.6"}, {"asset_id": "97466397839217672087836211133100301269701565683546363204030550472188238047689", "price": "0.47", "size": "100", "side": "SELL", "hash": "c951723ff66c4be831ead14a1f7bf87bc557a984", "best_bid": "0.4", "best_ask": "0.42"}], "timestamp": "1769384625865", "event_type": "price_change"}}
{"_local_timestamp": "2026-01-25T23:43:45.942141+00:00", "data": {"market": "0x626b59f38e4c3551135ce1543abcd9e9b4e4e26e61e0cebe2f564bb14f2dd6af", "price_changes": [{"asset_id": "46742902247805732600151418163897640403078314266100305709772835357271996763300", "price": "0.22", "size": "100", "side": "BUY", "hash": "485a3105d7fe566f782bb062250dca28b8e0e692", "best_bid": "0.26", "best_ask": "0.32"}, {"asset_id": "5535075471823340767859198350152413933991966623914208053460771681266427855914", "price": "0.78", "size": "100", "side": "SELL", "hash": "3054aaf0ec7fd80e3f8964c64a4b94b02b376655", "best_bid": "0.68", "best_ask": "0.74"}], "timestamp": "1769384625865", "event_type": "price_change"}}
{"_local_timestamp": "2026-01-25T23:43:46.005341+00:00", "data": {"market": "0xfbf05779cbbf5d281d6a9e51d13fba36da85aec374ced8da502ad8cacc19b5e4", "price_changes": [{"asset_id": "100228698460291132583020143221009971811579077019329886472409358914591728834419", "price": "0.06", "size": "6499.11", "side": "BUY", "hash": "062be9ca202daae8345f1320eb3a241c594a563e", "best_bid": "0.64", "best_ask": "0.72"}, {"asset_id": "93697337788704602779579616120202897250549183254628229162583563651539629035220", "price": "0.94", "size": "6499.11", "side": "SELL", "hash": "488a5ab17ce89070305408d7f2890f36add79667", "best_bid": "0.28", "best_ask": "0.36"}], "timestamp": "1769384625937", "event_type": "price_change"}}
{"_local_timestamp": "2026-01-25T23:43:46.005937+00:00", "data": {"market": "0xfbf05779cbbf5d281d6a9e51d13fba36da85aec374ced8da502ad8cacc19b5e4", "price_changes": [{"asset_id": "100228698460291132583020143221009971811579077019329886472409358914591728834419", "price": "0.03", "size": "11.33", "side": "BUY", "hash": "062be9ca202daae8345f1320eb3a241c594a563e", "best_bid": "0.64", "best_ask": "0.72"}, {"asset_id": "93697337788704602779579616120202897250549183254628229162583563651539629035220", "price": "0.97", "size": "11.33", "side": "SELL", "hash": "488a5ab17ce89070305408d7f2890f36add79667", "best_bid": "0.28", "best_ask": "0.36"}], "timestamp": "1769384625937", "event_type": "price_change"}}
{"_local_timestamp": "2026-01-25T23:43:47.467669+00:00", "data": {"market": "0x626b59f38e4c3551135ce1543abcd9e9b4e4e26e61e0cebe2f564bb14f2dd6af", "price_changes": [{"asset_id": "46742902247805732600151418163897640403078314266100305709772835357271996763300", "price": "0.04", "size": "0", "side": "BUY", "hash": "afe6f1627fdd4c64eda6618aa86f8aa7f60b0481", "best_bid": "0.26", "best_ask": "0.32"}, {"asset_id": "5535075471823340767859198350152413933991966623914208053460771681266427855914", "price": "0.96", "size": "0", "side": "SELL", "hash": "7c9245b8d4ccbb9c3989f39dd069a75cc5d6c1f9", "best_bid": "0.68", "best_ask": "0.74"}], "timestamp": "1769384627399", "event_type": "price_change"}}
{"_local_timestamp": "2026-01-25T23:44:08.934020+00:00", "data": {"market": "0xfbf05779cbbf5d281d6a9e51d13fba36da85aec374ced8da502ad8cacc19b5e4", "price_changes": [{"asset_id": "100228698460291132583020143221009971811579077019329886472409358914591728834419", "price": "0.64", "size": "100", "side": "BUY", "hash": "2974108f5c115952d3d4aa9025597d8b43a51661", "best_bid": "0.64", "best_ask": "0.72"}, {"asset_id": "93697337788704602779579616120202897250549183254628229162583563651539629035220", "price": "0.36", "size": "100", "side": "SELL", "hash": "f2171810760edf0e0bce43b77de9c0cea078fda0", "best_bid": "0.28", "best_ask": "0.36"}], "timestamp": "1769384648628", "event_type": "price_change"}}
{"_local_timestamp": "2026-01-25T23:44:32.614380+00:00", "data": {"market": "0x57125a6fc3e50d4a0a3ae97edfa6a5a423ceeaa75165c14f9ec57bbeead67824", "price_changes": [{"asset_id": "97466397839217672087836211133100301269701565683546363204030550472188238047689", "price": "0.4", "size": "405.09", "side": "BUY", "hash": "be56956123af59a1ff5b86d6353b91de7405bcea", "best_bid": "0.4", "best_ask": "0.42"}, {"asset_id": "9963746526435131885764987765347244111045384273519416273340448914124693044757", "price": "0.6", "size": "405.09", "side": "SELL", "hash": "a0e5b8b9dece23efbde15b7600715ba6107f4fdf", "best_bid": "0.58", "best_ask": "0.6"}], "timestamp": "1769384672546", "event_type": "price_change"}}
{"_local_timestamp": "2026-01-25T23:44:32.632377+00:00", "data": {"market": "0x57125a6fc3e50d4a0a3ae97edfa6a5a423ceeaa75165c14f9ec57bbeead67824", "price_changes": [{"asset_id": "9963746526435131885764987765347244111045384273519416273340448914124693044757", "price": "0.56", "size": "400", "side": "BUY", "hash": "6ef8ffd74aad19342cb4231e87a8ff655470cdba", "best_bid": "0.58", "best_ask": "0.6"}, {"asset_id": "97466397839217672087836211133100301269701565683546363204030550472188238047689", "price": "0.44", "size": "400", "side": "SELL", "hash": "4d16f6924d0545a7ed973e24422707c9521e168c", "best_bid": "0.4", "best_ask": "0.42"}], "timestamp": "1769384672569", "event_type": "price_change"}}
{"_local_timestamp": "2026-01-25T23:44:32.894061+00:00", "data": {"market": "0x626b59f38e4c3551135ce1543abcd9e9b4e4e26e61e0cebe2f564bb14f2dd6af", "price_changes": [{"asset_id": "5535075471823340767859198350152413933991966623914208053460771681266427855914", "price": "0.05", "size": "6019.11", "side": "BUY", "hash": "57b71d43f71f4bde0d86bab076b528b77b5f2c37", "best_bid": "0.68", "best_ask": "0.74"}, {"asset_id": "46742902247805732600151418163897640403078314266100305709772835357271996763300", "price": "0.95", "size": "6019.11", "side": "SELL", "hash": "fc8d0105215e53c0afc10eecde4faab70490aa20", "best_bid": "0.26", "best_ask": "0.32"}], "timestamp": "1769384672828", "event_type": "price_change"}}
{"_local_timestamp": "2026-01-25T23:44:32.894700+00:00", "data": {"market": "0x626b59f38e4c3551135ce1543abcd9e9b4e4e26e61e0cebe2f564bb14f2dd6af", "price_changes": [{"asset_id": "5535075471823340767859198350152413933991966623914208053460771681266427855914", "price": "0.01", "size": "41344.46", "side": "BUY", "hash": "57b71d43f71f4bde0d86bab076b528b77b5f2c37", "best_bid": "0.68", "best_ask": "0.74"}, {"asset_id": "46742902247805732600151418163897640403078314266100305709772835357271996763300", "price": "0.99", "size": "41344.46", "side": "SELL", "hash": "fc8d0105215e53c0afc10eecde4faab70490aa20", "best_bid": "0.26", "best_ask": "0.32"}], "timestamp": "1769384672828", "event_type": "price_change"}}
{"_local_timestamp": "2026-01-25T23:44:32.902911+00:00", "data": {"market": "0x57125a6fc3e50d4a0a3ae97edfa6a5a423ceeaa75165c14f9ec57bbeead67824", "price_changes": [{"asset_id": "9963746526435131885764987765347244111045384273519416273340448914124693044757", "price": "0.05", "size": "6019.11", "side": "BUY", "hash": "4a053963febfa960a3e933c004e0847eff0f29ec", "best_bid": "0.58", "best_ask": "0.6"}, {"asset_id": "97466397839217672087836211133100301269701565683546363204030550472188238047689", "price": "0.95", "size": "6019.11", "side": "SELL", "hash": "24edd4c32fbfb3857604ab3af60a3c101ec81b44", "best_bid": "0.4", "best_ask": "0.42"}], "timestamp": "1769384672828", "event_type": "price_change"}}
{"_local_timestamp": "2026-01-25T23:44:32.903473+00:00", "data": {"market": "0x57125a6fc3e50d4a0a3ae97edfa6a5a423ceeaa75165c14f9ec57bbeead67824", "price_changes": [{"asset_id": "9963746526435131885764987765347244111045384273519416273340448914124693044757", "price": "0.01", "size": "41295.21", "side": "BUY", "hash": "4a053963febfa960a3e933c004e0847eff0f29ec", "best_bid": "0.58", "best_ask": "0.6"}, {"asset_id": "97466397839217672087836211133100301269701565683546363204030550472188238047689", "price": "0.99", "size": "41295.21", "side": "SELL", "hash": "24edd4c32fbfb3857604ab3af60a3c101ec81b44", "best_bid": "0.4", "best_ask": "0.42"}], "timestamp": "1769384672828", "event_type": "price_change"}}
{"_local_timestamp": "2026-01-25T23:44:32.903980+00:00", "data": {"market": "0x626b59f38e4c3551135ce1543abcd9e9b4e4e26e61e0cebe2f564bb14f2dd6af", "price_changes": [{"asset_id": "46742902247805732600151418163897640403078314266100305709772835357271996763300", "price": "0.01", "size": "85176.44", "side": "BUY", "hash": "68f0814f11d3f233eca77e9cb2f1d3ef21710dab", "best_bid": "0.26", "best_ask": "0.32"}, {"asset_id": "5535075471823340767859198350152413933991966623914208053460771681266427855914", "price": "0.99", "size": "85176.44", "side": "SELL", "hash": "7dfd4b8be7b55f01526b0f121fb6071357ee7e64", "best_bid": "0.68", "best_ask": "0.74"}], "timestamp": "1769384672828", "event_type": "price_change"}}
{"_local_timestamp": "2026-01-25T23:44:32.904512+00:00", "data": {"market": "0x626b59f38e4c3551135ce1543abcd9e9b4e4e26e61e0cebe2f564bb14f2dd6af", "price_changes": [{"asset_id": "46742902247805732600151418163897640403078314266100305709772835357271996763300", "price": "0.02", "size": "5999.11", "side": "BUY", "hash": "68f0814f11d3f233eca77e9cb2f1d3ef21710dab", "best_bid": "0.26", "best_ask": "0.32"}, {"asset_id": "5535075471823340767859198350152413933991966623914208053460771681266427855914", "price": "0.98", "size": "5999.11", "side": "SELL", "hash": "7dfd4b8be7b55f01526b0f121fb6071357ee7e64", "best_bid": "0.68", "best_ask": "0.74"}], "timestamp": "1769384672828", "event_type": "price_change"}}
{"_local_timestamp": "2026-01-25T23:44:32.941963+00:00", "data": {"market": "0x57125a6fc3e50d4a0a3ae97edfa6a5a423ceeaa75165c14f9ec57bbeead67824", "price_changes": [{"asset_id": "97466397839217672087836211133100301269701565683546363204030550472188238047689", "price": "0.05", "size": "5999.11", "side": "BUY", "hash": "b581690d2f429997839821fd4294ee2f9bb8316c", "best_bid": "0.4", "best_ask": "0.42"}, {"asset_id": "9963746526435131885764987765347244111045384273519416273340448914124693044757", "price": "0.95", "size": "5999.11", "side": "SELL", "hash": "701afa08b83001d0bf66810f812d2f8cf796e551", "best_bid": "0.58", "best_ask": "0.6"}], "timestamp": "1769384672864", "event_type": "price_change"}}
{"_local_timestamp": "2026-01-25T23:44:32.942605+00:00", "data": {"market": "0x57125a6fc3e50d4a0a3ae97edfa6a5a423ceeaa75165c14f9ec57bbeead67824", "price_changes": [{"asset_id": "97466397839217672087836211133100301269701565683546363204030550472188238047689", "price": "0.01", "size": "85176.44", "side": "BUY", "hash": "b581690d2f429997839821fd4294ee2f9bb8316c", "best_bid": "0.4", "best_ask": "0.42"}, {"asset_id": "9963746526435131885764987765347244111045384273519416273340448914124693044757", "price": "0.99", "size": "85176.44", "side": "SELL", "hash": "701afa08b83001d0bf66810f812d2f8cf796e551", "best_bid": "0.58", "best_ask": "0.6"}], "timestamp": "1769384672864", "event_type": "price_change"}}
{"_local_timestamp": "2026-01-25T23:44:32.943168+00:00", "data": {"market": "0x57125a6fc3e50d4a0a3ae97edfa6a5a423ceeaa75165c14f9ec57bbeead67824", "price_changes": [{"asset_id": "97466397839217672087836211133100301269701565683546363204030550472188238047689", "price": "0.02", "size": "0", "side": "BUY", "hash": "b581690d2f429997839821fd4294ee2f9bb8316c", "best_bid": "0.4", "best_ask": "0.42"}, {"asset_id": "9963746526435131885764987765347244111045384273519416273340448914124693044757", "price": "0.98", "size": "0", "side": "SELL", "hash": "701afa08b83001d0bf66810f812d2f8cf796e551", "best_bid": "0.58", "best_ask": "0.6"}], "timestamp": "1769384672864", "event_type": "price_change"}}
{"_local_timestamp": "2026-01-25T23:44:32.943701+00:00", "data": {"market": "0x57125a6fc3e50d4a0a3ae97edfa6a5a423ceeaa75165c14f9ec57bbeead67824", "price_changes": [{"asset_id": "97466397839217672087836211133100301269701565683546363204030550472188238047689", "price": "0.08", "size": "0", "side": "BUY", "hash": "b581690d2f429997839821fd4294ee2f9bb8316c", "best_bid": "0.4", "best_ask": "0.42"}, {"asset_id": "9963746526435131885764987765347244111045384273519416273340448914124693044757", "price": "0.92", "size": "0", "side": "SELL", "hash": "701afa08b83001d0bf66810f812d2f8cf796e551", "best_bid": "0.58", "best_ask": "0.6"}], "timestamp": "1769384672864", "event_type": "price_change"}}
{"_local_timestamp": "2026-01-25T23:44:33.021024+00:00", "data": {"market": "0x626b59f38e4c3551135ce1543abcd9e9b4e4e26e61e0cebe2f564bb14f2dd6af", "price_changes": [{"asset_id": "5535075471823340767859198350152413933991966623914208053460771681266427855914", "price": "0.01", "size": "54343.57", "side": "BUY", "hash": "00e0b30948c8aceff6743f2320f691fb3ef4c1aa", "best_bid": "0.68", "best_ask": "0.74"}, {"asset_id": "46742902247805732600151418163897640403078314266100305709772835357271996763300", "price": "0.99", "size": "54343.57", "side": "SELL", "hash": "1288584c175f473639d68396ea7d21eba7cb9aba", "best_bid": "0.26", "best_ask": "0.32"}], "timestamp": "1769384672884", "event_type": "price_change"}}
{"_local_timestamp": "2026-01-25T23:44:33.021651+00:00", "data": {"market": "0x626b59f38e4c3551135ce1543abcd9e9b4e4e26e61e0cebe2f564bb14f2dd6af", "price_changes": [{"asset_id": "5535075471823340767859198350152413933991966623914208053460771681266427855914", "price": "0.01", "size": "60342.68", "side": "BUY", "hash": "b7a764aad7e6f0678473c861711ec95d0287e7b4", "best_bid": "0.68", "best_ask": "0.74"}, {"asset_id": "46742902247805732600151418163897640403078314266100305709772835357271996763300", "price": "0.99", "size": "60342.68", "side": "SELL", "hash": "41fd81845162c5c17bcb0f33ecc2407c52b08465", "best_bid": "0.26", "best_ask": "0.32"}], "timestamp": "1769384672885", "event_type": "price_change"}}
{"_local_timestamp": "2026-01-25T23:44:33.022196+00:00", "data": {"market": "0x626b59f38e4c3551135ce1543abcd9e9b4e4e26e61e0cebe2f564bb14f2dd6af", "price_changes": [{"asset_id": "5535075471823340767859198350152413933991966623914208053460771681266427855914", "price": "0.01", "size": "85341.79", "side": "BUY", "hash": "c7ddc2c1fbbf1dcbf860a7533bf94842a57a9036", "best_bid": "0.68", "best_ask": "0.74"}, {"asset_id": "46742902247805732600151418163897640403078314266100305709772835357271996763300", "price": "0.99", "size": "85341.79", "side": "SELL", "hash": "9ead322e3c25618b5f0a70ae326a9fcb5ea24322", "best_bid": "0.26", "best_ask": "0.32"}], "timestamp": "1769384672886", "event_type": "price_change"}}
{"_local_timestamp": "2026-01-25T23:44:33.022731+00:00", "data": {"market": "0x626b59f38e4c3551135ce1543abcd9e9b4e4e26e61e0cebe2f564bb14f2dd6af", "price_changes": [{"asset_id": "5535075471823340767859198350152413933991966623914208053460771681266427855914", "price": "0.02", "size": "50696.44", "side": "BUY", "hash": "58dd5564fbb5f31fd74af223942e14b9892b91c2", "best_bid": "0.68", "best_ask": "0.74"}, {"asset_id": "46742902247805732600151418163897640403078314266100305709772835357271996763300", "price": "0.98", "size": "50696.44", "side": "SELL", "hash": "6c7d8c1929ba3a4a839bef967188c7da3c8e82a1", "best_bid": "0.26", "best_ask": "0.32"}], "timestamp": "1769384672919", "event_type": "price_change"}}
{"_local_timestamp": "2026-01-25T23:44:33.023275+00:00", "data": {"market": "0x57125a6fc3e50d4a0a3ae97edfa6a5a423ceeaa75165c14f9ec57bbeead67824", "price_changes": [{"asset_id": "9963746526435131885764987765347244111045384273519416273340448914124693044757", "price": "0.03", "size": "6011.6", "side": "BUY", "hash": "f21e9d7670f73910eb5cfe793a09f19391ea261e", "best_bid": "0.58", "best_ask": "0.6"}, {"asset_id": "97466397839217672087836211133100301269701565683546363204030550472188238047689", "price": "0.97", "size": "6011.6", "side": "SELL", "hash": "541adbc051f8b84cb12a9ef580d6b4a907a09ebf", "best_bid": "0.4", "best_ask": "0.42"}], "timestamp": "1769384672919", "event_type": "price_change"}}
{"_local_timestamp": "2026-01-25T23:44:33.023810+00:00", "data": {"market": "0x626b59f38e4c3551135ce1543abcd9e9b4e4e26e61e0cebe2f564bb14f2dd6af", "price_changes": [{"asset_id": "46742902247805732600151418163897640403078314266100305709772835357271996763300", "price": "0.01", "size": "91175.55", "side": "BUY", "hash": "c879bf39d88d6c0855845a8c69a305cc09822c34", "best_bid": "0.26", "best_ask": "0.32"}, {"asset_id": "5535075471823340767859198350152413933991966623914208053460771681266427855914", "price": "0.99", "size": "91175.55", "side": "SELL", "hash": "6c7e8895dd0e66441224d8bed6635443fe4f3e6a", "best_bid": "0.68", "best_ask": "0.74"}], "timestamp": "1769384672920", "event_type": "price_change"}}
{"_local_timestamp": "2026-01-25T23:44:33.024297+00:00", "data": {"market": "0x57125a6fc3e50d4a0a3ae97edfa6a5a423ceeaa75165c14f9ec57bbeead67824", "price_changes": [{"asset_id": "9963746526435131885764987765347244111045384273519416273340448914124693044757", "price": "0.01", "size": "47294.32", "side": "BUY", "hash": "5074e5c1b3a946cfeefb90d417fdc3352401a57f", "best_bid": "0.58", "best_ask": "0.6"}, {"asset_id": "97466397839217672087836211133100301269701565683546363204030550472188238047689", "price": "0.99", "size": "47294.32", "side": "SELL", "hash": "6b4953a1018e185958faf9eecf2af340db15ddaa", "best_bid": "0.4", "best_ask": "0.42"}], "timestamp": "1769384672920", "event_type": "price_change"}}
{"_local_timestamp": "2026-01-25T23:44:33.024827+00:00", "data": {"market": "0x626b59f38e4c3551135ce1543abcd9e9b4e4e26e61e0cebe2f564bb14f2dd6af", "price_changes": [{"asset_id": "5535075471823340767859198350152413933991966623914208053460771681266427855914", "price": "0.03", "size": "6012.26", "side": "BUY", "hash": "f561992579195b2cc18c7c9fb86cff38d2343f4a", "best_bid": "0.68", "best_ask": "0.74"}, {"asset_id": "46742902247805732600151418163897640403078314266100305709772835357271996763300", "price": "0.97", "size": "6012.26", "side": "SELL", "hash": "128c0013690614560001c7f212d446d7eab5ea41", "best_bid": "0.26", "best_ask": "0.32"}], "timestamp": "1769384672920", "event_type": "price_change"}}
{"_local_timestamp": "2026-01-25T23:44:33.025395+00:00", "data": {"market": "0x57125a6fc3e50d4a0a3ae97edfa6a5a423ceeaa75165c14f9ec57bbeead67824", "price_changes": [{"asset_id": "9963746526435131885764987765347244111045384273519416273340448914124693044757", "price": "0.01", "size": "72293.43", "side": "BUY", "hash": "f4aca49c165ec83641377b314ed2b878d6b071ed", "best_bid": "0.58", "best_ask": "0.6"}, {"asset_id": "97466397839217672087836211133100301269701565683546363204030550472188238047689", "price": "0.99", "size": "72293.43", "side": "SELL", "hash": "71d68506503bceb9fcba2570d00aaa485226c42c", "best_bid": "0.4", "best_ask": "0.42"}], "timestamp": "1769384672920", "event_type": "price_change"}}
{"_local_timestamp": "2026-01-25T23:44:33.027313+00:00", "data": {"market": "0x57125a6fc3e50d4a0a3ae97edfa6a5a423ceeaa75165c14f9ec57bbeead67824", "price_changes": [{"asset_id": "9963746526435131885764987765347244111045384273519416273340448914124693044757", "price": "0.01", "size": "85292.54", "side": "BUY", "hash": "51a623f7d3fc1f880178bb785b0af135e359172a", "best_bid": "0.58", "best_ask": "0.6"}, {"asset_id": "97466397839217672087836211133100301269701565683546363204030550472188238047689", "price": "0.99", "size": "85292.54", "side": "SELL", "hash": "f39d972f207a72ffaff4b438c328e069685c2656", "best_bid": "0.4", "best_ask": "0.42"}], "timestamp": "1769384672921", "event_type": "price_change"}}
{"_local_timestamp": "2026-01-25T23:44:33.027940+00:00", "data": {"market": "0x57125a6fc3e50d4a0a3ae97edfa6a5a423ceeaa75165c14f9ec57bbeead67824", "price_changes": [{"asset_id": "9963746526435131885764987765347244111045384273519416273340448914124693044757", "price": "0.02", "size": "50696.44", "side": "BUY", "hash": "aa8ff2ac4fadfff63cbac3b0c75f485232a4294d", "best_bid": "0.58", "best_ask": "0.6"}, {"asset_id": "97466397839217672087836211133100301269701565683546363204030550472188238047689", "price": "0.98", "size": "50696.44", "side": "SELL", "hash": "191bf3fe6e6b33e7f89f6795939d17a1ee2f0460", "best_bid": "0.4", "best_ask": "0.42"}], "timestamp": "1769384672922", "event_type": "price_change"}}
{"_local_timestamp": "2026-01-25T23:44:33.228941+00:00", "data": {"market": "0x626b59f38e4c3551135ce1543abcd9e9b4e4e26e61e0cebe2f564bb14f2dd6af", "price_changes": [{"asset_id": "46742902247805732600151418163897640403078314266100305709772835357271996763300", "price": "0.03", "size": "6699.11", "side": "BUY", "hash": "af5b9743cc10c1eadd1b0ededeefad7d3631bcc1", "best_bid": "0.26", "best_ask": "0.32"}, {"asset_id": "5535075471823340767859198350152413933991966623914208053460771681266427855914", "price": "0.97", "size": "6699.11", "side": "SELL", "hash": "340f68e1605df7c5302e75f26b081a14b1c8400e", "best_bid": "0.68", "best_ask": "0.74"}], "timestamp": "1769384673148", "event_type": "price_change"}}
{"_local_timestamp": "2026-01-25T23:44:33.229811+00:00", "data": {"market": "0x57125a6fc3e50d4a0a3ae97edfa6a5a423ceeaa75165c14f9ec57bbeead67824", "price_changes": [{"asset_id": "9963746526435131885764987765347244111045384273519416273340448914124693044757", "price": "0.06", "size": "6499.11", "side": "BUY", "hash": "1708778ec2df5938b3f28ed9e5a2f4dac6cb460b", "best_bid": "0.58", "best_ask": "0.6"}, {"asset_id": "97466397839217672087836211133100301269701565683546363204030550472188238047689", "price": "0.94", "size": "6499.11", "side": "SELL", "hash": "7bf07a61928757c969540be2b1d8f8e1ae42c1df", "best_bid": "0.4", "best_ask": "0.42"}], "timestamp": "1769384673149", "event_type": "price_change"}}
{"_local_timestamp": "2026-01-25T23:44:33.232497+00:00", "data": {"market": "0x626b59f38e4c3551135ce1543abcd9e9b4e4e26e61e0cebe2f564bb14f2dd6af", "price_changes": [{"asset_id": "5535075471823340767859198350152413933991966623914208053460771681266427855914", "price": "0.06", "size": "6499.11", "side": "BUY", "hash": "f4bfaafd974819d0b0a7228c32d68b2ce79c82e6", "best_bid": "0.68", "best_ask": "0.74"}, {"asset_id": "46742902247805732600151418163897640403078314266100305709772835357271996763300", "price": "0.94", "size": "6499.11", "side": "SELL", "hash": "7465b41d8f7108fe20ecbd4c03b040db53f72e2d", "best_bid": "0.26", "best_ask": "0.32"}], "timestamp": "1769384673150", "event_type": "price_change"}}
{"_local_timestamp": "2026-01-25T23:44:52.218377+00:00", "data": {"market": "0x57125a6fc3e50d4a0a3ae97edfa6a5a423ceeaa75165c14f9ec57bbeead67824", "price_changes": [{"asset_id": "97466397839217672087836211133100301269701565683546363204030550472188238047689", "price": "0.06", "size": "0", "side": "BUY", "hash": "742236426669efbd7403baab0dfc513c1ccf7f09", "best_bid": "0.4", "best_ask": "0.42"}, {"asset_id": "9963746526435131885764987765347244111045384273519416273340448914124693044757", "price": "0.94", "size": "0", "side": "SELL", "hash": "7411fb14b94ca350e3f1ad767dd6f3a085a2e056", "best_bid": "0.58", "best_ask": "0.6"}], "timestamp": "1769384692154", "event_type": "price_change"}}
{"_local_timestamp": "2026-01-25T23:44:52.219862+00:00", "data": {"market": "0x57125a6fc3e50d4a0a3ae97edfa6a5a423ceeaa75165c14f9ec57bbeead67824", "price_changes": [{"asset_id": "97466397839217672087836211133100301269701565683546363204030550472188238047689", "price": "0.05", "size": "0", "side": "BUY", "hash": "742236426669efbd7403baab0dfc513c1ccf7f09", "best_bid": "0.4", "best_ask": "0.42"}, {"asset_id": "9963746526435131885764987765347244111045384273519416273340448914124693044757", "price": "0.95", "size": "0", "side": "SELL", "hash": "7411fb14b94ca350e3f1ad767dd6f3a085a2e056", "best_bid": "0.58", "best_ask": "0.6"}], "timestamp": "1769384692154", "event_type": "price_change"}}
{"_local_timestamp": "2026-01-25T23:44:52.220477+00:00", "data": {"market": "0x57125a6fc3e50d4a0a3ae97edfa6a5a423ceeaa75165c14f9ec57bbeead67824", "price_changes": [{"asset_id": "9963746526435131885764987765347244111045384273519416273340448914124693044757", "price": "0.02", "size": "700", "side": "BUY", "hash": "5cb638c456103f07544a2aa57a4102278142ded1", "best_bid": "0.58", "best_ask": "0.6"}, {"asset_id": "97466397839217672087836211133100301269701565683546363204030550472188238047689", "price": "0.98", "size": "700", "side": "SELL", "hash": "ad330aed1cd653f526cdf66ed49d37495dff4100", "best_bid": "0.4", "best_ask": "0.42"}], "timestamp": "1769384692154", "event_type": "price_change"}}
{"_local_timestamp": "2026-01-25T23:44:52.221071+00:00", "data": {"market": "0x57125a6fc3e50d4a0a3ae97edfa6a5a423ceeaa75165c14f9ec57bbeead67824", "price_changes": [{"asset_id": "9963746526435131885764987765347244111045384273519416273340448914124693044757", "price": "0.05", "size": "20", "side": "BUY", "hash": "5cb638c456103f07544a2aa57a4102278142ded1", "best_bid": "0.58", "best_ask": "0.6"}, {"asset_id": "97466397839217672087836211133100301269701565683546363204030550472188238047689", "price": "0.95", "size": "20", "side": "SELL", "hash": "ad330aed1cd653f526cdf66ed49d37495dff4100", "best_bid": "0.4", "best_ask": "0.42"}], "timestamp": "1769384692154", "event_type": "price_change"}}
{"_local_timestamp": "2026-01-25T23:44:52.221668+00:00", "data": {"market": "0x57125a6fc3e50d4a0a3ae97edfa6a5a423ceeaa75165c14f9ec57bbeead67824", "price_changes": [{"asset_id": "9963746526435131885764987765347244111045384273519416273340448914124693044757", "price": "0.03", "size": "12.49", "side": "BUY", "hash": "5cb638c456103f07544a2aa57a4102278142ded1", "best_bid": "0.58", "best_ask": "0.6"}, {"asset_id": "97466397839217672087836211133100301269701565683546363204030550472188238047689", "price": "0.97", "size": "12.49", "side": "SELL", "hash": "ad330aed1cd653f526cdf66ed49d37495dff4100", "best_bid": "0.4", "best_ask": "0.42"}], "timestamp": "1769384692154", "event_type": "price_change"}}
{"_local_timestamp": "2026-01-25T23:44:52.395164+00:00", "data": {"market": "0x57125a6fc3e50d4a0a3ae97edfa6a5a423ceeaa75165c14f9ec57bbeead67824", "price_changes": [{"asset_id": "9963746526435131885764987765347244111045384273519416273340448914124693044757", "price": "0.06", "size": "12498.22", "side": "BUY", "hash": "1e93c10d11b38aa45619364df0d5e5bf01a17bf0", "best_bid": "0.58", "best_ask": "0.6"}, {"asset_id": "97466397839217672087836211133100301269701565683546363204030550472188238047689", "price": "0.94", "size": "12498.22", "side": "SELL", "hash": "bbd3f85c6851c8fa52fa22d3ab91f73228a1b69a", "best_bid": "0.4", "best_ask": "0.42"}], "timestamp": "1769384692324", "event_type": "price_change"}}
{"_local_timestamp": "2026-01-25T23:44:52.395887+00:00", "data": {"market": "0x57125a6fc3e50d4a0a3ae97edfa6a5a423ceeaa75165c14f9ec57bbeead67824", "price_changes": [{"asset_id": "9963746526435131885764987765347244111045384273519416273340448914124693044757", "price": "0.06", "size": "37497.33", "side": "BUY", "hash": "78e798f1d5dc99030ebcfd08317d574a078ec315", "best_bid": "0.58", "best_ask": "0.6"}, {"asset_id": "97466397839217672087836211133100301269701565683546363204030550472188238047689", "price": "0.94", "size": "37497.33", "side": "SELL", "hash": "f6bf38048c9da974dc59ed27677f992dae47a5c7", "best_bid": "0.4", "best_ask": "0.42"}], "timestamp": "1769384692325", "event_type": "price_change"}}
{"_local_timestamp": "2026-01-25T23:44:52.396452+00:00", "data": {"market": "0x57125a6fc3e50d4a0a3ae97edfa6a5a423ceeaa75165c14f9ec57bbeead67824", "price_changes": [{"asset_id": "9963746526435131885764987765347244111045384273519416273340448914124693044757", "price": "0.06", "size": "50496.44", "side": "BUY", "hash": "6d5dd8af6299a06b8dfd4693cd8654c32c93095c", "best_bid": "0.58", "best_ask": "0.6"}, {"asset_id": "97466397839217672087836211133100301269701565683546363204030550472188238047689", "price": "0.94", "size": "50496.44", "side": "SELL", "hash": "cdf8740cebcb0ac6ab2406c7e04de64b2a8facf7", "best_bid": "0.4", "best_ask": "0.42"}], "timestamp": "1769384692326", "event_type": "price_change"}}
{"_local_timestamp": "2026-01-25T23:44:52.397002+00:00", "data": {"market": "0x57125a6fc3e50d4a0a3ae97edfa6a5a423ceeaa75165c14f9ec57bbeead67824", "price_changes": [{"asset_id": "97466397839217672087836211133100301269701565683546363204030550472188238047689", "price": "0.01", "size": "91175.55", "side": "BUY", "hash": "9ad9f71930f9e6437f2476b5513f61a2725f5da7", "best_bid": "0.4", "best_ask": "0.42"}, {"asset_id": "9963746526435131885764987765347244111045384273519416273340448914124693044757", "price": "0.99", "size": "91175.55", "side": "SELL", "hash": "33d56cc59137e76bbd47957eb35aa7329225b54a", "best_bid": "0.58", "best_ask": "0.6"}], "timestamp": "1769384692326", "event_type": "price_change"}}
{"_local_timestamp": "2026-01-25T23:44:52.398232+00:00", "data": {"market": "0x57125a6fc3e50d4a0a3ae97edfa6a5a423ceeaa75165c14f9ec57bbeead67824", "price_changes": [{"asset_id": "9963746526435131885764987765347244111045384273519416273340448914124693044757", "price": "0.03", "size": "41011.6", "side": "BUY", "hash": "f0650d7892ab2b3398010a98880f0daff0e0c5fc", "best_bid": "0.58", "best_ask": "0.6"}, {"asset_id": "97466397839217672087836211133100301269701565683546363204030550472188238047689", "price": "0.97", "size": "41011.6", "side": "SELL", "hash": "4ba17e148639c427ec99a39856ab0d98a5e423e2", "best_bid": "0.4", "best_ask": "0.42"}], "timestamp": "1769384692327", "event_type": "price_change"}}
{"_local_timestamp": "2026-01-25T23:44:52.399522+00:00", "data": {"market": "0x57125a6fc3e50d4a0a3ae97edfa6a5a423ceeaa75165c14f9ec57bbeead67824", "price_changes": [{"asset_id": "9963746526435131885764987765347244111045384273519416273340448914124693044757", "price": "0.07", "size": "5999.11", "side": "BUY", "hash": "7513531a6ab403ac743020bbe4e80793231ce12d", "best_bid": "0.58", "best_ask": "0.6"}, {"asset_id": "97466397839217672087836211133100301269701565683546363204030550472188238047689", "price": "0.93", "size": "5999.11", "side": "SELL", "hash": "5c1f9c94111d2e45701be7fd734d72a8d6248422", "best_bid": "0.4", "best_ask": "0.42"}], "timestamp": "1769384692328", "event_type": "price_change"}}
{"_local_timestamp": "2026-01-25T23:44:52.642672+00:00", "data": {"market": "0x626b59f38e4c3551135ce1543abcd9e9b4e4e26e61e0cebe2f564bb14f2dd6af", "price_changes": [{"asset_id": "46742902247805732600151418163897640403078314266100305709772835357271996763300", "price": "0.02", "size": "0", "side": "BUY", "hash": "c6c09f9bdee2c91069284ba1e643a2fa03287b1f", "best_bid": "0.26", "best_ask": "0.32"}, {"asset_id": "5535075471823340767859198350152413933991966623914208053460771681266427855914", "price": "0.98", "size": "0", "side": "SELL", "hash": "8ca27000d7742cb7fd399761f1190e996ceafc59", "best_bid": "0.68", "best_ask": "0.74"}], "timestamp": "1769384692555", "event_type": "price_change"}}
{"_local_timestamp": "2026-01-25T23:44:52.643586+00:00", "data": {"market": "0x626b59f38e4c3551135ce1543abcd9e9b4e4e26e61e0cebe2f564bb14f2dd6af", "price_changes": [{"asset_id": "46742902247805732600151418163897640403078314266100305709772835357271996763300", "price": "0.01", "size": "85176.44", "side": "BUY", "hash": "c6c09f9bdee2c91069284ba1e643a2fa03287b1f", "best_bid": "0.26", "best_ask": "0.32"}, {"asset_id": "5535075471823340767859198350152413933991966623914208053460771681266427855914", "price": "0.99", "size": "85176.44", "side": "SELL", "hash": "8ca27000d7742cb7fd399761f1190e996ceafc59", "best_bid": "0.68", "best_ask": "0.74"}], "timestamp": "1769384692555", "event_type": "price_change"}}
{"_local_timestamp": "2026-01-25T23:44:52.644171+00:00", "data": {"market": "0x626b59f38e4c3551135ce1543abcd9e9b4e4e26e61e0cebe2f564bb14f2dd6af", "price_changes": [{"asset_id": "5535075471823340767859198350152413933991966623914208053460771681266427855914", "price": "0.02", "size": "700", "side": "BUY", "hash": "b0ff7d4333bc645c7aeea41203f9c186c08217b1", "best_bid": "0.68", "best_ask": "0.74"}, {"asset_id": "46742902247805732600151418163897640403078314266100305709772835357271996763300", "price": "0.98", "size": "700", "side": "SELL", "hash": "230c84c8025791ac7b50ca6b813b20020f9fd272", "best_bid": "0.26", "best_ask": "0.32"}], "timestamp": "1769384692556", "event_type": "price_change"}}
{"_local_timestamp": "2026-01-25T23:44:52.644757+00:00", "data": {"market": "0x626b59f38e4c3551135ce1543abcd9e9b4e4e26e61e0cebe2f564bb14f2dd6af", "price_changes": [{"asset_id": "5535075471823340767859198350152413933991966623914208053460771681266427855914", "price": "0.05", "size": "20", "side": "BUY", "hash": "b0ff7d4333bc645c7aeea41203f9c186c08217b1", "best_bid": "0.68", "best_ask": "0.74"}, {"asset_id": "46742902247805732600151418163897640403078314266100305709772835357271996763300", "price": "0.95", "size": "20", "side": "SELL", "hash": "230c84c8025791ac7b50ca6b813b20020f9fd272", "best_bid": "0.26", "best_ask": "0.32"}], "timestamp": "1769384692556", "event_type": "price_change"}}
{"_local_timestamp": "2026-01-25T23:44:52.645312+00:00", "data": {"market": "0x626b59f38e4c3551135ce1543abcd9e9b4e4e26e61e0cebe2f564bb14f2dd6af", "price_changes": [{"asset_id": "5535075471823340767859198350152413933991966623914208053460771681266427855914", "price": "0.03", "size": "13.15", "side": "BUY", "hash": "b0ff7d4333bc645c7aeea41203f9c186c08217b1", "best_bid": "0.68", "best_ask": "0.74"}, {"asset_id": "46742902247805732600151418163897640403078314266100305709772835357271996763300", "price": "0.97", "size": "13.15", "side": "SELL", "hash": "230c84c8025791ac7b50ca6b813b20020f9fd272", "best_bid": "0.26", "best_ask": "0.32"}], "timestamp": "1769384692556", "event_type": "price_change"}}
{"_local_timestamp": "2026-01-25T23:44:52.646408+00:00", "data": {"market": "0x626b59f38e4c3551135ce1543abcd9e9b4e4e26e61e0cebe2f564bb14f2dd6af", "price_changes": [{"asset_id": "46742902247805732600151418163897640403078314266100305709772835357271996763300", "price": "0.04", "size": "5999.11", "side": "BUY", "hash": "c9654dfe2b48eabfb44882f61f04e99dc28c5710", "best_bid": "0.26", "best_ask": "0.32"}, {"asset_id": "5535075471823340767859198350152413933991966623914208053460771681266427855914", "price": "0.96", "size": "5999.11", "side": "SELL", "hash": "ee522c64a52c9b2508c39dd55be741b3762614a5", "best_bid": "0.68", "best_ask": "0.74"}], "timestamp": "1769384692560", "event_type": "price_change"}}
{"_local_timestamp": "2026-01-25T23:44:52.648032+00:00", "data": {"market": "0x626b59f38e4c3551135ce1543abcd9e9b4e4e26e61e0cebe2f564bb14f2dd6af", "price_changes": [{"asset_id": "5535075471823340767859198350152413933991966623914208053460771681266427855914", "price": "0.07", "size": "5999.11", "side": "BUY", "hash": "2313e270bb1a0c067ca90c68a59012ab64d977c1", "best_bid": "0.68", "best_ask": "0.74"}, {"asset_id": "46742902247805732600151418163897640403078314266100305709772835357271996763300", "price": "0.93", "size": "5999.11", "side": "SELL", "hash": "2bbb4b80c755c69f09a0df55424472bb92779ac2", "best_bid": "0.26", "best_ask": "0.32"}], "timestamp": "1769384692561", "event_type": "price_change"}}
{"_local_timestamp": "2026-01-25T23:44:52.764786+00:00", "data": {"market": "0x626b59f38e4c3551135ce1543abcd9e9b4e4e26e61e0cebe2f564bb14f2dd6af", "price_changes": [{"asset_id": "5535075471823340767859198350152413933991966623914208053460771681266427855914", "price": "0.08", "size": "25299.11", "side": "BUY", "hash": "7ede5f5f0cc61d7b87564b1a43d4171a2520e96d", "best_bid": "0.68", "best_ask": "0.74"}, {"asset_id": "46742902247805732600151418163897640403078314266100305709772835357271996763300", "price": "0.92", "size": "25299.11", "side": "SELL", "hash": "3bd2500d7e6df9be378bd9a06243c3a526aed1f6", "best_bid": "0.26", "best_ask": "0.32"}], "timestamp": "1769384692698", "event_type": "price_change"}}
{"_local_timestamp": "2026-01-25T23:44:52.767589+00:00", "data": {"market": "0x626b59f38e4c3551135ce1543abcd9e9b4e4e26e61e0cebe2f564bb14f2dd6af", "price_changes": [{"asset_id": "5535075471823340767859198350152413933991966623914208053460771681266427855914", "price": "0.08", "size": "38298.22", "side": "BUY", "hash": "7f5edaa3123d643d808551ba2f65da1528a084ec", "best_bid": "0.68", "best_ask": "0.74"}, {"asset_id": "46742902247805732600151418163897640403078314266100305709772835357271996763300", "price": "0.92", "size": "38298.22", "side": "SELL", "hash": "3822572d03aedb867375a7fc38516f6b8589f959", "best_bid": "0.26", "best_ask": "0.32"}], "timestamp": "1769384692699", "event_type": "price_change"}}
{"_local_timestamp": "2026-01-25T23:44:52.768201+00:00", "data": {"market": "0x626b59f38e4c3551135ce1543abcd9e9b4e4e26e61e0cebe2f564bb14f2dd6af", "price_changes": [{"asset_id": "46742902247805732600151418163897640403078314266100305709772835357271996763300", "price": "0.05", "size": "24999.11", "side": "BUY", "hash": "e1a6b5f2f173b6548e9a2a69c5617c264959d357", "best_bid": "0.26", "best_ask": "0.32"}, {"asset_id": "5535075471823340767859198350152413933991966623914208053460771681266427855914", "price": "0.95", "size": "24999.11", "side": "SELL", "hash": "a35f4ff53d46f6d471b7e8a72d24c56c0f972cd2", "best_bid": "0.68", "best_ask": "0.74"}], "timestamp": "1769384692700", "event_type": "price_change"}}
{"_local_timestamp": "2026-01-25T23:44:52.768777+00:00", "data": {"market": "0x626b59f38e4c3551135ce1543abcd9e9b4e4e26e61e0cebe2f564bb14f2dd6af", "price_changes": [{"asset_id": "5535075471823340767859198350152413933991966623914208053460771681266427855914", "price": "0.08", "size": "44297.33", "side": "BUY", "hash": "9a40b335b0b2f80bab87bfad62bdb53753418946", "best_bid": "0.68", "best_ask": "0.74"}, {"asset_id": "46742902247805732600151418163897640403078314266100305709772835357271996763300", "price": "0.92", "size": "44297.33", "side": "SELL", "hash": "289ef1039a9fe90017eebae8bedeb890bcd52e7e", "best_bid": "0.26", "best_ask": "0.32"}], "timestamp": "1769384692700", "event_type": "price_change"}}
{"_local_timestamp": "2026-01-25T23:44:52.769370+00:00", "data": {"market": "0x626b59f38e4c3551135ce1543abcd9e9b4e4e26e61e0cebe2f564bb14f2dd6af", "price_changes": [{"asset_id": "46742902247805732600151418163897640403078314266100305709772835357271996763300", "price": "0.05", "size": "30998.22", "side": "BUY", "hash": "06f793e853dbb28d447017476151bfecf7e9b229", "best_bid": "0.26", "best_ask": "0.32"}, {"asset_id": "5535075471823340767859198350152413933991966623914208053460771681266427855914", "price": "0.95", "size": "30998.22", "side": "SELL", "hash": "864a128999fdb6c62908e398fa1cd34e93e9f692", "best_bid": "0.68", "best_ask": "0.74"}], "timestamp": "1769384692701", "event_type": "price_change"}}
{"_local_timestamp": "2026-01-25T23:44:52.780332+00:00", "data": {"market": "0x626b59f38e4c3551135ce1543abcd9e9b4e4e26e61e0cebe2f564bb14f2dd6af", "price_changes": [{"asset_id": "46742902247805732600151418163897640403078314266100305709772835357271996763300", "price": "0.05", "size": "43997.33", "side": "BUY", "hash": "549347089e2fb4b4bf3ac6f2fe0b3f2d504dbc40", "best_bid": "0.26", "best_ask": "0.32"}, {"asset_id": "5535075471823340767859198350152413933991966623914208053460771681266427855914", "price": "0.95", "size": "43997.33", "side": "SELL", "hash": "1a8edd2a01b119d71b8dedea0cf9e840f74e0f05", "best_bid": "0.68", "best_ask": "0.74"}], "timestamp": "1769384692702", "event_type": "price_change"}}
{"_local_timestamp": "2026-01-25T23:45:03.488059+00:00", "data": {"market": "0x57125a6fc3e50d4a0a3ae97edfa6a5a423ceeaa75165c14f9ec57bbeead67824", "price_changes": [{"asset_id": "9963746526435131885764987765347244111045384273519416273340448914124693044757", "price": "0.01", "size": "85276.44", "side": "BUY", "hash": "1942748595bbdae0aafd843fa58dd7d010f75951", "best_bid": "0.58", "best_ask": "0.6"}, {"asset_id": "97466397839217672087836211133100301269701565683546363204030550472188238047689", "price": "0.99", "size": "85276.44", "side": "SELL", "hash": "644d3554ff16b8d7f01825c3a94888e8844a2f93", "best_bid": "0.4", "best_ask": "0.42"}], "timestamp": "1769384703424", "event_type": "price_change"}}
{"_local_timestamp": "2026-01-25T23:45:03.488966+00:00", "data": {"market": "0x57125a6fc3e50d4a0a3ae97edfa6a5a423ceeaa75165c14f9ec57bbeead67824", "price_changes": [{"asset_id": "9963746526435131885764987765347244111045384273519416273340448914124693044757", "price": "0.03", "size": "40999.11", "side": "BUY", "hash": "1942748595bbdae0aafd843fa58dd7d010f75951", "best_bid": "0.58", "best_ask": "0.6"}, {"asset_id": "97466397839217672087836211133100301269701565683546363204030550472188238047689", "price": "0.97", "size": "40999.11", "side": "SELL", "hash": "644d3554ff16b8d7f01825c3a94888e8844a2f93", "best_bid": "0.4", "best_ask": "0.42"}], "timestamp": "1769384703424", "event_type": "price_change"}}
{"_local_timestamp": "2026-01-25T23:45:03.559371+00:00", "data": {"market": "0x57125a6fc3e50d4a0a3ae97edfa6a5a423ceeaa75165c14f9ec57bbeead67824", "price_changes": [{"asset_id": "9963746526435131885764987765347244111045384273519416273340448914124693044757", "price": "0.06", "size": "6499.11", "side": "BUY", "hash": "0002d85ee26ac735e5ba0771458b6063f3306282", "best_bid": "0.58", "best_ask": "0.6"}, {"asset_id": "97466397839217672087836211133100301269701565683546363204030550472188238047689", "price": "0.94", "size": "6499.11", "side": "SELL", "hash": "2450b71286a47b7479ee0f9bb58a8f4145cea339", "best_bid": "0.4", "best_ask": "0.42"}], "timestamp": "1769384703488", "event_type": "price_change"}}
{"_local_timestamp": "2026-01-25T23:45:03.560069+00:00", "data": {"market": "0x57125a6fc3e50d4a0a3ae97edfa6a5a423ceeaa75165c14f9ec57bbeead67824", "price_changes": [{"asset_id": "9963746526435131885764987765347244111045384273519416273340448914124693044757", "price": "0.03", "size": "0", "side": "BUY", "hash": "0002d85ee26ac735e5ba0771458b6063f3306282", "best_bid": "0.58", "best_ask": "0.6"}, {"asset_id": "97466397839217672087836211133100301269701565683546363204030550472188238047689", "price": "0.97", "size": "0", "side": "SELL", "hash": "2450b71286a47b7479ee0f9bb58a8f4145cea339", "best_bid": "0.4", "best_ask": "0.42"}], "timestamp": "1769384703488", "event_type": "price_change"}}
{"_local_timestamp": "2026-01-25T23:45:05.816122+00:00", "data": {"market": "0x57125a6fc3e50d4a0a3ae97edfa6a5a423ceeaa75165c14f9ec57bbeead67824", "price_changes": [{"asset_id": "9963746526435131885764987765347244111045384273519416273340448914124693044757", "price": "0.04", "size": "7.91", "side": "BUY", "hash": "59bb1a3adb70166bbf05af4d67c5354245c56cc3", "best_bid": "0.58", "best_ask": "0.6"}, {"asset_id": "97466397839217672087836211133100301269701565683546363204030550472188238047689", "price": "0.96", "size": "7.91", "side": "SELL", "hash": "32ee9b48501e846ab69d3f93e919fb8c2c33b65b", "best_bid": "0.4", "best_ask": "0.42"}], "timestamp": "1769384705742", "event_type": "price_change"}}
{"_local_timestamp": "2026-01-25T23:45:05.831917+00:00", "data": {"market": "0x57125a6fc3e50d4a0a3ae97edfa6a5a423ceeaa75165c14f9ec57bbeead67824", "price_changes": [{"asset_id": "9963746526435131885764987765347244111045384273519416273340448914124693044757", "price": "0.01", "size": "85284", "side": "BUY", "hash": "6b89d7d2eb819bf3a6de601f96f6de6728d92c9b", "best_bid": "0.58", "best_ask": "0.6"}, {"asset_id": "97466397839217672087836211133100301269701565683546363204030550472188238047689", "price": "0.99", "size": "85284", "side": "SELL", "hash": "33fd52da8926b61246cd72b59a4e0b791050e604", "best_bid": "0.4", "best_ask": "0.42"}], "timestamp": "1769384705761", "event_type": "price_change"}}
{"_local_timestamp": "2026-01-25T23:45:05.838396+00:00", "data": {"market": "0x57125a6fc3e50d4a0a3ae97edfa6a5a423ceeaa75165c14f9ec57bbeead67824", "price_changes": [{"asset_id": "9963746526435131885764987765347244111045384273519416273340448914124693044757", "price": "0.02", "size": "707.17", "side": "BUY", "hash": "60807ec03e408e1914ee861f5977d9e047908c00", "best_bid": "0.58", "best_ask": "0.6"}, {"asset_id": "97466397839217672087836211133100301269701565683546363204030550472188238047689", "price": "0.98", "size": "707.17", "side": "SELL", "hash": "265b7ef225fbc0a738e06214999a739341ccfd96", "best_bid": "0.4", "best_ask": "0.42"}], "timestamp": "1769384705773", "event_type": "price_change"}}
{"_local_timestamp": "2026-01-25T23:45:27.831865+00:00", "data": {"market": "0xfbf05779cbbf5d281d6a9e51d13fba36da85aec374ced8da502ad8cacc19b5e4", "price_changes": [{"asset_id": "93697337788704602779579616120202897250549183254628229162583563651539629035220", "price": "0.27", "size": "3.63", "side": "BUY", "hash": "61dbdbb599997cfbeaa42a81c082fc44cbf477ba", "best_bid": "0.28", "best_ask": "0.36"}, {"asset_id": "100228698460291132583020143221009971811579077019329886472409358914591728834419", "price": "0.73", "size": "3.63", "side": "SELL", "hash": "40db8ba3495fbab0a5bd2f77a276f6ff210a3524", "best_bid": "0.64", "best_ask": "0.72"}], "timestamp": "1769384727767", "event_type": "price_change"}}
{"_local_timestamp": "2026-01-25T23:45:27.832682+00:00", "data": {"market": "0x626b59f38e4c3551135ce1543abcd9e9b4e4e26e61e0cebe2f564bb14f2dd6af", "price_changes": [{"asset_id": "5535075471823340767859198350152413933991966623914208053460771681266427855914", "price": "0.68", "size": "0", "side": "BUY", "hash": "f5845370a299b65be9546d2ddf01a28939409e50", "best_bid": "0.19", "best_ask": "0.74"}, {"asset_id": "46742902247805732600151418163897640403078314266100305709772835357271996763300", "price": "0.32", "size": "0", "side": "SELL", "hash": "a35e2a0cbde2237b39d5c735a5640ec64b7149ca", "best_bid": "0.26", "best_ask": "0.81"}], "timestamp": "1769384727767", "event_type": "price_change"}}
{"_local_timestamp": "2026-01-25T23:45:27.835458+00:00", "data": {"market": "0x626b59f38e4c3551135ce1543abcd9e9b4e4e26e61e0cebe2f564bb14f2dd6af", "price_changes": [{"asset_id": "46742902247805732600151418163897640403078314266100305709772835357271996763300", "price": "0.22", "size": "0", "side": "BUY", "hash": "8c494d8a360fea03f71f63f95a6faf6d5f915060", "best_bid": "0.26", "best_ask": "0.81"}, {"asset_id": "5535075471823340767859198350152413933991966623914208053460771681266427855914", "price": "0.78", "size": "0", "side": "SELL", "hash": "1df3753db9e2e2215cbe13e22700070fb752b6d1", "best_bid": "0.19", "best_ask": "0.74"}], "timestamp": "1769384727767", "event_type": "price_change"}}
{"_local_timestamp": "2026-01-25T23:45:27.985815+00:00", "data": {"market": "0x626b59f38e4c3551135ce1543abcd9e9b4e4e26e61e0cebe2f564bb14f2dd6af", "price_changes": [{"asset_id": "5535075471823340767859198350152413933991966623914208053460771681266427855914", "price": "0.08", "size": "300", "side": "BUY", "hash": "6793bb7292ccc54d8b6b0f3bf5571abc81efd65f", "best_bid": "0.19", "best_ask": "0.74"}, {"asset_id": "46742902247805732600151418163897640403078314266100305709772835357271996763300", "price": "0.92", "size": "300", "side": "SELL", "hash": "5dc783263446686c3103c8314abaeaa1194af7d3", "best_bid": "0.26", "best_ask": "0.81"}], "timestamp": "1769384727871", "event_type": "price_change"}}
{"_local_timestamp": "2026-01-25T23:45:27.986454+00:00", "data": {"market": "0x626b59f38e4c3551135ce1543abcd9e9b4e4e26e61e0cebe2f564bb14f2dd6af", "price_changes": [{"asset_id": "46742902247805732600151418163897640403078314266100305709772835357271996763300", "price": "0.05", "size": "0", "side": "BUY", "hash": "c2330ef32f188a29c56e506d7a26b307c55609fa", "best_bid": "0.26", "best_ask": "0.81"}, {"asset_id": "5535075471823340767859198350152413933991966623914208053460771681266427855914", "price": "0.95", "size": "0", "side": "SELL", "hash": "a4c199e2617e2951c065545484ff2c24ecec52b8", "best_bid": "0.19", "best_ask": "0.74"}], "timestamp": "1769384727872", "event_type": "price_change"}}
{"_local_timestamp": "2026-01-25T23:45:28.036796+00:00", "data": {"market": "0x626b59f38e4c3551135ce1543abcd9e9b4e4e26e61e0cebe2f564bb14f2dd6af", "price_changes": [{"asset_id": "46742902247805732600151418163897640403078314266100305709772835357271996763300", "price": "0.06", "size": "12999.11", "side": "BUY", "hash": "cfa1ebde85c4b4b027250d9a643cba89df961164", "best_bid": "0.26", "best_ask": "0.81"}, {"asset_id": "5535075471823340767859198350152413933991966623914208053460771681266427855914", "price": "0.94", "size": "12999.11", "side": "SELL", "hash": "fa66c8121de4221cd55d97f096996255a65f7127", "best_bid": "0.19", "best_ask": "0.74"}], "timestamp": "1769384727944", "event_type": "price_change"}}
{"_local_timestamp": "2026-01-25T23:45:28.037513+00:00", "data": {"market": "0x626b59f38e4c3551135ce1543abcd9e9b4e4e26e61e0cebe2f564bb14f2dd6af", "price_changes": [{"asset_id": "46742902247805732600151418163897640403078314266100305709772835357271996763300", "price": "0.06", "size": "18998.22", "side": "BUY", "hash": "fc73bbf58c5622cb0f5fc91b89a9ba903c247f38", "best_bid": "0.26", "best_ask": "0.81"}, {"asset_id": "5535075471823340767859198350152413933991966623914208053460771681266427855914", "price": "0.94", "size": "18998.22", "side": "SELL", "hash": "b9ba3220fc9a8db452002c96b959197bcb26514c", "best_bid": "0.19", "best_ask": "0.74"}], "timestamp": "1769384727945", "event_type": "price_change"}}
