{"_local_timestamp": "2026-01-25T23:41:19.926923+00:00", "data": [{"market": "0x7d04150f4d1ffa42159ff25009b2c0c2d23d62bdd546b2ec79a1c21cff7eba65", "asset_id": "26368898769994490367675470836895360990881613423929446636457324730026338994972", "timestamp": "1769384214418", "hash": "f428f4b04821fbe22d6ba360bc5af4046b53bac4", "bids": [{"price": "0.01", "size": "614.69"}, {"price": "0.02", "size": "813.64"}, {"price": "0.03", "size": "266"}, {"price": "0.04", "size": "139.17"}, {"price": "0.05", "size": "49.03"}, {"price": "0.06", "size": "14.61"}], "asks": [{"price": "0.99", "size": "217.92"}, {"price": "0.98", "size": "159.71"}, {"price": "0.97", "size": "679.63"}, {"price": "0.96", "size": "512"}, {"price": "0.95", "size": "276.13"}, {"price": "0.94", "size": "33"}, {"price": "0.93", "size": "6.01"}, {"price": "0.91", "size": "85"}, {"price": "0.9", "size": "39"}, {"price": "0.86", "size": "10"}], "event_type": "book", "last_trade_price": ""}, {"market": "0x8861ead04fce5a3c98680277662c80c0ae49c39337c4980c16a783f305c15823", "asset_id": "55925282990274051250623531651715196889080814213798432867569973573158413386509", "timestamp": "1769384245353", "hash": "82c265a8acd21ffd9dcb55044f94338496760ba9", "bids": [{"price": "0.01", "size": "614.69"}, {"price": "0.02", "size": "813.64"}, {"price": "0.03", "size": "266"}, {"price": "0.04", "size": "139.17"}, {"price": "0.05", "size": "48"}, {"price": "0.06", "size": "11.56"}], "asks": [{"price": "0.99", "size": "418.55"}, {"price": "0.98", "size": "435.42"}, {"price": "0.97", "size": "345.57"}, {"price": "0.96", "size": "337"}, {"price": "0.95", "size": "153.78"}, {"price": "0.94", "size": "33"}, {"price": "0.93", "size": "11.28"}, {"price": "0.92", "size": "164"}, {"price": "0.9", "size": "39"}, {"price": "0.87", "size": "10"}], "event_type": "book", "last_trade_price": ""}, {"market": "0x4664aef82bade7e1653d70b2eb372e771510a0fa38eeb174519b4c9d80857687", "asset_id": "110713209820045007427508055312052377739282420313747370998245537891512773974958", "timestamp": "1769384291661", "hash": "2cb4299157914204fe8c071390046ed6099a3286", "bids": [{"price": "0.01", "size": "614.69"}, {"price": "0.02", "size": "1013.64"}, {"price": "0.03", "size": "66"}, {"price": "0.04", "size": "164.17"}, {"price": "0.06", "size": "55.07"}], "asks": [{"price": "0.99", "size": "217.96"}, {"price": "0.98", "size": "159.71"}, {"price": "0.97", "size": "660.79"}, {"price": "0.96", "size": "512"}, {"price": "0.95", "size": "275.72"}, {"price": "0.94", "size": "33"}, {"price": "0.93", "size": "85"}, {"price": "0.92", "size": "12.57"}, {"price": "0.91", "size": "79"}, {"price": "0.86", "size": "10"}], "event_type": "book", "last_trade_price": ""}, {"market": "0x4664aef82bade7e1653d70b2eb372e771510a0fa38eeb174519b4c9d80857687", "asset_id": "75264481411070952789844124536895021396904913953648440882710299554276164458173", "timestamp": "1769384291661", "hash": "5afa2dd6972a761a108cbce328fdb6fddb5ff155", "bids": [{"price": "0.01", "size": "217.96"}, {"price": "0.02", "size": "159.71"}, {"price": "0.03", "size": "660.79"}, {"price": "0.04", "size": "512"}, {"price": "0.05", "size": "275.72"}, {"price": "0.06", "size": "33"}, {"price": "0.07", "size": "85"}, {"price": "0.08", "size": "12.57"}, {"price": "0.09", "size": "79"}, {"price": "0.14", "size": "10"}], "asks": [{"price": "0.99", "size": "614.69"}, {"price": "0.98", "size": "1013.64"}, {"price": "0.97", "size": "66"}, {"price": "0.96", "size": "164.17"}, {"price": "0.94", "size": "55.07"}], "event_type": "book", "last_trade_price": ""}, {"market": "0x8861ead04fce5a3c98680277662c80c0ae49c39337c4980c16a783f305c15823", "asset_id": "83015288305887212507231140339562822721913768163587229382878798284460064794541", "timestamp": "1769384245353", "hash": "9123780ae676d6c28592c9a01b3958c669aa22ea", "bids": [{"price": "0.01", "size": "418.55"}, {"price": "0.02", "size": "435.42"}, {"price": "0.03", "size": "345.57"}, {"price": "0.04", "size": "337"}, {"price": "0.05", "size": "153.78"}, {"price": "0.06", "size": "33"}, {"price": "0.07", "size": "11.28"}, {"price": "0.08", "size": "164"}, {"price": "0.1", "size": "39"}, {"price": "0.13", "size": "10"}], "asks": [{"price": "0.99", "size": "614.69"}, {"price": "0.98", "size": "813.64"}, {"price": "0.97", "size": "266"}, {"price": "0.96", "size": "139.17"}, {"price": "0.95", "size": "48"}, {"price": "0.94", "size": "11.56"}], "event_type": "book", "last_trade_price": ""}, {"market": "0x7d04150f4d1ffa42159ff25009b2c0c2d23d62bdd546b2ec79a1c21cff7eba65", "asset_id": "61324897423475859843500745828481827257180051272683909489553216765262336302217", "timestamp": "1769384214418", "hash": "fac3c37422ed67edd686f8339fe5340cfaa0df26", "bids": [{"price": "0.01", "size": "217.92"}, {"price": "0.02", "size": "159.71"}, {"price": "0.03", "size": "679.63"}, {"price": "0.04", "size": "512"}, {"price": "0.05", "size": "276.13"}, {"price": "0.06", "size": "33"}, {"price": "0.07", "size": "6.01"}, {"price": "0.09", "size": "85"}, {"price": "0.1", "size": "39"}, {"price": "0.14", "size": "10"}], "asks": [{"price": "0.99", "size": "614.69"}, {"price": "0.98", "size": "813.64"}, {"price": "0.97", "size": "266"}, {"price": "0.96", "size": "139.17"}, {"price": "0.95", "size": "49.03"}, {"price": "0.94", "size": "14.61"}], "event_type": "book", "last_trade_price": ""}]}
