{"_local_timestamp": "2026-01-25T23:41:19.658347+00:00", "data": [{"market": "0xdbe51bbd40ca77053fd794ac247cd2d07a150921accdd624f9f345fbc63db48b", "asset_id": "87345926905556212316847105466061439969543894768822947485860245095466364170902", "timestamp": "1769384465941", "hash": "064426cd6b8c34da647a5143f31cff4a4f76ee5a", "bids": [{"price": "0.01", "size": "200"}, {"price": "0.34", "size": "224"}], "asks": [{"price": "0.99", "size": "100"}, {"price": "0.96", "size": "25"}, {"price": "0.95", "size": "5.47"}, {"price": "0.83", "size": "235"}], "event_type": "book", "last_trade_price": "0.260"}, {"market": "0x780c042865b2018eeb8ddcdec110c6839c6f27a8062b37dded79501920250afe", "asset_id": "79287164977737814011242460177248792416483317253936439908020481835936787513608", "timestamp": "1769384467333", "hash": "5e146fcc91346234aafcf8571d00e5870d5215c9", "bids": [{"price": "0.01", "size": "100"}, {"price": "0.02", "size": "33.33"}, {"price": "0.03", "size": "38.47"}, {"price": "0.26", "size": "208"}], "asks": [{"price": "0.99", "size": "200"}, {"price": "0.75", "size": "237"}], "event_type": "book", "last_trade_price": "0.200"}, {"market": "0x780c042865b2018eeb8ddcdec110c6839c6f27a8062b37dded79501920250afe", "asset_id": "96548263188568861225971459083251184634804319351377359745128053937517313229246", "timestamp": "1769384467333", "hash": "73f9c4a191d4686e8c3d003928aa1467f404a0a1", "bids": [{"price": "0.01", "size": "200"}, {"price": "0.25", "size": "237"}], "asks": [{"price": "0.99", "size": "100"}, {"price": "0.98", "size": "33.33"}, {"price": "0.97", "size": "38.47"}, {"price": "0.74", "size": "208"}], "event_type": "book", "last_trade_price": "0.200"}, {"market": "0x1feaf4097b273ee90aea00fdc5afa9ec6e14b518caf2ddbc421851bef1bdc168", "asset_id": "22033330904498269999207988435951609926608006932357150385292796096528006231715", "timestamp": "1769384473380", "hash": "23bf90ccc93acb0243b2709f27a1754d921172fc", "bids": [{"price": "0.01", "size": "200"}, {"price": "0.21", "size": "50"}, {"price": "0.44", "size": "222"}], "asks": [{"price": "0.99", "size": "191.9"}, {"price": "0.98", "size": "20.21"}, {"price": "0.97", "size": "25.54"}, {"price": "0.6", "size": "98"}], "event_type": "book", "last_trade_price": "0.420"}, {"market": "0xdbe51bbd40ca77053fd794ac247cd2d07a150921accdd624f9f345fbc63db48b", "asset_id": "36448007855605050896824786938032039502111327633212361142790079215548046414522", "timestamp": "1769384465941", "hash": "3bc58b0dc805ee2517e5a0ecfd49c5a4d7eb2192", "bids": [{"price": "0.01", "size": "100"}, {"price": "0.04", "size": "25"}, {"price": "0.05", "size": "5.47"}, {"price": "0.17", "size": "235"}], "asks": [{"price": "0.99", "size": "200"}, {"price": "0.66", "size": "224"}], "event_type": "book", "last_trade_price": "0.260"}, {"market": "0x1feaf4097b273ee90aea00fdc5afa9ec6e14b518caf2ddbc421851bef1bdc168", "asset_id": "18882795016423351779855047017846676160725151167446687947380948164302842014020", "timestamp": "1769384473380", "hash": "cee120db385024a684b2e100f3e63665006da000", "bids": [{"price": "0.01", "size": "191.9"}, {"price": "0.02", "size": "20.21"}, {"price": "0.03", "size": "25.54"}, {"price": "0.4", "size": "98"}], "asks": [{"price": "0.99", "size": "200"}, {"price": "0.79", "size": "50"}, {"price": "0.56", "size": "222"}], "event_type": "book", "last_trade_price": "0.420"}]}
{"_local_timestamp": "2026-01-25T23:42:16.818386+00:00", "data": {"market": "0x780c042865b2018eeb8ddcdec110c6839c6f27a8062b37dded79501920250afe", "price_changes": [{"asset_id": "79287164977737814011242460177248792416483317253936439908020481835936787513608", "price": "0.02", "size": "0", "side": "BUY", "hash": "f9009b90ddfd95dd191e83ba09f8267bf0aaf606", "best_bid": "0.26", "best_ask": "0.75"}, {"asset_id": "96548263188568861225971459083251184634804319351377359745128053937517313229246", "price": "0.98", "size": "0", "side": "SELL", "hash": "7e32e144ed75743b7bfb03b8c278564455641b0b", "best_bid": "0.25", "best_ask": "0.74"}], "timestamp": "1769384536743", "event_type": "price_change"}}
{"_local_timestamp": "2026-01-25T23:42:20.273136+00:00", "data": {"market": "0x780c042865b2018eeb8ddcdec110c6839c6f27a8062b37dded79501920250afe", "price_changes": [{"asset_id": "79287164977737814011242460177248792416483317253936439908020481835936787513608", "price": "0.04", "size": "13.41", "side": "BUY", "hash": "59c14fe00018c0f5a4337dcc25444fc9969d3c1a", "best_bid": "0.26", "best_ask": "0.75"}, {"asset_id": "96548263188568861225971459083251184634804319351377359745128053937517313229246", "price": "0.96", "size": "13.41", "side": "SELL", "hash": "ab41628b494779eb2f7109cda4fb57be6e264a55", "best_bid": "0.25", "best_ask": "0.74"}], "timestamp": "1769384540200", "event_type": "price_change"}}
{"_local_timestamp": "2026-01-25T23:42:20.273897+00:00", "data": {"market": "0x780c042865b2018eeb8ddcdec110c6839c6f27a8062b37dded79501920250afe", "price_changes": [{"asset_id": "79287164977737814011242460177248792416483317253936439908020481835936787513608", "price": "0.01", "size": "113.01", "side": "BUY", "hash": "da1aa0b03bf3b6113227e87c37f26477a180c6a4", "best_bid": "0.26", "best_ask": "0.75"}, {"asset_id": "96548263188568861225971459083251184634804319351377359745128053937517313229246", "price": "0.99", "size": "113.01", "side": "SELL", "hash": "b0f99a95138fe6943dc3ae2e436eaabf8f76e912", "best_bid": "0.25", "best_ask": "0.74"}], "timestamp": "1769384540203", "event_type": "price_change"}}
{"_local_timestamp": "2026-01-25T23:42:22.612299+00:00", "data": {"market": "0x1feaf4097b273ee90aea00fdc5afa9ec6e14b518caf2ddbc421851bef1bdc168", "price_changes": [{"asset_id": "22033330904498269999207988435951609926608006932357150385292796096528006231715", "price": "0.21", "size": "0", "side": "BUY", "hash": "42f7a0fc80aa2fe3fce1bae5b4ed7db1ce34b559", "best_bid": "0.44", "best_ask": "0.6"}, {"asset_id": "18882795016423351779855047017846676160725151167446687947380948164302842014020", "price": "0.79", "size": "0", "side": "SELL", "hash": "68e4dd9def925f4e8ddf4f58896d9990b4643913", "best_bid": "0.4", "best_ask": "0.56"}], "timestamp": "1769384542534", "event_type": "price_change"}}
{"_local_timestamp": "2026-01-25T23:42:22.638499+00:00", "data": {"market": "0x1feaf4097b273ee90aea00fdc5afa9ec6e14b518caf2ddbc421851bef1bdc168", "price_changes": [{"asset_id": "22033330904498269999207988435951609926608006932357150385292796096528006231715", "price": "0.2", "size": "234", "side": "BUY", "hash": "12d186d435b275e626c8a7bd0242cdf73ccef795", "best_bid": "0.44", "best_ask": "0.6"}, {"asset_id": "18882795016423351779855047017846676160725151167446687947380948164302842014020", "price": "0.8", "size": "234", "side": "SELL", "hash": "50fbd299586eae3d31776baefc2e7cfb545dcbf5", "best_bid": "0.4", "best_ask": "0.56"}], "timestamp": "1769384542562", "event_type": "price_change"}}
{"_local_timestamp": "2026-01-25T23:42:24.425404+00:00", "data": {"market": "0x780c042865b2018eeb8ddcdec110c6839c6f27a8062b37dded79501920250afe", "price_changes": [{"asset_id": "79287164977737814011242460177248792416483317253936439908020481835936787513608", "price": "0.03", "size": "33", "side": "BUY", "hash": "76619b889a8277140f2c9b65fac68af5056b4e32", "best_bid": "0.26", "best_ask": "0.75"}, {"asset_id": "96548263188568861225971459083251184634804319351377359745128053937517313229246", "price": "0.97", "size": "33", "side": "SELL", "hash": "5d99a34598842a1ef204b9665f4607d03f236660", "best_bid": "0.25", "best_ask": "0.74"}], "timestamp": "1769384544344", "event_type": "price_change"}}
{"_local_timestamp": "2026-01-25T23:42:24.462637+00:00", "data": {"market": "0x780c042865b2018eeb8ddcdec110c6839c6f27a8062b37dded79501920250afe", "price_changes": [{"asset_id": "79287164977737814011242460177248792416483317253936439908020481835936787513608", "price": "0.05", "size": "5.47", "side": "BUY", "hash": "e2abf0ed95308c686355e07a9771f7e0b823e54d", "best_bid": "0.26", "best_ask": "0.75"}, {"asset_id": "96548263188568861225971459083251184634804319351377359745128053937517313229246", "price": "0.95", "size": "5.47", "side": "SELL", "hash": "1f8ae9eb7c2c3b4e04293c8e7f4e0c7c288f08f8", "best_bid": "0.25", "best_ask": "0.74"}], "timestamp": "1769384544393", "event_type": "price_change"}}
{"_local_timestamp": "2026-01-25T23:42:26.331474+00:00", "data": {"market": "0x780c042865b2018eeb8ddcdec110c6839c6f27a8062b37dded79501920250afe", "price_changes": [{"asset_id": "96548263188568861225971459083251184634804319351377359745128053937517313229246", "price": "0.01", "size": "211.61", "side": "BUY", "hash": "1cdafc77c0053e179b700c9214afe8c01b119b48", "best_bid": "0.25", "best_ask": "0.74"}, {"asset_id": "79287164977737814011242460177248792416483317253936439908020481835936787513608", "price": "0.99", "size": "211.61", "side": "SELL", "hash": "d41b02f45257fe5cec8b5aeb23ba51f1a8b2cf6c", "best_bid": "0.26", "best_ask": "0.75"}], "timestamp": "1769384546255", "event_type": "price_change"}}
{"_local_timestamp": "2026-01-25T23:42:26.349016+00:00", "data": {"market": "0x780c042865b2018eeb8ddcdec110c6839c6f27a8062b37dded79501920250afe", "price_changes": [{"asset_id": "96548263188568861225971459083251184634804319351377359745128053937517313229246", "price": "0.02", "size": "94.19", "side": "BUY", "hash": "7064c77b03c1214b5b340c62b74fc999dd301334", "best_bid": "0.25", "best_ask": "0.74"}, {"asset_id": "79287164977737814011242460177248792416483317253936439908020481835936787513608", "price": "0.98", "size": "94.19", "side": "SELL", "hash": "a57f7e3d0f876edcaab2fe6ec24080c0e7277005", "best_bid": "0.26", "best_ask": "0.75"}], "timestamp": "1769384546278", "event_type": "price_change"}}
