{"_local_timestamp": "2026-01-25T23:34:13.283578+00:00", "data": [{"market": "0x780c042865b2018eeb8ddcdec110c6839c6f27a8062b37dded79501920250afe", "asset_id": "79287164977737814011242460177248792416483317253936439908020481835936787513608", "timestamp": "1769383976056", "hash": "6865c12bee25d613dd3b718380ea98dc2ddcc580", "bids": [{"price": "0.01", "size": "100"}, {"price": "0.02", "size": "33.33"}, {"price": "0.03", "size": "5.47"}], "asks": [{"price": "0.99", "size": "199.99"}, {"price": "0.98", "size": "50"}, {"price": "0.97", "size": "200"}], "event_type": "book", "last_trade_price": "0.820"}, {"market": "0xdbe51bbd40ca77053fd794ac247cd2d07a150921accdd624f9f345fbc63db48b", "asset_id": "87345926905556212316847105466061439969543894768822947485860245095466364170902", "timestamp": "1769383979019", "hash": "483b1286ef337b0ea00642d666818fc641f84a4b", "bids": [{"price": "0.01", "size": "100"}, {"price": "0.33", "size": "165"}], "asks": [{"price": "0.99", "size": "100"}, {"price": "0.73", "size": "234"}], "event_type": "book", "last_trade_price": "0.260"}, {"market": "0xdbe51bbd40ca77053fd794ac247cd2d07a150921accdd624f9f345fbc63db48b", "asset_id": "36448007855605050896824786938032039502111327633212361142790079215548046414522", "timestamp": "1769383979019", "hash": "748fa0390f481516af0acc9eed938a4cc6f2d52e", "bids": [{"price": "0.01", "size": "100"}, {"price": "0.27", "size": "234"}], "asks": [{"price": "0.99", "size": "100"}, {"price": "0.67", "size": "165"}], "event_type": "book", "last_trade_price": "0.260"}, {"market": "0x1feaf4097b273ee90aea00fdc5afa9ec6e14b518caf2ddbc421851bef1bdc168", "asset_id": "18882795016423351779855047017846676160725151167446687947380948164302842014020", "timestamp": "1769383985914", "hash": "0f80362ce720eb4dff86a5c266f2a1c780aaf565", "bids": [{"price": "0.01", "size": "150"}, {"price": "0.02", "size": "166"}, {"price": "0.03", "size": "5.47"}], "asks": [{"price": "0.99", "size": "200"}, {"price": "0.98", "size": "5.47"}, {"price": "0.56", "size": "430"}], "event_type": "book", "last_trade_price": "0.420"}, {"market": "0x780c042865b2018eeb8ddcdec110c6839c6f27a8062b37dded79501920250afe", "asset_id": "96548263188568861225971459083251184634804319351377359745128053937517313229246", "timestamp": "1769383976056", "hash": "9b80333212f183f4f5742bd864da2554e2e46e4e", "bids": [{"price": "0.01", "size": "199.99"}, {"price": "0.02", "size": "50"}, {"price": "0.03", "size": "200"}], "asks": [{"price": "0.99", "size": "100"}, {"price": "0.98", "size": "33.33"}, {"price": "0.97", "size": "5.47"}], "event_type": "book", "last_trade_price": "0.820"}, {"market": "0x1feaf4097b273ee90aea00fdc5afa9ec6e14b518caf2ddbc421851bef1bdc168", "asset_id": "22033330904498269999207988435951609926608006932357150385292796096528006231715", "timestamp": "1769383985914", "hash": "947aeca49c76d883cfc01fdbd5ec77f0c15fdfd5", "bids": [{"price": "0.01", "size": "200"}, {"price": "0.02", "size": "5.47"}, {"price": "0.44", "size": "430"}], "asks": [{"price": "0.99", "size": "150"}, {"price": "0.98", "size": "166"}, {"price": "0.97", "size": "5.47"}], "event_type": "book", "last_trade_price": "0.420"}]}
{"_local_timestamp": "2026-01-25T23:34:55.125702+00:00", "data": {"market": "0x1feaf4097b273ee90aea00fdc5afa9ec6e14b518caf2ddbc421851bef1bdc168", "price_changes": [{"asset_id": "22033330904498269999207988435951609926608006932357150385292796096528006231715", "price": "0.44", "size": "222", "side": "BUY", "hash": "851176ee76be34f91930239944daa178388af9dd", "best_bid": "0.44", "best_ask": "0.97"}, {"asset_id": "18882795016423351779855047017846676160725151167446687947380948164302842014020", "price": "0.56", "size": "222", "side": "SELL", "hash": "420bef6c76e4d49133165051be253be003372cc9", "best_bid": "0.03", "best_ask": "0.56"}], "timestamp": "1769384095025", "event_type": "price_change"}}
{"_local_timestamp": "2026-01-25T23:34:55.325729+00:00", "data": {"market": "0x1feaf4097b273ee90aea00fdc5afa9ec6e14b518caf2ddbc421851bef1bdc168", "price_changes": [{"asset_id": "22033330904498269999207988435951609926608006932357150385292796096528006231715", "price": "0.43", "size": "189", "side": "BUY", "hash": "cf30160048c9ba0470fb6ea9bab7e52b718c75d2", "best_bid": "0.44", "best_ask": "0.97"}, {"asset_id": "18882795016423351779855047017846676160725151167446687947380948164302842014020", "price": "0.57", "size": "189", "side": "SELL", "hash": "26da492a8a1cc233847cd8a78c56926e1ef077b0", "best_bid": "0.03", "best_ask": "0.56"}], "timestamp": "1769384095226", "event_type": "price_change"}}
{"_local_timestamp": "2026-01-25T23:34:58.194748+00:00", "data": {"market": "0x1feaf4097b273ee90aea00fdc5afa9ec6e14b518caf2ddbc421851bef1bdc168", "price_changes": [{"asset_id": "22033330904498269999207988435951609926608006932357150385292796096528006231715", "price": "0.43", "size": "0", "side": "BUY", "hash": "d3211e51339750c7f6d95cb87a24f27e60f34eee", "best_bid": "0.44", "best_ask": "0.97"}, {"asset_id": "18882795016423351779855047017846676160725151167446687947380948164302842014020", "price": "0.57", "size": "0", "side": "SELL", "hash": "e8b3ca340e8d0004891593a9d5b7a0ae42479bd5", "best_bid": "0.03", "best_ask": "0.56"}], "timestamp": "1769384098117", "event_type": "price_change"}}
{"_local_timestamp": "2026-01-25T23:34:58.213391+00:00", "data": {"market": "0x1feaf4097b273ee90aea00fdc5afa9ec6e14b518caf2ddbc421851bef1bdc168", "price_changes": [{"asset_id": "22033330904498269999207988435951609926608006932357150385292796096528006231715", "price": "0.44", "size": "256", "side": "BUY", "hash": "6500a8bb64807829f08885f180825b00c8c22dbc", "best_bid": "0.44", "best_ask": "0.97"}, {"asset_id": "18882795016423351779855047017846676160725151167446687947380948164302842014020", "price": "0.56", "size": "256", "side": "SELL", "hash": "757f47e74df159e7f43af9281b5ece01c679a49b", "best_bid": "0.03", "best_ask": "0.56"}], "timestamp": "1769384098151", "event_type": "price_change"}}
{"_local_timestamp": "2026-01-25T23:35:26.781939+00:00", "data": {"market": "0x1feaf4097b273ee90aea00fdc5afa9ec6e14b518caf2ddbc421851bef1bdc168", "price_changes": [{"asset_id": "22033330904498269999207988435951609926608006932357150385292796096528006231715", "price": "0.44", "size": "222", "side": "BUY", "hash": "70d0a8352beb0831dd54bf6dcfbc3ae2d9b94412", "best_bid": "0.44", "best_ask": "0.97"}, {"asset_id": "18882795016423351779855047017846676160725151167446687947380948164302842014020", "price": "0.56", "size": "222", "side": "SELL", "hash": "73f29917b8284d2bee64e0d3760a20d2e4b5caa1", "best_bid": "0.03", "best_ask": "0.56"}], "timestamp": "1769384126582", "event_type": "price_change"}}
{"_local_timestamp": "2026-01-25T23:35:26.803332+00:00", "data": {"market": "0x1feaf4097b273ee90aea00fdc5afa9ec6e14b518caf2ddbc421851bef1bdc168", "price_changes": [{"asset_id": "22033330904498269999207988435951609926608006932357150385292796096528006231715", "price": "0.43", "size": "211", "side": "BUY", "hash": "282a09329fd0b3642d8333dbddf0b414dd94cd15", "best_bid": "0.44", "best_ask": "0.97"}, {"asset_id": "18882795016423351779855047017846676160725151167446687947380948164302842014020", "price": "0.57", "size": "211", "side": "SELL", "hash": "06d55b513fea8b29ab73f753ff5ce2bf3eb3b197", "best_bid": "0.03", "best_ask": "0.56"}], "timestamp": "1769384126610", "event_type": "price_change"}}
{"_local_timestamp": "2026-01-25T23:35:44.846901+00:00", "data": {"market": "0x1feaf4097b273ee90aea00fdc5afa9ec6e14b518caf2ddbc421851bef1bdc168", "price_changes": [{"asset_id": "22033330904498269999207988435951609926608006932357150385292796096528006231715", "price": "0.43", "size": "0", "side": "BUY", "hash": "bd616b1711f391e42eff4b56c2eebb551ec24865", "best_bid": "0.44", "best_ask": "0.97"}, {"asset_id": "18882795016423351779855047017846676160725151167446687947380948164302842014020", "price": "0.57", "size": "0", "side": "SELL", "hash": "71818ca8eaf5404a23082bcc8d998838c88edaf0", "best_bid": "0.03", "best_ask": "0.56"}], "timestamp": "1769384144783", "event_type": "price_change"}}
{"_local_timestamp": "2026-01-25T23:35:44.874454+00:00", "data": {"market": "0x1feaf4097b273ee90aea00fdc5afa9ec6e14b518caf2ddbc421851bef1bdc168", "price_changes": [{"asset_id": "22033330904498269999207988435951609926608006932357150385292796096528006231715", "price": "0.42", "size": "228", "side": "BUY", "hash": "8e4035b6a08dc8537bd3931170580109598240d0", "best_bid": "0.44", "best_ask": "0.97"}, {"asset_id": "18882795016423351779855047017846676160725151167446687947380948164302842014020", "price": "0.58", "size": "228", "side": "SELL", "hash": "10214d104150b7e6cc2288c372c011b4abe35d38", "best_bid": "0.03", "best_ask": "0.56"}], "timestamp": "1769384144811", "event_type": "price_change"}}
{"_local_timestamp": "2026-01-25T23:36:10.711705+00:00", "data": {"market": "0xdbe51bbd40ca77053fd794ac247cd2d07a150921accdd624f9f345fbc63db48b", "price_changes": [{"asset_id": "87345926905556212316847105466061439969543894768822947485860245095466364170902", "price": "0.02", "size": "50", "side": "BUY", "hash": "572837e6ef518758dbbe33db5b5069a38c78134b", "best_bid": "0.33", "best_ask": "0.73"}, {"asset_id": "36448007855605050896824786938032039502111327633212361142790079215548046414522", "price": "0.98", "size": "50", "side": "SELL", "hash": "bb08df8beec176d43da25d972fb7ba9040b3c66a", "best_bid": "0.27", "best_ask": "0.67"}], "timestamp": "1769384170646", "event_type": "price_change"}}
{"_local_timestamp": "2026-01-25T23:36:10.712437+00:00", "data": {"market": "0xdbe51bbd40ca77053fd794ac247cd2d07a150921accdd624f9f345fbc63db48b", "price_changes": [{"asset_id": "87345926905556212316847105466061439969543894768822947485860245095466364170902", "price": "0.01", "size": "199.99", "side": "BUY", "hash": "58b523d5010aaf1ceb85821abf48f089d1439063", "best_bid": "0.33", "best_ask": "0.73"}, {"asset_id": "36448007855605050896824786938032039502111327633212361142790079215548046414522", "price": "0.99", "size": "199.99", "side": "SELL", "hash": "859c27683fb5c11a8c4f1bf072d8b81dbdb4d55e", "best_bid": "0.27", "best_ask": "0.67"}], "timestamp": "1769384170648", "event_type": "price_change"}}
{"_local_timestamp": "2026-01-25T23:36:31.110954+00:00", "data": {"market": "0x1feaf4097b273ee90aea00fdc5afa9ec6e14b518caf2ddbc421851bef1bdc168", "price_changes": [{"asset_id": "22033330904498269999207988435951609926608006932357150385292796096528006231715", "price": "0.42", "size": "0", "side": "BUY", "hash": "134cbd0e0bf3cdfd7a67ebe0732084ea24fd5b78", "best_bid": "0.44", "best_ask": "0.97"}, {"asset_id": "18882795016423351779855047017846676160725151167446687947380948164302842014020", "price": "0.58", "size": "0", "side": "SELL", "hash": "ca956dc714d288b54a8db07195fc58576c7d8f6c", "best_bid": "0.03", "best_ask": "0.56"}], "timestamp": "1769384191044", "event_type": "price_change"}}
{"_local_timestamp": "2026-01-25T23:36:31.169211+00:00", "data": {"market": "0x1feaf4097b273ee90aea00fdc5afa9ec6e14b518caf2ddbc421851bef1bdc168", "price_changes": [{"asset_id": "22033330904498269999207988435951609926608006932357150385292796096528006231715", "price": "0.41", "size": "199", "side": "BUY", "hash": "92b38fe8978f316971069f2e3b804618d69d664b", "best_bid": "0.44", "best_ask": "0.97"}, {"asset_id": "18882795016423351779855047017846676160725151167446687947380948164302842014020", "price": "0.59", "size": "199", "side": "SELL", "hash": "1686935042fc8caf01b87990e57a26f5a647c398", "best_bid": "0.03", "best_ask": "0.56"}], "timestamp": "1769384191099", "event_type": "price_change"}}
{"_local_timestamp": "2026-01-25T23:36:32.434985+00:00", "data": {"market": "0x1feaf4097b273ee90aea00fdc5afa9ec6e14b518caf2ddbc421851bef1bdc168", "price_changes": [{"asset_id": "22033330904498269999207988435951609926608006932357150385292796096528006231715", "price": "0.41", "size": "0", "side": "BUY", "hash": "ec3546ce8610d59d3ee9cf38467c638926de9e4a", "best_bid": "0.44", "best_ask": "0.97"}, {"asset_id": "18882795016423351779855047017846676160725151167446687947380948164302842014020", "price": "0.59", "size": "0", "side": "SELL", "hash": "487eb66700fc4bdd422ab9b9bb79d5c538a67f99", "best_bid": "0.03", "best_ask": "0.56"}], "timestamp": "1769384192366", "event_type": "price_change"}}
{"_local_timestamp": "2026-01-25T23:36:32.484209+00:00", "data": {"market": "0x1feaf4097b273ee90aea00fdc5afa9ec6e14b518caf2ddbc421851bef1bdc168", "price_changes": [{"asset_id": "22033330904498269999207988435951609926608006932357150385292796096528006231715", "price": "0.42", "size": "134", "side": "BUY", "hash": "b6a98a26c99632a091a3e78b93a2f895fe22d20e", "best_bid": "0.44", "best_ask": "0.97"}, {"asset_id": "18882795016423351779855047017846676160725151167446687947380948164302842014020", "price": "0.58", "size": "134", "side": "SELL", "hash": "f98bb6cb7e18d7db6cd4fd8a890b6820b4e8ab55", "best_bid": "0.03", "best_ask": "0.56"}], "timestamp": "1769384192417", "event_type": "price_change"}}
{"_local_timestamp": "2026-01-25T23:36:37.482275+00:00", "data": {"market": "0x1feaf4097b273ee90aea00fdc5afa9ec6e14b518caf2ddbc421851bef1bdc168", "price_changes": [{"asset_id": "22033330904498269999207988435951609926608006932357150385292796096528006231715", "price": "0.42", "size": "0", "side": "BUY", "hash": "5c9b3b3b12ac82197376b4a7cc86d22685222b18", "best_bid": "0.44", "best_ask": "0.97"}, {"asset_id": "18882795016423351779855047017846676160725151167446687947380948164302842014020", "price": "0.58", "size": "0", "side": "SELL", "hash": "69eb9a66511914348e3d7e5813f3db4f2b10faf9", "best_bid": "0.03", "best_ask": "0.56"}], "timestamp": "1769384197418", "event_type": "price_change"}}
{"_local_timestamp": "2026-01-25T23:36:37.522106+00:00", "data": {"market": "0x1feaf4097b273ee90aea00fdc5afa9ec6e14b518caf2ddbc421851bef1bdc168", "price_changes": [{"asset_id": "22033330904498269999207988435951609926608006932357150385292796096528006231715", "price": "0.41", "size": "229", "side": "BUY", "hash": "6c02fb05f62e1909240b31948783da0720844304", "best_bid": "0.44", "best_ask": "0.97"}, {"asset_id": "18882795016423351779855047017846676160725151167446687947380948164302842014020", "price": "0.59", "size": "229", "side": "SELL", "hash": "2f55e233e69a62d3e7fbc2024f79ff055f05c0f7", "best_bid": "0.03", "best_ask": "0.56"}], "timestamp": "1769384197448", "event_type": "price_change"}}
{"_local_timestamp": "2026-01-25T23:37:03.596931+00:00", "data": {"market": "0x1feaf4097b273ee90aea00fdc5afa9ec6e14b518caf2ddbc421851bef1bdc168", "price_changes": [{"asset_id": "22033330904498269999207988435951609926608006932357150385292796096528006231715", "price": "0.41", "size": "0", "side": "BUY", "hash": "58de3a8cac263176d4fd8dc6ddc6f95a492c22e0", "best_bid": "0.44", "best_ask": "0.97"}, {"asset_id": "18882795016423351779855047017846676160725151167446687947380948164302842014020", "price": "0.59", "size": "0", "side": "SELL", "hash": "8c8fd269d6709ac5ff88a09afe1c012513712508", "best_bid": "0.03", "best_ask": "0.56"}], "timestamp": "1769384223415", "event_type": "price_change"}}
{"_local_timestamp": "2026-01-25T23:37:04.118450+00:00", "data": {"market": "0xdbe51bbd40ca77053fd794ac247cd2d07a150921accdd624f9f345fbc63db48b", "price_changes": [{"asset_id": "36448007855605050896824786938032039502111327633212361142790079215548046414522", "price": "0.27", "size": "0", "side": "BUY", "hash": "0eb20ffdd7aa70283d6bec8897f637ee859cb3f3", "best_bid": "0.01", "best_ask": "0.67"}, {"asset_id": "87345926905556212316847105466061439969543894768822947485860245095466364170902", "price": "0.73", "size": "0", "side": "SELL", "hash": "f4db533bc591409e320aa4414b25f6b9e10cc342", "best_bid": "0.33", "best_ask": "0.99"}], "timestamp": "1769384223936", "event_type": "price_change"}}
{"_local_timestamp": "2026-01-25T23:37:04.140313+00:00", "data": {"market": "0xdbe51bbd40ca77053fd794ac247cd2d07a150921accdd624f9f345fbc63db48b", "price_changes": [{"asset_id": "87345926905556212316847105466061439969543894768822947485860245095466364170902", "price": "0.33", "size": "0", "side": "BUY", "hash": "e08eba86c543f7711032f556ad4e89c6871b4ccb", "best_bid": "0.02", "best_ask": "0.99"}, {"asset_id": "36448007855605050896824786938032039502111327633212361142790079215548046414522", "price": "0.67", "size": "0", "side": "SELL", "hash": "ada581412e2dd4d982f559081609c4dcc404c68b", "best_bid": "0.01", "best_ask": "0.98"}], "timestamp": "1769384223946", "event_type": "price_change"}}
{"_local_timestamp": "2026-01-25T23:37:06.924058+00:00", "data": {"market": "0xdbe51bbd40ca77053fd794ac247cd2d07a150921accdd624f9f345fbc63db48b", "price_changes": [{"asset_id": "87345926905556212316847105466061439969543894768822947485860245095466364170902", "price": "0.01", "size": "100", "side": "BUY", "hash": "aa8220ee28592234dadaef5bc74e505f6fb4ba4d", "best_bid": "0.01", "best_ask": "0.99"}, {"asset_id": "36448007855605050896824786938032039502111327633212361142790079215548046414522", "price": "0.99", "size": "100", "side": "SELL", "hash": "8b04be4d375503019f57f848e8a1f029b9eebb23", "best_bid": "0.01", "best_ask": "0.99"}], "timestamp": "1769384226710", "event_type": "price_change"}}
{"_local_timestamp": "2026-01-25T23:37:06.924525+00:00", "data": {"market": "0xdbe51bbd40ca77053fd794ac247cd2d07a150921accdd624f9f345fbc63db48b", "price_changes": [{"asset_id": "87345926905556212316847105466061439969543894768822947485860245095466364170902", "price": "0.02", "size": "0", "side": "BUY", "hash": "aa8220ee28592234dadaef5bc74e505f6fb4ba4d", "best_bid": "0.01", "best_ask": "0.99"}, {"asset_id": "36448007855605050896824786938032039502111327633212361142790079215548046414522", "price": "0.98", "size": "0", "side": "SELL", "hash": "8b04be4d375503019f57f848e8a1f029b9eebb23", "best_bid": "0.01", "best_ask": "0.99"}], "timestamp": "1769384226710", "event_type": "price_change"}}
{"_local_timestamp": "2026-01-25T23:37:06.973319+00:00", "data": {"market": "0xdbe51bbd40ca77053fd794ac247cd2d07a150921accdd624f9f345fbc63db48b", "price_changes": [{"asset_id": "36448007855605050896824786938032039502111327633212361142790079215548046414522", "price": "0.02", "size": "5.47", "side": "BUY", "hash": "038f778bca97724e2b4f6ff734ef6325e01f65d7", "best_bid": "0.02", "best_ask": "0.99"}, {"asset_id": "87345926905556212316847105466061439969543894768822947485860245095466364170902", "price": "0.98", "size": "5.47", "side": "SELL", "hash": "1706e4e372cd7a2cf8270b21958c479bed2c685e", "best_bid": "0.01", "best_ask": "0.98"}], "timestamp": "1769384226771", "event_type": "price_change"}}
{"_local_timestamp": "2026-01-25T23:37:38.056288+00:00", "data": {"market": "0x1feaf4097b273ee90aea00fdc5afa9ec6e14b518caf2ddbc421851bef1bdc168", "price_changes": [{"asset_id": "18882795016423351779855047017846676160725151167446687947380948164302842014020", "price": "0.01", "size": "191.9", "side": "BUY", "hash": "5b8d342d6bc666b9b3a26a5e369bfb25b153934c", "best_bid": "0.03", "best_ask": "0.56"}, {"asset_id": "22033330904498269999207988435951609926608006932357150385292796096528006231715", "price": "0.99", "size": "191.9", "side": "SELL", "hash": "86717a867c4750b9002d486dfdab99c393b32191", "best_bid": "0.44", "best_ask": "0.97"}], "timestamp": "1769384257989", "event_type": "price_change"}}
{"_local_timestamp": "2026-01-25T23:37:38.056724+00:00", "data": {"market": "0x1feaf4097b273ee90aea00fdc5afa9ec6e14b518caf2ddbc421851bef1bdc168", "price_changes": [{"asset_id": "18882795016423351779855047017846676160725151167446687947380948164302842014020", "price": "0.03", "size": "31.01", "side": "BUY", "hash": "59d579a350b7a82bbe9b54fd0dee22b63ed355b2", "best_bid": "0.03", "best_ask": "0.56"}, {"asset_id": "22033330904498269999207988435951609926608006932357150385292796096528006231715", "price": "0.97", "size": "31.01", "side": "SELL", "hash": "9933baedae431c15ad2fdd7cbcb4f61f6dd5dfe4", "best_bid": "0.44", "best_ask": "0.97"}], "timestamp": "1769384257991", "event_type": "price_change"}}
{"_local_timestamp": "2026-01-25T23:37:38.057061+00:00", "data": {"market": "0x1feaf4097b273ee90aea00fdc5afa9ec6e14b518caf2ddbc421851bef1bdc168", "price_changes": [{"asset_id": "18882795016423351779855047017846676160725151167446687947380948164302842014020", "price": "0.02", "size": "186.21", "side": "BUY", "hash": "7b6f6935e5493426ea7ed8bc9beaa3318f52b42f", "best_bid": "0.03", "best_ask": "0.56"}, {"asset_id": "22033330904498269999207988435951609926608006932357150385292796096528006231715", "price": "0.98", "size": "186.21", "side": "SELL", "hash": "be6e5968fb6b38f260b98931da7c339cadfb1290", "best_bid": "0.44", "best_ask": "0.97"}], "timestamp": "1769384257993", "event_type": "price_change"}}
{"_local_timestamp": "2026-01-25T23:37:54.591062+00:00", "data": {"market": "0xdbe51bbd40ca77053fd794ac247cd2d07a150921accdd624f9f345fbc63db48b", "price_changes": [{"asset_id": "36448007855605050896824786938032039502111327633212361142790079215548046414522", "price": "0.03", "size": "56", "side": "BUY", "hash": "ceadd55de1dd0798e0aca8b33c6cf89b51bc6099", "best_bid": "0.03", "best_ask": "0.99"}, {"asset_id": "87345926905556212316847105466061439969543894768822947485860245095466364170902", "price": "0.97", "size": "56", "side": "SELL", "hash": "6959cc71eeff20a139d8e5e0bde0be7ce34fca1d", "best_bid": "0.01", "best_ask": "0.97"}], "timestamp": "1769384274464", "event_type": "price_change"}}
{"_local_timestamp": "2026-01-25T23:37:55.859552+00:00", "data": {"market": "0x780c042865b2018eeb8ddcdec110c6839c6f27a8062b37dded79501920250afe", "price_changes": [{"asset_id": "79287164977737814011242460177248792416483317253936439908020481835936787513608", "price": "0.12", "size": "217", "side": "BUY", "hash": "5fd413ff58996bc12bed0655c41ba40ca7278263", "best_bid": "0.12", "best_ask": "0.97"}, {"asset_id": "96548263188568861225971459083251184634804319351377359745128053937517313229246", "price": "0.88", "size": "217", "side": "SELL", "hash": "06d8b139db33f6be3d5d397bb31b9e874cb38372", "best_bid": "0.03", "best_ask": "0.88"}], "timestamp": "1769384275741", "event_type": "price_change"}}
{"_local_timestamp": "2026-01-25T23:37:56.116268+00:00", "data": {"market": "0xdbe51bbd40ca77053fd794ac247cd2d07a150921accdd624f9f345fbc63db48b", "price_changes": [{"asset_id": "87345926905556212316847105466061439969543894768822947485860245095466364170902", "price": "0.06", "size": "36", "side": "BUY", "hash": "2cf2ad722bd00dc9e062310c3b3fd935b70e1388", "best_bid": "0.06", "best_ask": "0.97"}, {"asset_id": "36448007855605050896824786938032039502111327633212361142790079215548046414522", "price": "0.94", "size": "36", "side": "SELL", "hash": "2c33c3fd8d2b525bbd32e96f64a2aed286b9faf4", "best_bid": "0.03", "best_ask": "0.94"}], "timestamp": "1769384275994", "event_type": "price_change"}}
{"_local_timestamp": "2026-01-25T23:37:56.408270+00:00", "data": {"market": "0x1feaf4097b273ee90aea00fdc5afa9ec6e14b518caf2ddbc421851bef1bdc168", "price_changes": [{"asset_id": "22033330904498269999207988435951609926608006932357150385292796096528006231715", "price": "0.39", "size": "176", "side": "BUY", "hash": "4a7d3289b662facc066eab598f14cb8b899329b9", "best_bid": "0.44", "best_ask": "0.97"}, {"asset_id": "18882795016423351779855047017846676160725151167446687947380948164302842014020", "price": "0.61", "size": "176", "side": "SELL", "hash": "528511cd13c72b0e09d316b6e7034f8b2ad7cc8f", "best_bid": "0.03", "best_ask": "0.56"}], "timestamp": "1769384276281", "event_type": "price_change"}}
{"_local_timestamp": "2026-01-25T23:37:56.703439+00:00", "data": {"market": "0x1feaf4097b273ee90aea00fdc5afa9ec6e14b518caf2ddbc421851bef1bdc168", "price_changes": [{"asset_id": "22033330904498269999207988435951609926608006932357150385292796096528006231715", "price": "0.39", "size": "0", "side": "BUY", "hash": "24e9e21ff3b3e273edb9236fe511c8400099113b", "best_bid": "0.44", "best_ask": "0.97"}, {"asset_id": "18882795016423351779855047017846676160725151167446687947380948164302842014020", "price": "0.61", "size": "0", "side": "SELL", "hash": "ce6a593c446bb9afa7ab2b4d2cdcfdd9f87716e5", "best_bid": "0.03", "best_ask": "0.56"}], "timestamp": "1769384276572", "event_type": "price_change"}}
{"_local_timestamp": "2026-01-25T23:37:56.757287+00:00", "data": {"market": "0xdbe51bbd40ca77053fd794ac247cd2d07a150921accdd624f9f345fbc63db48b", "price_changes": [{"asset_id": "87345926905556212316847105466061439969543894768822947485860245095466364170902", "price": "0.06", "size": "0", "side": "BUY", "hash": "b35e073133239f88d15e3c65238a2ff229e0fadc", "best_bid": "0.01", "best_ask": "0.97"}, {"asset_id": "36448007855605050896824786938032039502111327633212361142790079215548046414522", "price": "0.94", "size": "0", "side": "SELL", "hash": "6c4936c222a91525972a36cad694d350bfe1dafc", "best_bid": "0.03", "best_ask": "0.99"}], "timestamp": "1769384276623", "event_type": "price_change"}}
{"_local_timestamp": "2026-01-25T23:37:56.960521+00:00", "data": {"market": "0xdbe51bbd40ca77053fd794ac247cd2d07a150921accdd624f9f345fbc63db48b", "price_changes": [{"asset_id": "36448007855605050896824786938032039502111327633212361142790079215548046414522", "price": "0.02", "size": "0", "side": "BUY", "hash": "51160b5054f7e89f5b5a2392ddb03a87705a3e91", "best_bid": "0.03", "best_ask": "0.99"}, {"asset_id": "87345926905556212316847105466061439969543894768822947485860245095466364170902", "price": "0.98", "size": "0", "side": "SELL", "hash": "bf262748f1f67b15e2dca57d9f8f363bf17f8b69", "best_bid": "0.01", "best_ask": "0.97"}], "timestamp": "1769384276819", "event_type": "price_change"}}
{"_local_timestamp": "2026-01-25T23:37:57.040461+00:00", "data": {"market": "0xdbe51bbd40ca77053fd794ac247cd2d07a150921accdd624f9f345fbc63db48b", "price_changes": [{"asset_id": "36448007855605050896824786938032039502111327633212361142790079215548046414522", "price": "0.04", "size": "5.47", "side": "BUY", "hash": "cc7f463750904967674f5f2e5ec31408347f31f2", "best_bid": "0.04", "best_ask": "0.99"}, {"asset_id": "87345926905556212316847105466061439969543894768822947485860245095466364170902", "price": "0.96", "size": "5.47", "side": "SELL", "hash": "dcc49241d77874d566bcef62205cb89ff7aa511d", "best_bid": "0.01", "best_ask": "0.96"}], "timestamp": "1769384276870", "event_type": "price_change"}}
{"_local_timestamp": "2026-01-25T23:37:58.462556+00:00", "data": {"market": "0xdbe51bbd40ca77053fd794ac247cd2d07a150921accdd624f9f345fbc63db48b", "price_changes": [{"asset_id": "87345926905556212316847105466061439969543894768822947485860245095466364170902", "price": "0.3", "size": "91", "side": "BUY", "hash": "88eb2a1082596c44d76b61056a79f6dcdbedb4a5", "best_bid": "0.3", "best_ask": "0.96"}, {"asset_id": "36448007855605050896824786938032039502111327633212361142790079215548046414522", "price": "0.7", "size": "91", "side": "SELL", "hash": "ebd5e5db2ecd5a875913699ab794cec5a9674b5a", "best_bid": "0.04", "best_ask": "0.7"}], "timestamp": "1769384278344", "event_type": "price_change"}}
{"_local_timestamp": "2026-01-25T23:38:03.761989+00:00", "data": {"market": "0xdbe51bbd40ca77053fd794ac247cd2d07a150921accdd624f9f345fbc63db48b", "price_changes": [{"asset_id": "87345926905556212316847105466061439969543894768822947485860245095466364170902", "price": "0.3", "size": "0", "side": "BUY", "hash": "be505559744b28e2ef6523ff1e8e9687ae8b6dbc", "best_bid": "0.01", "best_ask": "0.96"}, {"asset_id": "36448007855605050896824786938032039502111327633212361142790079215548046414522", "price": "0.7", "size": "0", "side": "SELL", "hash": "d7080e841c4949f0f0607839caf50c2c32bf58be", "best_bid": "0.04", "best_ask": "0.99"}], "timestamp": "1769384283626", "event_type": "price_change"}}
{"_local_timestamp": "2026-01-25T23:38:03.772922+00:00", "data": {"market": "0x780c042865b2018eeb8ddcdec110c6839c6f27a8062b37dded79501920250afe", "price_changes": [{"asset_id": "79287164977737814011242460177248792416483317253936439908020481835936787513608", "price": "0.12", "size": "0", "side": "BUY", "hash": "7ec499ab5c6c101186631d1f41b1459aae3684b6", "best_bid": "0.03", "best_ask": "0.97"}, {"asset_id": "96548263188568861225971459083251184634804319351377359745128053937517313229246", "price": "0.88", "size": "0", "side": "SELL", "hash": "385952b15a4c5673ce75874b5c1f5dbe7f7e786e", "best_bid": "0.03", "best_ask": "0.97"}], "timestamp": "1769384283631", "event_type": "price_change"}}
{"_local_timestamp": "2026-01-25T23:38:03.773402+00:00", "data": {"market": "0x1feaf4097b273ee90aea00fdc5afa9ec6e14b518caf2ddbc421851bef1bdc168", "price_changes": [{"asset_id": "18882795016423351779855047017846676160725151167446687947380948164302842014020", "price": "0.02", "size": "20.21", "side": "BUY", "hash": "2347c1b51fa8fc2d04661329ff49a591a9e51786", "best_bid": "0.03", "best_ask": "0.56"}, {"asset_id": "22033330904498269999207988435951609926608006932357150385292796096528006231715", "price": "0.98", "size": "20.21", "side": "SELL", "hash": "bd84e0bb72e26b20d441b112588a1f21029627c4", "best_bid": "0.44", "best_ask": "0.97"}], "timestamp": "1769384283633", "event_type": "price_change"}}
{"_local_timestamp": "2026-01-25T23:38:03.774419+00:00", "data": {"market": "0x780c042865b2018eeb8ddcdec110c6839c6f27a8062b37dded79501920250afe", "price_changes": [{"asset_id": "96548263188568861225971459083251184634804319351377359745128053937517313229246", "price": "0.03", "size": "0", "side": "BUY", "hash": "8d1ac7d3dfc1a43a1259a0c3bf1193b0134469ff", "best_bid": "0.02", "best_ask": "0.97"}, {"asset_id": "79287164977737814011242460177248792416483317253936439908020481835936787513608", "price": "0.97", "size": "0", "side": "SELL", "hash": "86cf7fc35c5c2ba074e1e68b8900391de889a135", "best_bid": "0.03", "best_ask": "0.98"}], "timestamp": "1769384283635", "event_type": "price_change"}}
{"_local_timestamp": "2026-01-25T23:38:03.798017+00:00", "data": {"market": "0xdbe51bbd40ca77053fd794ac247cd2d07a150921accdd624f9f345fbc63db48b", "price_changes": [{"asset_id": "36448007855605050896824786938032039502111327633212361142790079215548046414522", "price": "0.03", "size": "0", "side": "BUY", "hash": "112820613889c6573b4f4ae36c10b0db66ab92bb", "best_bid": "0.04", "best_ask": "0.99"}, {"asset_id": "87345926905556212316847105466061439969543894768822947485860245095466364170902", "price": "0.97", "size": "0", "side": "SELL", "hash": "7727826b121e546f859a8ebdda5f2f71735df386", "best_bid": "0.01", "best_ask": "0.96"}], "timestamp": "1769384283655", "event_type": "price_change"}}
{"_local_timestamp": "2026-01-25T23:38:03.805375+00:00", "data": {"market": "0x780c042865b2018eeb8ddcdec110c6839c6f27a8062b37dded79501920250afe", "price_changes": [{"asset_id": "79287164977737814011242460177248792416483317253936439908020481835936787513608", "price": "0.12", "size": "171", "side": "BUY", "hash": "48d1dcf11b3f145205eb86e3cc18a5721414cd6a", "best_bid": "0.12", "best_ask": "0.98"}, {"asset_id": "96548263188568861225971459083251184634804319351377359745128053937517313229246", "price": "0.88", "size": "171", "side": "SELL", "hash": "605019dc65946a9350602cd2af3e362b1529573f", "best_bid": "0.02", "best_ask": "0.88"}], "timestamp": "1769384283659", "event_type": "price_change"}}
{"_local_timestamp": "2026-01-25T23:38:03.967282+00:00", "data": {"market": "0x780c042865b2018eeb8ddcdec110c6839c6f27a8062b37dded79501920250afe", "price_changes": [{"asset_id": "79287164977737814011242460177248792416483317253936439908020481835936787513608", "price": "0.12", "size": "0", "side": "BUY", "hash": "691d4e1154e97dd263045930248c59fa23eb42c7", "best_bid": "0.03", "best_ask": "0.98"}, {"asset_id": "96548263188568861225971459083251184634804319351377359745128053937517313229246", "price": "0.88", "size": "0", "side": "SELL", "hash": "b30742781a12df522deb0ce190c412cf555b43ae", "best_bid": "0.02", "best_ask": "0.97"}], "timestamp": "1769384283817", "event_type": "price_change"}}
{"_local_timestamp": "2026-01-25T23:38:04.895342+00:00", "data": {"market": "0x780c042865b2018eeb8ddcdec110c6839c6f27a8062b37dded79501920250afe", "price_changes": [{"asset_id": "79287164977737814011242460177248792416483317253936439908020481835936787513608", "price": "0.22", "size": "105", "side": "BUY", "hash": "2bc587ba8bfaf61aa36115400c38c57361594e0b", "best_bid": "0.22", "best_ask": "0.98"}, {"asset_id": "96548263188568861225971459083251184634804319351377359745128053937517313229246", "price": "0.78", "size": "105", "side": "SELL", "hash": "85bd4dac7f534ad4a73fdc91c0063bc7daeb5bc1", "best_bid": "0.02", "best_ask": "0.78"}], "timestamp": "1769384284738", "event_type": "price_change"}}
{"_local_timestamp": "2026-01-25T23:38:05.182619+00:00", "data": {"market": "0x780c042865b2018eeb8ddcdec110c6839c6f27a8062b37dded79501920250afe", "price_changes": [{"asset_id": "79287164977737814011242460177248792416483317253936439908020481835936787513608", "price": "0.11", "size": "26", "side": "BUY", "hash": "210c32dbe2a44c413f9e42cf4bc365efd876889a", "best_bid": "0.22", "best_ask": "0.98"}, {"asset_id": "96548263188568861225971459083251184634804319351377359745128053937517313229246", "price": "0.89", "size": "26", "side": "SELL", "hash": "027538a9e0cee497feeed0f37ca8ce3f573d4b64", "best_bid": "0.02", "best_ask": "0.78"}], "timestamp": "1769384285021", "event_type": "price_change"}}
{"_local_timestamp": "2026-01-25T23:38:05.269203+00:00", "data": {"market": "0x780c042865b2018eeb8ddcdec110c6839c6f27a8062b37dded79501920250afe", "price_changes": [{"asset_id": "79287164977737814011242460177248792416483317253936439908020481835936787513608", "price": "0.11", "size": "0", "side": "BUY", "hash": "4be5d71aa1716b47e5e30928f6dad146e497be82", "best_bid": "0.22", "best_ask": "0.98"}, {"asset_id": "96548263188568861225971459083251184634804319351377359745128053937517313229246", "price": "0.89", "size": "0", "side": "SELL", "hash": "61427b2455a5e9fd8b94a2f30258d18c1653d583", "best_bid": "0.02", "best_ask": "0.78"}], "timestamp": "1769384285124", "event_type": "price_change"}}
{"_local_timestamp": "2026-01-25T23:38:07.119311+00:00", "data": {"market": "0xdbe51bbd40ca77053fd794ac247cd2d07a150921accdd624f9f345fbc63db48b", "price_changes": [{"asset_id": "36448007855605050896824786938032039502111327633212361142790079215548046414522", "price": "0.04", "size": "0", "side": "BUY", "hash": "a91565ef9c600f5c021f5d3139e1055cf74192de", "best_bid": "0.01", "best_ask": "0.99"}, {"asset_id": "87345926905556212316847105466061439969543894768822947485860245095466364170902", "price": "0.96", "size": "0", "side": "SELL", "hash": "ffbadba36052fb53e71f7c4d5ce764ee5751ac6b", "best_bid": "0.01", "best_ask": "0.99"}], "timestamp": "1769384286978", "event_type": "price_change"}}
{"_local_timestamp": "2026-01-25T23:38:07.135906+00:00", "data": {"market": "0x780c042865b2018eeb8ddcdec110c6839c6f27a8062b37dded79501920250afe", "price_changes": [{"asset_id": "79287164977737814011242460177248792416483317253936439908020481835936787513608", "price": "0.22", "size": "0", "side": "BUY", "hash": "370a40a5a72aef5b90a3e0541a11f4df6378c882", "best_bid": "0.03", "best_ask": "0.98"}, {"asset_id": "96548263188568861225971459083251184634804319351377359745128053937517313229246", "price": "0.78", "size": "0", "side": "SELL", "hash": "1e517c178a3ab671cf6ad3894cb63afa1471e7d8", "best_bid": "0.02", "best_ask": "0.97"}], "timestamp": "1769384287000", "event_type": "price_change"}}
{"_local_timestamp": "2026-01-25T23:38:07.150315+00:00", "data": {"market": "0xdbe51bbd40ca77053fd794ac247cd2d07a150921accdd624f9f345fbc63db48b", "price_changes": [{"asset_id": "36448007855605050896824786938032039502111327633212361142790079215548046414522", "price": "0.02", "size": "5.47", "side": "BUY", "hash": "c87ed00f4bfc80529040e97bc711e550d1884e79", "best_bid": "0.02", "best_ask": "0.99"}, {"asset_id": "87345926905556212316847105466061439969543894768822947485860245095466364170902", "price": "0.98", "size": "5.47", "side": "SELL", "hash": "b2322e79576938ee95548ba6d4b16e31f217a814", "best_bid": "0.01", "best_ask": "0.98"}], "timestamp": "1769384287019", "event_type": "price_change"}}
{"_local_timestamp": "2026-01-25T23:38:08.017460+00:00", "data": {"market": "0x780c042865b2018eeb8ddcdec110c6839c6f27a8062b37dded79501920250afe", "price_changes": [{"asset_id": "79287164977737814011242460177248792416483317253936439908020481835936787513608", "price": "0.22", "size": "105", "side": "BUY", "hash": "889c6a72863a31829dfef76dab8a673457778abe", "best_bid": "0.22", "best_ask": "0.98"}, {"asset_id": "96548263188568861225971459083251184634804319351377359745128053937517313229246", "price": "0.78", "size": "105", "side": "SELL", "hash": "46895a9a8439fbcb5d7d4a4d0adabbf60e325a36", "best_bid": "0.02", "best_ask": "0.78"}], "timestamp": "1769384287901", "event_type": "price_change"}}
{"_local_timestamp": "2026-01-25T23:38:11.071144+00:00", "data": {"market": "0x780c042865b2018eeb8ddcdec110c6839c6f27a8062b37dded79501920250afe", "price_changes": [{"asset_id": "79287164977737814011242460177248792416483317253936439908020481835936787513608", "price": "0.22", "size": "0", "side": "BUY", "hash": "3efe5e6a90695210611c94e62314e40c2a25bd1c", "best_bid": "0.03", "best_ask": "0.98"}, {"asset_id": "96548263188568861225971459083251184634804319351377359745128053937517313229246", "price": "0.78", "size": "0", "side": "SELL", "hash": "3700843d7f88b7c09c8a28a91cdf272d419c254e", "best_bid": "0.02", "best_ask": "0.97"}], "timestamp": "1769384291000", "event_type": "price_change"}}
{"_local_timestamp": "2026-01-25T23:38:13.904398+00:00", "data": {"market": "0x780c042865b2018eeb8ddcdec110c6839c6f27a8062b37dded79501920250afe", "price_changes": [{"asset_id": "79287164977737814011242460177248792416483317253936439908020481835936787513608", "price": "0.08", "size": "160", "side": "BUY", "hash": "d77774a80b4cce3d4ef7d30456f5863e88be6a88", "best_bid": "0.08", "best_ask": "0.98"}, {"asset_id": "96548263188568861225971459083251184634804319351377359745128053937517313229246", "price": "0.92", "size": "160", "side": "SELL", "hash": "dda3e28d21f628f4c0fc0ab8c1c449b9a2d27d84", "best_bid": "0.02", "best_ask": "0.92"}], "timestamp": "1769384293839", "event_type": "price_change"}}
{"_local_timestamp": "2026-01-25T23:38:14.788333+00:00", "data": {"market": "0x1feaf4097b273ee90aea00fdc5afa9ec6e14b518caf2ddbc421851bef1bdc168", "price_changes": [{"asset_id": "22033330904498269999207988435951609926608006932357150385292796096528006231715", "price": "0.1", "size": "65", "side": "BUY", "hash": "41cf818a25ace7485af486d2fdbbfdbdbfe27a85", "best_bid": "0.44", "best_ask": "0.97"}, {"asset_id": "18882795016423351779855047017846676160725151167446687947380948164302842014020", "price": "0.9", "size": "65", "side": "SELL", "hash": "08e18c6aa08602acb2934f7ed216a63889aeaaa0", "best_bid": "0.03", "best_ask": "0.56"}], "timestamp": "1769384294720", "event_type": "price_change"}}
{"_local_timestamp": "2026-01-25T23:38:15.173705+00:00", "data": {"market": "0x1feaf4097b273ee90aea00fdc5afa9ec6e14b518caf2ddbc421851bef1bdc168", "price_changes": [{"asset_id": "18882795016423351779855047017846676160725151167446687947380948164302842014020", "price": "0.38", "size": "160", "side": "BUY", "hash": "1004bfce4c9033e2b5488576ff27700b5b3db19b", "best_bid": "0.38", "best_ask": "0.56"}, {"asset_id": "22033330904498269999207988435951609926608006932357150385292796096528006231715", "price": "0.62", "size": "160", "side": "SELL", "hash": "f233b2db30358005c7d4a78be4afaa1c63d67339", "best_bid": "0.44", "best_ask": "0.62"}], "timestamp": "1769384295103", "event_type": "price_change"}}
{"_local_timestamp": "2026-01-25T23:38:15.479110+00:00", "data": {"market": "0xdbe51bbd40ca77053fd794ac247cd2d07a150921accdd624f9f345fbc63db48b", "price_changes": [{"asset_id": "36448007855605050896824786938032039502111327633212361142790079215548046414522", "price": "0.03", "size": "52", "side": "BUY", "hash": "ba985ecdfd701fabba99a285ce2301c3c7f58db9", "best_bid": "0.03", "best_ask": "0.99"}, {"asset_id": "87345926905556212316847105466061439969543894768822947485860245095466364170902", "price": "0.97", "size": "52", "side": "SELL", "hash": "39f89529a69a9d001b15465d3cf9f9b1afc9f21d", "best_bid": "0.01", "best_ask": "0.97"}], "timestamp": "1769384295407", "event_type": "price_change"}}
{"_local_timestamp": "2026-01-25T23:38:15.969375+00:00", "data": {"market": "0x780c042865b2018eeb8ddcdec110c6839c6f27a8062b37dded79501920250afe", "price_changes": [{"asset_id": "96548263188568861225971459083251184634804319351377359745128053937517313229246", "price": "0.01", "size": "100", "side": "BUY", "hash": "00b049b7c8064e95aadb75374f52a190786b0db6", "best_bid": "0.01", "best_ask": "0.92"}, {"asset_id": "79287164977737814011242460177248792416483317253936439908020481835936787513608", "price": "0.99", "size": "100", "side": "SELL", "hash": "edcb85fe180953f6bcec1c6c895cc6a3abfb4fe1", "best_bid": "0.08", "best_ask": "0.99"}], "timestamp": "1769384295900", "event_type": "price_change"}}
{"_local_timestamp": "2026-01-25T23:38:15.969898+00:00", "data": {"market": "0x780c042865b2018eeb8ddcdec110c6839c6f27a8062b37dded79501920250afe", "price_changes": [{"asset_id": "96548263188568861225971459083251184634804319351377359745128053937517313229246", "price": "0.02", "size": "0", "side": "BUY", "hash": "00b049b7c8064e95aadb75374f52a190786b0db6", "best_bid": "0.01", "best_ask": "0.92"}, {"asset_id": "79287164977737814011242460177248792416483317253936439908020481835936787513608", "price": "0.98", "size": "0", "side": "SELL", "hash": "edcb85fe180953f6bcec1c6c895cc6a3abfb4fe1", "best_bid": "0.08", "best_ask": "0.99"}], "timestamp": "1769384295900", "event_type": "price_change"}}
{"_local_timestamp": "2026-01-25T23:38:16.244280+00:00", "data": {"market": "0x780c042865b2018eeb8ddcdec110c6839c6f27a8062b37dded79501920250afe", "price_changes": [{"asset_id": "96548263188568861225971459083251184634804319351377359745128053937517313229246", "price": "0.03", "size": "208", "side": "BUY", "hash": "40aa414ce5f4d8d47f866e6d2f32c4e646960c7a", "best_bid": "0.03", "best_ask": "0.92"}, {"asset_id": "79287164977737814011242460177248792416483317253936439908020481835936787513608", "price": "0.97", "size": "208", "side": "SELL", "hash": "0262835a40baea298a33ad25eaa50b9d1c657fe0", "best_bid": "0.08", "best_ask": "0.97"}], "timestamp": "1769384296178", "event_type": "price_change"}}
{"_local_timestamp": "2026-01-25T23:38:16.924412+00:00", "data": {"market": "0x1feaf4097b273ee90aea00fdc5afa9ec6e14b518caf2ddbc421851bef1bdc168", "price_changes": [{"asset_id": "18882795016423351779855047017846676160725151167446687947380948164302842014020", "price": "0.03", "size": "25.54", "side": "BUY", "hash": "e070cd40ed90cc95be8b587df023969f76c123e3", "best_bid": "0.38", "best_ask": "0.56"}, {"asset_id": "22033330904498269999207988435951609926608006932357150385292796096528006231715", "price": "0.97", "size": "25.54", "side": "SELL", "hash": "f6d2cde48ab4cbf39a97fd3ceef7a8432cae6cbd", "best_bid": "0.44", "best_ask": "0.62"}], "timestamp": "1769384296853", "event_type": "price_change"}}
{"_local_timestamp": "2026-01-25T23:38:16.928382+00:00", "data": {"market": "0xdbe51bbd40ca77053fd794ac247cd2d07a150921accdd624f9f345fbc63db48b", "price_changes": [{"asset_id": "36448007855605050896824786938032039502111327633212361142790079215548046414522", "price": "0.02", "size": "0", "side": "BUY", "hash": "833da16ed0f4894b6c40bfe0bb1feca4cfd548e6", "best_bid": "0.03", "best_ask": "0.99"}, {"asset_id": "87345926905556212316847105466061439969543894768822947485860245095466364170902", "price": "0.98", "size": "0", "side": "SELL", "hash": "8f8f42dab1c57a2efe402d9f546bd7b0ada0a4c6", "best_bid": "0.01", "best_ask": "0.97"}], "timestamp": "1769384296853", "event_type": "price_change"}}
{"_local_timestamp": "2026-01-25T23:38:16.933479+00:00", "data": {"market": "0x1feaf4097b273ee90aea00fdc5afa9ec6e14b518caf2ddbc421851bef1bdc168", "price_changes": [{"asset_id": "22033330904498269999207988435951609926608006932357150385292796096528006231715", "price": "0.02", "size": "0", "side": "BUY", "hash": "ceb7e8832535fec8ac2f30346e527c669f5b0db6", "best_bid": "0.44", "best_ask": "0.62"}, {"asset_id": "18882795016423351779855047017846676160725151167446687947380948164302842014020", "price": "0.98", "size": "0", "side": "SELL", "hash": "214775817b0b268fec77790cb44bbdfd631404e8", "best_bid": "0.38", "best_ask": "0.56"}], "timestamp": "1769384296853", "event_type": "price_change"}}
{"_local_timestamp": "2026-01-25T23:38:16.971795+00:00", "data": {"market": "0xdbe51bbd40ca77053fd794ac247cd2d07a150921accdd624f9f345fbc63db48b", "price_changes": [{"asset_id": "36448007855605050896824786938032039502111327633212361142790079215548046414522", "price": "0.04", "size": "5.47", "side": "BUY", "hash": "68beb74f007390fecddd5b5d1611be7df2ae2de6", "best_bid": "0.04", "best_ask": "0.99"}, {"asset_id": "87345926905556212316847105466061439969543894768822947485860245095466364170902", "price": "0.96", "size": "5.47", "side": "SELL", "hash": "a7ab02a59369f306eb9fe8e39a3b82529ebcfd89", "best_bid": "0.01", "best_ask": "0.96"}], "timestamp": "1769384296903", "event_type": "price_change"}}
{"_local_timestamp": "2026-01-25T23:38:18.499518+00:00", "data": {"market": "0x780c042865b2018eeb8ddcdec110c6839c6f27a8062b37dded79501920250afe", "price_changes": [{"asset_id": "96548263188568861225971459083251184634804319351377359745128053937517313229246", "price": "0.03", "size": "0", "side": "BUY", "hash": "e3c9fd850d32dec91dd55d6b6e167f99957a7120", "best_bid": "0.01", "best_ask": "0.92"}, {"asset_id": "79287164977737814011242460177248792416483317253936439908020481835936787513608", "price": "0.97", "size": "0", "side": "SELL", "hash": "aedb2fc8ba44a45aa3003e0c508ebd176f656881", "best_bid": "0.08", "best_ask": "0.99"}], "timestamp": "1769384298430", "event_type": "price_change"}}
{"_local_timestamp": "2026-01-25T23:38:18.528906+00:00", "data": {"market": "0x780c042865b2018eeb8ddcdec110c6839c6f27a8062b37dded79501920250afe", "price_changes": [{"asset_id": "96548263188568861225971459083251184634804319351377359745128053937517313229246", "price": "0.02", "size": "159", "side": "BUY", "hash": "a33d500178a370c73b51d37cb50624ee2bc47753", "best_bid": "0.02", "best_ask": "0.92"}, {"asset_id": "79287164977737814011242460177248792416483317253936439908020481835936787513608", "price": "0.98", "size": "159", "side": "SELL", "hash": "fc58555585db3d32cac99f076ecaa196ce33c811", "best_bid": "0.08", "best_ask": "0.98"}], "timestamp": "1769384298460", "event_type": "price_change"}}
{"_local_timestamp": "2026-01-25T23:38:18.772046+00:00", "data": {"market": "0xdbe51bbd40ca77053fd794ac247cd2d07a150921accdd624f9f345fbc63db48b", "price_changes": [{"asset_id": "36448007855605050896824786938032039502111327633212361142790079215548046414522", "price": "0.03", "size": "0", "side": "BUY", "hash": "0a0a6034f1cd055b75589f320e6f6edb953a0e71", "best_bid": "0.04", "best_ask": "0.99"}, {"asset_id": "87345926905556212316847105466061439969543894768822947485860245095466364170902", "price": "0.97", "size": "0", "side": "SELL", "hash": "ef9eb4a38f8d8ce16dcfe16601336ee72df05109", "best_bid": "0.01", "best_ask": "0.96"}], "timestamp": "1769384298698", "event_type": "price_change"}}
{"_local_timestamp": "2026-01-25T23:38:19.829049+00:00", "data": {"market": "0x780c042865b2018eeb8ddcdec110c6839c6f27a8062b37dded79501920250afe", "price_changes": [{"asset_id": "96548263188568861225971459083251184634804319351377359745128053937517313229246", "price": "0.02", "size": "0", "side": "BUY", "hash": "12a55d3ca2bdc589b1a8cd918d3e6a5ad6044260", "best_bid": "0.01", "best_ask": "0.92"}, {"asset_id": "79287164977737814011242460177248792416483317253936439908020481835936787513608", "price": "0.98", "size": "0", "side": "SELL", "hash": "8d5d8b0ee4b6c5c07e33c666fd579fd482f0277c", "best_bid": "0.08", "best_ask": "0.99"}], "timestamp": "1769384299758", "event_type": "price_change"}}
{"_local_timestamp": "2026-01-25T23:38:19.829569+00:00", "data": {"market": "0x1feaf4097b273ee90aea00fdc5afa9ec6e14b518caf2ddbc421851bef1bdc168", "price_changes": [{"asset_id": "22033330904498269999207988435951609926608006932357150385292796096528006231715", "price": "0.1", "size": "0", "side": "BUY", "hash": "24a401399afa2c22c5af78d95442d5ba613e3e3f", "best_bid": "0.44", "best_ask": "0.62"}, {"asset_id": "18882795016423351779855047017846676160725151167446687947380948164302842014020", "price": "0.9", "size": "0", "side": "SELL", "hash": "b6c5da5f1041f293c9bc1c6961d1c6e20fcc729f", "best_bid": "0.38", "best_ask": "0.56"}], "timestamp": "1769384299759", "event_type": "price_change"}}
{"_local_timestamp": "2026-01-25T23:38:19.830012+00:00", "data": {"market": "0x1feaf4097b273ee90aea00fdc5afa9ec6e14b518caf2ddbc421851bef1bdc168", "price_changes": [{"asset_id": "18882795016423351779855047017846676160725151167446687947380948164302842014020", "price": "0.38", "size": "0", "side": "BUY", "hash": "f4589e47934129b8788a051774d40c98bb8b1be9", "best_bid": "0.03", "best_ask": "0.56"}, {"asset_id": "22033330904498269999207988435951609926608006932357150385292796096528006231715", "price": "0.62", "size": "0", "side": "SELL", "hash": "3fb0f2241698b399aa41173ed5dc55763027e374", "best_bid": "0.44", "best_ask": "0.97"}], "timestamp": "1769384299760", "event_type": "price_change"}}
{"_local_timestamp": "2026-01-25T23:38:19.833238+00:00", "data": {"market": "0x780c042865b2018eeb8ddcdec110c6839c6f27a8062b37dded79501920250afe", "price_changes": [{"asset_id": "79287164977737814011242460177248792416483317253936439908020481835936787513608", "price": "0.08", "size": "0", "side": "BUY", "hash": "093cd42a09e9d5fa576ce84a5246597a6e59a0a2", "best_bid": "0.03", "best_ask": "0.99"}, {"asset_id": "96548263188568861225971459083251184634804319351377359745128053937517313229246", "price": "0.92", "size": "0", "side": "SELL", "hash": "1743c7312fb4c5b10468ee77da0ce690d0260717", "best_bid": "0.01", "best_ask": "0.97"}], "timestamp": "1769384299765", "event_type": "price_change"}}
{"_local_timestamp": "2026-01-25T23:38:19.876326+00:00", "data": {"market": "0x1feaf4097b273ee90aea00fdc5afa9ec6e14b518caf2ddbc421851bef1bdc168", "price_changes": [{"asset_id": "22033330904498269999207988435951609926608006932357150385292796096528006231715", "price": "0.1", "size": "35", "side": "BUY", "hash": "00d9f739ca3ea91005fb21ff19d5568e71c677d9", "best_bid": "0.44", "best_ask": "0.97"}, {"asset_id": "18882795016423351779855047017846676160725151167446687947380948164302842014020", "price": "0.9", "size": "35", "side": "SELL", "hash": "f58a1d46dbf246bdc8762e713713c18079e709c8", "best_bid": "0.03", "best_ask": "0.56"}], "timestamp": "1769384299812", "event_type": "price_change"}}
{"_local_timestamp": "2026-01-25T23:38:20.263234+00:00", "data": {"market": "0xdbe51bbd40ca77053fd794ac247cd2d07a150921accdd624f9f345fbc63db48b", "price_changes": [{"asset_id": "36448007855605050896824786938032039502111327633212361142790079215548046414522", "price": "0.04", "size": "30.47", "side": "BUY", "hash": "32dd8e23dba9975db467e58e25f9c5f785cb7788", "best_bid": "0.04", "best_ask": "0.99"}, {"asset_id": "87345926905556212316847105466061439969543894768822947485860245095466364170902", "price": "0.96", "size": "30.47", "side": "SELL", "hash": "9f87288e75190a5247bc532c0371c1871d885a14", "best_bid": "0.01", "best_ask": "0.96"}], "timestamp": "1769384300195", "event_type": "price_change"}}
{"_local_timestamp": "2026-01-25T23:38:20.368753+00:00", "data": {"market": "0xdbe51bbd40ca77053fd794ac247cd2d07a150921accdd624f9f345fbc63db48b", "price_changes": [{"asset_id": "36448007855605050896824786938032039502111327633212361142790079215548046414522", "price": "0.04", "size": "25", "side": "BUY", "hash": "d3216ed52a4e5da07acc21e3a8a1dfd19149f2c0", "best_bid": "0.04", "best_ask": "0.99"}, {"asset_id": "87345926905556212316847105466061439969543894768822947485860245095466364170902", "price": "0.96", "size": "25", "side": "SELL", "hash": "47695d85c6972e75811686715799656df4bf8237", "best_bid": "0.01", "best_ask": "0.96"}], "timestamp": "1769384300301", "event_type": "price_change"}}
{"_local_timestamp": "2026-01-25T23:38:20.411202+00:00", "data": {"market": "0xdbe51bbd40ca77053fd794ac247cd2d07a150921accdd624f9f345fbc63db48b", "price_changes": [{"asset_id": "36448007855605050896824786938032039502111327633212361142790079215548046414522", "price": "0.02", "size": "5.47", "side": "BUY", "hash": "68ea7e91fb612baed91f90cc80fc6f2e3526016f", "best_bid": "0.04", "best_ask": "0.99"}, {"asset_id": "87345926905556212316847105466061439969543894768822947485860245095466364170902", "price": "0.98", "size": "5.47", "side": "SELL", "hash": "a77285c97ba8f610ce0b99d24815ccd69c43ea72", "best_bid": "0.01", "best_ask": "0.96"}], "timestamp": "1769384300336", "event_type": "price_change"}}
