{"_local_timestamp": "2026-01-25T23:41:19.562201+00:00", "data": [{"market": "0x9b8c29fe3c0e4f18c06da89d3275cdd7f4cda06f518b798750d004e9c8ea5f34", "asset_id": "88260707443097048845311982556704511965555954502840169241198357020586831590606", "timestamp": "1769384175400", "hash": "613fc2e4ed6e3c6224aac99623835ba651f22d01", "bids": [{"price": "0.01", "size": "546.93"}, {"price": "0.02", "size": "433.16"}, {"price": "0.03", "size": "15.21"}, {"price": "0.04", "size": "675"}, {"price": "0.05", "size": "175"}, {"price": "0.06", "size": "6.83"}, {"price": "0.08", "size": "79"}, {"price": "0.1", "size": "8.01"}, {"price": "0.13", "size": "10"}], "asks": [{"price": "0.99", "size": "730"}, {"price": "0.98", "size": "650"}, {"price": "0.97", "size": "266"}, {"price": "0.96", "size": "107"}, {"price": "0.95", "size": "48"}, {"price": "0.94", "size": "11.56"}], "event_type": "book", "last_trade_price": ""}, {"market": "0xe2e11aa5d4ef9b2666831394a72748a188469c50b0dc530b8d6a2e1988917b60", "asset_id": "96977504583350227579307473183654543613641658239759207112934054835303173582325", "timestamp": "1769384265372", "hash": "e03e0f784481d4767d1e17843155dcafc394e27b", "bids": [{"price": "0.01", "size": "546.53"}, {"price": "0.02", "size": "435.42"}, {"price": "0.03", "size": "13.08"}, {"price": "0.04", "size": "675"}, {"price": "0.05", "size": "175"}, {"price": "0.06", "size": "6.96"}, {"price": "0.08", "size": "79"}, {"price": "0.09", "size": "48.06"}, {"price": "0.13", "size": "10"}], "asks": [{"price": "0.99", "size": "730"}, {"price": "0.98", "size": "650"}, {"price": "0.97", "size": "266"}, {"price": "0.96", "size": "107"}, {"price": "0.95", "size": "47.2"}, {"price": "0.94", "size": "16.07"}], "event_type": "book", "last_trade_price": ""}, {"market": "0x9b8c29fe3c0e4f18c06da89d3275cdd7f4cda06f518b798750d004e9c8ea5f34", "asset_id": "112858064644203117854572390534453153301888626567547687954288159056681598759628", "timestamp": "1769384175400", "hash": "c875eb43c04f021c47c154fef9d6ef42df5f0c08", "bids": [{"price": "0.01", "size": "730"}, {"price": "0.02", "size": "650"}, {"price": "0.03", "size": "266"}, {"price": "0.04", "size": "107"}, {"price": "0.05", "size": "48"}, {"price": "0.06", "size": "11.56"}], "asks": [{"price": "0.99", "size": "546.93"}, {"price": "0.98", "size": "433.16"}, {"price": "0.97", "size": "15.21"}, {"price": "0.96", "size": "675"}, {"price": "0.95", "size": "175"}, {"price": "0.94", "size": "6.83"}, {"price": "0.92", "size": "79"}, {"price": "0.9", "size": "8.01"}, {"price": "0.87", "size": "10"}], "event_type": "book", "last_trade_price": ""}, {"market": "0x413810ccd44b63ed99c60da4de51610c0c5e82785e1ab02214368e187e3ed7ea", "asset_id": "6406771413838335822452347445771178288436944329566734980152197025297714167001", "timestamp": "1769384265372", "hash": "faa92e81d3b15a0eb0af9fd908646035484a731a", "bids": [{"price": "0.01", "size": "546.53"}, {"price": "0.02", "size": "435.42"}, {"price": "0.03", "size": "13.08"}, {"price": "0.04", "size": "675"}, {"price": "0.05", "size": "175"}, {"price": "0.06", "size": "6.96"}, {"price": "0.08", "size": "79"}, {"price": "0.09", "size": "48.06"}, {"price": "0.13", "size": "10"}], "asks": [{"price": "0.99", "size": "730"}, {"price": "0.98", "size": "650"}, {"price": "0.97", "size": "266"}, {"price": "0.96", "size": "107"}, {"price": "0.95", "size": "48"}, {"price": "0.94", "size": "11.56"}], "event_type": "book", "last_trade_price": ""}, {"market": "0x413810ccd44b63ed99c60da4de51610c0c5e82785e1ab02214368e187e3ed7ea", "asset_id": "24545277958709152492527172772944305645026816527237891370329420622365323024659", "timestamp": "1769384265372", "hash": "4e957ff0cdc1578f5b42f4de6371695a05c2b547", "bids": [{"price": "0.01", "size": "730"}, {"price": "0.02", "size": "650"}, {"price": "0.03", "size": "266"}, {"price": "0.04", "size": "107"}, {"price": "0.05", "size": "48"}, {"price": "0.06", "size": "11.56"}], "asks": [{"price": "0.99", "size": "546.53"}, {"price": "0.98", "size": "435.42"}, {"price": "0.97", "size": "13.08"}, {"price": "0.96", "size": "675"}, {"price": "0.95", "size": "175"}, {"price": "0.94", "size": "6.96"}, {"price": "0.92", "size": "79"}, {"price": "0.91", "size": "48.06"}, {"price": "0.87", "size": "10"}], "event_type": "book", "last_trade_price": ""}, {"market": "0xe2e11aa5d4ef9b2666831394a72748a188469c50b0dc530b8d6a2e1988917b60", "asset_id": "3594752250259241488378266680766904398826283851912992598355770380020586974920", "timestamp": "1769384265372", "hash": "216500a7e9bd7cee687f64e865fd4bd394a93503", "bids": [{"price": "0.01", "size": "730"}, {"price": "0.02", "size": "650"}, {"price": "0.03", "size": "266"}, {"price": "0.04", "size": "107"}, {"price": "0.05", "size": "47.2"}, {"price": "0.06", "size": "16.07"}], "asks": [{"price": "0.99", "size": "546.53"}, {"price": "0.98", "size": "435.42"}, {"price": "0.97", "size": "13.08"}, {"price": "0.96", "size": "675"}, {"price": "0.95", "size": "175"}, {"price": "0.94", "size": "6.96"}, {"price": "0.92", "size": "79"}, {"price": "0.91", "size": "48.06"}, {"price": "0.87", "size": "10"}], "event_type": "book", "last_trade_price": ""}]}
{"_local_timestamp": "2026-01-25T23:43:08.155579+00:00", "data": {"market": "0x413810ccd44b63ed99c60da4de51610c0c5e82785e1ab02214368e187e3ed7ea", "price_changes": [{"asset_id": "24545277958709152492527172772944305645026816527237891370329420622365323024659", "price": "0.02", "size": "500", "side": "BUY", "hash": "d68192388efa12a2a7a76e701e82156be04ac838", "best_bid": "0.06", "best_ask": "0.87"}, {"asset_id": "6406771413838335822452347445771178288436944329566734980152197025297714167001", "price": "0.98", "size": "500", "side": "SELL", "hash": "d852736ee995116e3154a507f129dfa29a7ed1d0", "best_bid": "0.13", "best_ask": "0.94"}], "timestamp": "1769384588000", "event_type": "price_change"}}
{"_local_timestamp": "2026-01-25T23:43:12.493772+00:00", "data": {"market": "0x413810ccd44b63ed99c60da4de51610c0c5e82785e1ab02214368e187e3ed7ea", "price_changes": [{"asset_id": "24545277958709152492527172772944305645026816527237891370329420622365323024659", "price": "0.02", "size": "650", "side": "BUY", "hash": "2960a69dc4f5b296d6301f0fb0c8f813d9423647", "best_bid": "0.06", "best_ask": "0.87"}, {"asset_id": "6406771413838335822452347445771178288436944329566734980152197025297714167001", "price": "0.98", "size": "650", "side": "SELL", "hash": "082214347794f2f7c19c483e729198a1690949a6", "best_bid": "0.13", "best_ask": "0.94"}], "timestamp": "1769384592359", "event_type": "price_change"}}
