{"_local_timestamp": "2026-01-25T23:41:19.414946+00:00", "data": [{"market": "0x167b9382efef2d45421a3baa8e9714e95b8ff2b07a634af6cb1976a1c46fd43d", "asset_id": "57812261958109320947585804948025107746700199297727231221029973851471273059014", "timestamp": "1769384234554", "hash": "6665d61f69f31bcc739c2061898a60eb5e87da1e", "bids": [{"price": "0.001", "size": "74.68"}, {"price": "0.002", "size": "7.49"}, {"price": "0.01", "size": "300"}, {"price": "0.011", "size": "169.55"}, {"price": "0.012", "size": "5.01"}, {"price": "0.013", "size": "5.47"}, {"price": "0.97", "size": "994.53"}, {"price": "0.971", "size": "25.47"}], "asks": [], "event_type": "book", "last_trade_price": "0.010"}, {"market": "0x167b9382efef2d45421a3baa8e9714e95b8ff2b07a634af6cb1976a1c46fd43d", "asset_id": "30302919951679516931114910132059485774264097338888581544540632790552606225381", "timestamp": "1769384234554", "hash": "942a0c27c309d09d4da0a16a0feed5996a450fc2", "bids": [], "asks": [{"price": "0.999", "size": "74.68"}, {"price": "0.998", "size": "7.49"}, {"price": "0.99", "size": "300"}, {"price": "0.989", "size": "169.55"}, {"price": "0.988", "size": "5.01"}, {"price": "0.987", "size": "5.47"}, {"price": "0.03", "size": "994.53"}, {"price": "0.029", "size": "25.47"}], "event_type": "book", "last_trade_price": "0.010"}, {"market": "0xd16746c6acba3a9e848889956c0445c687a81ddf8e20f4ec9eeec85a9d913895", "asset_id": "102160281721763287773638395598674620443892670693916948067964313241767675237839", "timestamp": "1769384446001", "hash": "79de9124c989812d6af36c8728032a0b91f509b2", "bids": [{"price": "0.001", "size": "3014.99"}, {"price": "0.002", "size": "14.66"}, {"price": "0.01", "size": "100"}, {"price": "0.011", "size": "5.77"}, {"price": "0.03", "size": "66"}, {"price": "0.031", "size": "25"}, {"price": "0.035", "size": "5.08"}, {"price": "0.036", "size": "5.47"}, {"price": "0.99", "size": "969.53"}, {"price": "0.993", "size": "174.41"}], "asks": [{"price": "0.999", "size": "14.99"}, {"price": "0.998", "size": "110.45"}, {"price": "0.997", "size": "73.37"}], "event_type": "book", "last_trade_price": "0.006"}, {"market": "0x06f7cb5e91d39d5cbdbfe7178d3012e8642190a03614e7ca46afcec347a914fc", "asset_id": "18858230443902809526979157430632665590797672429912418995495491478376269194302", "timestamp": "1769384175404", "hash": "70a9596d11d2e4f01b6e95537bdc703d0949c042", "bids": [], "asks": [{"price": "0.999", "size": "3022.57"}, {"price": "0.998", "size": "33.54"}, {"price": "0.99", "size": "100"}, {"price": "0.989", "size": "25.42"}, {"price": "0.95", "size": "40"}, {"price": "0.948", "size": "21.23"}, {"price": "0.947", "size": "50"}, {"price": "0.9", "size": "5.41"}, {"price": "0.899", "size": "5.47"}, {"price": "0.03", "size": "900.66"}], "event_type": "book", "last_trade_price": "0.001"}, {"market": "0xd16746c6acba3a9e848889956c0445c687a81ddf8e20f4ec9eeec85a9d913895", "asset_id": "13098413062339074296821519941383425391124072498458911348437951295927635869380", "timestamp": "1769384446001", "hash": "eb37702b871d1b5662b26a737d7afea715593d83", "bids": [{"price": "0.001", "size": "14.99"}, {"price": "0.002", "size": "110.45"}, {"price": "0.003", "size": "73.37"}], "asks": [{"price": "0.999", "size": "3014.99"}, {"price": "0.998", "size": "14.66"}, {"price": "0.99", "size": "100"}, {"price": "0.989", "size": "5.77"}, {"price": "0.97", "size": "66"}, {"price": "0.969", "size": "25"}, {"price": "0.965", "size": "5.08"}, {"price": "0.964", "size": "5.47"}, {"price": "0.01", "size": "969.53"}, {"price": "0.007", "size": "174.41"}], "event_type": "book", "last_trade_price": "0.006"}, {"market": "0x06f7cb5e91d39d5cbdbfe7178d3012e8642190a03614e7ca46afcec347a914fc", "asset_id": "30797512881060725796735611959888208083747722242820087804207672592317562808995", "timestamp": "1769384175404", "hash": "b33465376def0de8064c20b500f88b999599a2cd", "bids": [{"price": "0.001", "size": "3022.57"}, {"price": "0.002", "size": "33.54"}, {"price": "0.01", "size": "100"}, {"price": "0.011", "size": "25.42"}, {"price": "0.05", "size": "40"}, {"price": "0.052", "size": "21.23"}, {"price": "0.053", "size": "50"}, {"price": "0.1", "size": "5.41"}, {"price": "0.101", "size": "5.47"}, {"price": "0.97", "size": "900.66"}], "asks": [], "event_type": "book", "last_trade_price": "0.001"}]}
