{"_local_timestamp": "2026-01-25T23:34:13.474683+00:00", "data": [{"market": "0x257b49ef17f9f6e2b3ddc283bd462d25a5b2d95fcc8341a935505fce91c17cef", "asset_id": "90944399550459612990932530046294751863893347646376675554671689469722589958560", "timestamp": "1769383821758", "hash": "f9779a450f11936499f4cd73593f380faf41d568", "bids": [{"price": "0.01", "size": "216.62"}, {"price": "0.02", "size": "159.71"}, {"price": "0.03", "size": "659.88"}, {"price": "0.04", "size": "512"}, {"price": "0.05", "size": "275.65"}, {"price": "0.06", "size": "33"}, {"price": "0.07", "size": "5.54"}, {"price": "0.08", "size": "164"}, {"price": "0.1", "size": "6.61"}, {"price": "0.14", "size": "10"}], "asks": [{"price": "0.99", "size": "614.69"}, {"price": "0.98", "size": "1013.64"}, {"price": "0.97", "size": "66"}, {"price": "0.96", "size": "114.17"}, {"price": "0.94", "size": "55.07"}], "event_type": "book", "last_trade_price": ""}, {"market": "0x257b49ef17f9f6e2b3ddc283bd462d25a5b2d95fcc8341a935505fce91c17cef", "asset_id": "15664891599044652831147182439262857536308543642918189550821987100839175280459", "timestamp": "1769383821758", "hash": "4848e8865c734eaa3d7d2317db24fa4f1d1cad7c", "bids": [{"price": "0.01", "size": "614.69"}, {"price": "0.02", "size": "1013.64"}, {"price": "0.03", "size": "66"}, {"price": "0.04", "size": "114.17"}, {"price": "0.06", "size": "55.07"}], "asks": [{"price": "0.99", "size": "216.62"}, {"price": "0.98", "size": "159.71"}, {"price": "0.97", "size": "659.88"}, {"price": "0.96", "size": "512"}, {"price": "0.95", "size": "275.65"}, {"price": "0.94", "size": "33"}, {"price": "0.93", "size": "5.54"}, {"price": "0.92", "size": "164"}, {"price": "0.9", "size": "6.61"}, {"price": "0.86", "size": "10"}], "event_type": "book", "last_trade_price": ""}, {"market": "0x05d9ff16560d54786d47a90811f455a26602c70bec3e64774aa34b6ef7549281", "asset_id": "14338889484837240382325494406247617102417365815676533879220991246920297172571", "timestamp": "1769382792403", "hash": "9a49c9a7845fe1595b55e69394053cafd4c5cfcf", "bids": [{"price": "0.01", "size": "614.69"}, {"price": "0.02", "size": "813.64"}, {"price": "0.03", "size": "266"}, {"price": "0.04", "size": "239.17"}, {"price": "0.05", "size": "48"}, {"price": "0.06", "size": "11.56"}], "asks": [{"price": "0.99", "size": "424.84"}, {"price": "0.98", "size": "435.42"}, {"price": "0.97", "size": "45.01"}, {"price": "0.96", "size": "512"}, {"price": "0.95", "size": "278.45"}, {"price": "0.94", "size": "33"}, {"price": "0.93", "size": "10.85"}, {"price": "0.92", "size": "39"}, {"price": "0.9", "size": "39"}, {"price": "0.86", "size": "10"}], "event_type": "book", "last_trade_price": ""}, {"market": "0x31cc42247ba38847557d6c73b5d1804f2e80779afed80f789546fc577dcd271a", "asset_id": "115705052949928028100238933747393490061086186633555546451990340301078997939243", "timestamp": "1769382483673", "hash": "9cbe0506870fd863f44f8fafefa965bf5a8cf479", "bids": [{"price": "0.01", "size": "614.69"}, {"price": "0.02", "size": "813.64"}, {"price": "0.03", "size": "266"}, {"price": "0.04", "size": "239.17"}, {"price": "0.05", "size": "48"}, {"price": "0.06", "size": "11.56"}], "asks": [{"price": "0.99", "size": "424.84"}, {"price": "0.98", "size": "435.42"}, {"price": "0.97", "size": "45.01"}, {"price": "0.96", "size": "512"}, {"price": "0.95", "size": "278.45"}, {"price": "0.94", "size": "33"}, {"price": "0.93", "size": "10.85"}, {"price": "0.92", "size": "39"}, {"price": "0.9", "size": "39"}, {"price": "0.86", "size": "10"}], "event_type": "book", "last_trade_price": ""}, {"market": "0x31cc42247ba38847557d6c73b5d1804f2e80779afed80f789546fc577dcd271a", "asset_id": "34203709724417979823007601426283353466072017977340786382307923174873731577199", "timestamp": "1769382483673", "hash": "1010bc5f6980397bc773a9874446f4ba04a872db", "bids": [{"price": "0.01", "size": "424.84"}, {"price": "0.02", "size": "435.42"}, {"price": "0.03", "size": "45.01"}, {"price": "0.04", "size": "512"}, {"price": "0.05", "size": "278.45"}, {"price": "0.06", "size": "33"}, {"price": "0.07", "size": "10.85"}, {"price": "0.08", "size": "39"}, {"price": "0.1", "size": "39"}, {"price": "0.14", "size": "10"}], "asks": [{"price": "0.99", "size": "614.69"}, {"price": "0.98", "size": "813.64"}, {"price": "0.97", "size": "266"}, {"price": "0.96", "size": "239.17"}, {"price": "0.95", "size": "48"}, {"price": "0.94", "size": "11.56"}], "event_type": "book", "last_trade_price": ""}, {"market": "0x05d9ff16560d54786d47a90811f455a26602c70bec3e64774aa34b6ef7549281", "asset_id": "100479099546599696824422991120354033355758928169839616390705192844376134085686", "timestamp": "1769382792403", "hash": "9613e90425f33fb9052ecdcb0cb52dc497dee3f9", "bids": [{"price": "0.01", "size": "424.84"}, {"price": "0.02", "size": "435.42"}, {"price": "0.03", "size": "45.01"}, {"price": "0.04", "size": "512"}, {"price": "0.05", "size": "278.45"}, {"price": "0.06", "size": "33"}, {"price": "0.07", "size": "10.85"}, {"price": "0.08", "size": "39"}, {"price": "0.1", "size": "39"}, {"price": "0.14", "size": "10"}], "asks": [{"price": "0.99", "size": "614.69"}, {"price": "0.98", "size": "813.64"}, {"price": "0.97", "size": "266"}, {"price": "0.96", "size": "239.17"}, {"price": "0.95", "size": "48"}, {"price": "0.94", "size": "11.56"}], "event_type": "book", "last_trade_price": ""}]}
