{"_local_timestamp": "2026-01-25T23:34:13.544842+00:00", "data": [{"market": "0x632bec465445a404499668745d710bfc87d714dedf02457273b8fd10ba6508de", "asset_id": "17392105394679575869426055219908849147729633236427294143476224034824898406887", "timestamp": "1769383367282", "hash": "f15fa3b2c752eeef10f38dd5198083e7dc3dfe35", "bids": [{"price": "0.01", "size": "714.69"}, {"price": "0.02", "size": "1013.64"}, {"price": "0.03", "size": "66"}, {"price": "0.04", "size": "114.17"}, {"price": "0.06", "size": "55.07"}], "asks": [{"price": "0.99", "size": "316.62"}, {"price": "0.98", "size": "159.71"}, {"price": "0.97", "size": "654.7"}, {"price": "0.96", "size": "519.36"}, {"price": "0.95", "size": "270"}, {"price": "0.94", "size": "39.73"}, {"price": "0.92", "size": "164"}, {"price": "0.91", "size": "8.77"}, {"price": "0.86", "size": "10"}], "event_type": "book", "last_trade_price": ""}, {"market": "0x06fdceca3dce723cedfd040da6a006805b73fae634d353b0492ee50894ceaed6", "asset_id": "18649660160930762120024079616161929857491305904597772509692099810752589691699", "timestamp": "1769383371422", "hash": "fb44ebed3abd2cca8286e063bbcd81374eb9d887", "bids": [{"price": "0.01", "size": "324.73"}, {"price": "0.02", "size": "159.71"}, {"price": "0.03", "size": "662.35"}, {"price": "0.04", "size": "512"}, {"price": "0.05", "size": "278.42"}, {"price": "0.06", "size": "33"}, {"price": "0.07", "size": "10.81"}, {"price": "0.08", "size": "85"}, {"price": "0.1", "size": "39"}, {"price": "0.14", "size": "10"}], "asks": [{"price": "0.99", "size": "714.69"}, {"price": "0.98", "size": "813.64"}, {"price": "0.97", "size": "266"}, {"price": "0.96", "size": "239.17"}, {"price": "0.95", "size": "40"}, {"price": "0.94", "size": "5.47"}], "event_type": "book", "last_trade_price": ""}, {"market": "0x632bec465445a404499668745d710bfc87d714dedf02457273b8fd10ba6508de", "asset_id": "103350704891567356823963577429697663834198912334650005752306872162927228152228", "timestamp": "1769383367282", "hash": "f5a2efc8ad3e601eb737d546b8d9ffa2a577ab4b", "bids": [{"price": "0.01", "size": "316.62"}, {"price": "0.02", "size": "159.71"}, {"price": "0.03", "size": "654.7"}, {"price": "0.04", "size": "519.36"}, {"price": "0.05", "size": "270"}, {"price": "0.06", "size": "39.73"}, {"price": "0.08", "size": "164"}, {"price": "0.09", "size": "8.77"}, {"price": "0.14", "size": "10"}], "asks": [{"price": "0.99", "size": "714.69"}, {"price": "0.98", "size": "1013.64"}, {"price": "0.97", "size": "66"}, {"price": "0.96", "size": "114.17"}, {"price": "0.94", "size": "55.07"}], "event_type": "book", "last_trade_price": ""}, {"market": "0x06fdceca3dce723cedfd040da6a006805b73fae634d353b0492ee50894ceaed6", "asset_id": "78663366243144560405538367690011097459734282260826083249773129771165166497991", "timestamp": "1769383371422", "hash": "cccb6bdfc8e70cd2f00549b8fd5465e52aa3c662", "bids": [{"price": "0.01", "size": "714.69"}, {"price": "0.02", "size": "813.64"}, {"price": "0.03", "size": "266"}, {"price": "0.04", "size": "239.17"}, {"price": "0.05", "size": "40"}, {"price": "0.06", "size": "5.47"}], "asks": [{"price": "0.99", "size": "324.73"}, {"price": "0.98", "size": "159.71"}, {"price": "0.97", "size": "662.35"}, {"price": "0.96", "size": "512"}, {"price": "0.95", "size": "278.42"}, {"price": "0.94", "size": "33"}, {"price": "0.93", "size": "10.81"}, {"price": "0.92", "size": "85"}, {"price": "0.9", "size": "39"}, {"price": "0.86", "size": "10"}], "event_type": "book", "last_trade_price": ""}, {"market": "0x44f58c834f30c17c4509eb7f3456bd9a4db8c71e6a573da2d270b8cebe096237", "asset_id": "39976550730294854602707519228491203827809220348466966055947874178844867885139", "timestamp": "1769383375035", "hash": "89b329c039c22f3d4c5084303d9025d7c1d82fca", "bids": [{"price": "0.01", "size": "315.8"}, {"price": "0.02", "size": "159.71"}, {"price": "0.03", "size": "659.91"}, {"price": "0.04", "size": "512"}, {"price": "0.05", "size": "275.69"}, {"price": "0.06", "size": "33"}, {"price": "0.07", "size": "5.57"}, {"price": "0.08", "size": "85"}, {"price": "0.09", "size": "79"}, {"price": "0.1", "size": "6.65"}, {"price": "0.14", "size": "10"}], "asks": [{"price": "0.99", "size": "714.69"}, {"price": "0.98", "size": "813.64"}, {"price": "0.97", "size": "266"}, {"price": "0.96", "size": "239.17"}, {"price": "0.95", "size": "50"}, {"price": "0.94", "size": "13.08"}], "event_type": "book", "last_trade_price": ""}, {"market": "0x44f58c834f30c17c4509eb7f3456bd9a4db8c71e6a573da2d270b8cebe096237", "asset_id": "92608651518730972865163475650902571852170278170612044743411945754370431281914", "timestamp": "1769383375035", "hash": "d7de141892dad6f64a41bf5c653e20377e1e7fab", "bids": [{"price": "0.01", "size": "714.69"}, {"price": "0.02", "size": "813.64"}, {"price": "0.03", "size": "266"}, {"price": "0.04", "size": "239.17"}, {"price": "0.05", "size": "50"}, {"price": "0.06", "size": "13.08"}], "asks": [{"price": "0.99", "size": "315.8"}, {"price": "0.98", "size": "159.71"}, {"price": "0.97", "size": "659.91"}, {"price": "0.96", "size": "512"}, {"price": "0.95", "size": "275.69"}, {"price": "0.94", "size": "33"}, {"price": "0.93", "size": "5.57"}, {"price": "0.92", "size": "85"}, {"price": "0.91", "size": "79"}, {"price": "0.9", "size": "6.65"}, {"price": "0.86", "size": "10"}], "event_type": "book", "last_trade_price": ""}]}
{"_local_timestamp": "2026-01-25T23:34:50.161616+00:00", "data": {"market": "0x06fdceca3dce723cedfd040da6a006805b73fae634d353b0492ee50894ceaed6", "price_changes": [{"asset_id": "18649660160930762120024079616161929857491305904597772509692099810752589691699", "price": "0.01", "size": "300", "side": "BUY", "hash": "968a971a8c0ffe1ecb755d6253aad915954ab072", "best_bid": "0.14", "best_ask": "0.94"}, {"asset_id": "78663366243144560405538367690011097459734282260826083249773129771165166497991", "price": "0.99", "size": "300", "side": "SELL", "hash": "a6c524595cf4351a3bd5c26173c7addbe506c1b9", "best_bid": "0.06", "best_ask": "0.86"}], "timestamp": "1769384090093", "event_type": "price_change"}}
{"_local_timestamp": "2026-01-25T23:34:50.162483+00:00", "data": {"market": "0x06fdceca3dce723cedfd040da6a006805b73fae634d353b0492ee50894ceaed6", "price_changes": [{"asset_id": "18649660160930762120024079616161929857491305904597772509692099810752589691699", "price": "0.05", "size": "270", "side": "BUY", "hash": "968a971a8c0ffe1ecb755d6253aad915954ab072", "best_bid": "0.14", "best_ask": "0.94"}, {"asset_id": "78663366243144560405538367690011097459734282260826083249773129771165166497991", "price": "0.95", "size": "270", "side": "SELL", "hash": "a6c524595cf4351a3bd5c26173c7addbe506c1b9", "best_bid": "0.06", "best_ask": "0.86"}], "timestamp": "1769384090093", "event_type": "price_change"}}
{"_local_timestamp": "2026-01-25T23:34:50.164973+00:00", "data": {"market": "0x06fdceca3dce723cedfd040da6a006805b73fae634d353b0492ee50894ceaed6", "price_changes": [{"asset_id": "18649660160930762120024079616161929857491305904597772509692099810752589691699", "price": "0.07", "size": "0", "side": "BUY", "hash": "968a971a8c0ffe1ecb755d6253aad915954ab072", "best_bid": "0.14", "best_ask": "0.94"}, {"asset_id": "78663366243144560405538367690011097459734282260826083249773129771165166497991", "price": "0.93", "size": "0", "side": "SELL", "hash": "a6c524595cf4351a3bd5c26173c7addbe506c1b9", "best_bid": "0.06", "best_ask": "0.86"}], "timestamp": "1769384090093", "event_type": "price_change"}}
{"_local_timestamp": "2026-01-25T23:34:52.149541+00:00", "data": {"market": "0x06fdceca3dce723cedfd040da6a006805b73fae634d353b0492ee50894ceaed6", "price_changes": [{"asset_id": "18649660160930762120024079616161929857491305904597772509692099810752589691699", "price": "0.05", "size": "278.42", "side": "BUY", "hash": "a817f53bd508a291a691b8586c3a4964d2ff3633", "best_bid": "0.14", "best_ask": "0.94"}, {"asset_id": "78663366243144560405538367690011097459734282260826083249773129771165166497991", "price": "0.95", "size": "278.42", "side": "SELL", "hash": "572ba33c08400748c1a62218531928f448479783", "best_bid": "0.06", "best_ask": "0.86"}], "timestamp": "1769384092035", "event_type": "price_change"}}
{"_local_timestamp": "2026-01-25T23:34:52.149896+00:00", "data": {"market": "0x06fdceca3dce723cedfd040da6a006805b73fae634d353b0492ee50894ceaed6", "price_changes": [{"asset_id": "18649660160930762120024079616161929857491305904597772509692099810752589691699", "price": "0.01", "size": "324.73", "side": "BUY", "hash": "ad000098ef3fbcf3d8a2ffbba403b8edc3a2b100", "best_bid": "0.14", "best_ask": "0.94"}, {"asset_id": "78663366243144560405538367690011097459734282260826083249773129771165166497991", "price": "0.99", "size": "324.73", "side": "SELL", "hash": "f808859b91282b976c006efe6566ab6b9d059466", "best_bid": "0.06", "best_ask": "0.86"}], "timestamp": "1769384092037", "event_type": "price_change"}}
{"_local_timestamp": "2026-01-25T23:34:52.150199+00:00", "data": {"market": "0x06fdceca3dce723cedfd040da6a006805b73fae634d353b0492ee50894ceaed6", "price_changes": [{"asset_id": "18649660160930762120024079616161929857491305904597772509692099810752589691699", "price": "0.07", "size": "10.81", "side": "BUY", "hash": "6e783f9832842f66211c91ebfb2399ba3b48f4cd", "best_bid": "0.14", "best_ask": "0.94"}, {"asset_id": "78663366243144560405538367690011097459734282260826083249773129771165166497991", "price": "0.93", "size": "10.81", "side": "SELL", "hash": "0451e7bc502e0e56017d8943452fb5081ed11e21", "best_bid": "0.06", "best_ask": "0.86"}], "timestamp": "1769384092039", "event_type": "price_change"}}
