{"_local_timestamp": "2026-01-25T23:41:22.561418+00:00", "data": [{"market": "0xe87321f0a07a21b6da0f17ced7b40d13191a6b382cb1f3a61bbab0914126e017", "asset_id": "34137918050891190286886241382362145728027098182176981871455508664365347982236", "timestamp": "1769382484882", "hash": "5bd2d8ae11b1426eb8432d6d5af508a970a84390", "bids": [{"price": "0.01", "size": "552.04"}, {"price": "0.02", "size": "236.48"}, {"price": "0.03", "size": "18.99"}, {"price": "0.04", "size": "29.99"}], "asks": [{"price": "0.99", "size": "550.99"}, {"price": "0.98", "size": "156.69"}, {"price": "0.97", "size": "123.44"}, {"price": "0.95", "size": "14.73"}], "event_type": "book", "last_trade_price": ""}, {"market": "0xe13e074c3e669b8ca911b1625c8176f56b96526528c486c1b5894d3fb57f7885", "asset_id": "100862793880014701817897059395476958865056477753423294568263437384252186509780", "timestamp": "1769384424963", "hash": "63b6557af474a007ca5859b2bdacdf9286d89fff", "bids": [{"price": "0.01", "size": "91136.1"}, {"price": "0.02", "size": "850"}, {"price": "0.03", "size": "6.47"}, {"price": "0.05", "size": "500"}, {"price": "0.09", "size": "600"}, {"price": "0.1", "size": "7"}, {"price": "0.19", "size": "68.42"}, {"price": "0.2", "size": "55"}, {"price": "0.34", "size": "300"}, {"price": "0.35", "size": "83"}, {"price": "0.37", "size": "100"}], "asks": [{"price": "0.99", "size": "91135.75"}, {"price": "0.98", "size": "850"}, {"price": "0.97", "size": "8.38"}, {"price": "0.95", "size": "500"}, {"price": "0.92", "size": "300"}, {"price": "0.91", "size": "7.18"}, {"price": "0.89", "size": "7"}, {"price": "0.77", "size": "56.52"}, {"price": "0.76", "size": "45.83"}, {"price": "0.49", "size": "88"}, {"price": "0.47", "size": "100"}], "event_type": "book", "last_trade_price": ""}, {"market": "0x6b212b1334051305ea22894bfa3d7b29110be137eb8b45fc7259f5cc119f2d19", "asset_id": "103189526515789023430119942275257451859144033893831799252705944837290018991423", "timestamp": "1769382483677", "hash": "5183b88525c7042d47546d7c149cc5a2cd6faf95", "bids": [{"price": "0.01", "size": "644.79"}, {"price": "0.02", "size": "13.72"}, {"price": "0.03", "size": "16"}, {"price": "0.04", "size": "78.21"}, {"price": "0.05", "size": "90"}, {"price": "0.06", "size": "38.48"}], "asks": [{"price": "0.99", "size": "644.79"}, {"price": "0.98", "size": "13.73"}, {"price": "0.96", "size": "6.21"}, {"price": "0.95", "size": "125"}, {"price": "0.94", "size": "43.95"}], "event_type": "book", "last_trade_price": ""}, {"market": "0x380ec1f3641ccd9aed4277d186577daa18b7344cd6a8e71c50706aadde2e0ab7", "asset_id": "114295581566001992191277591254575822403692664995042036720072233514668270437575", "timestamp": "1769382038377", "hash": "3873e0db4daed8bf4713c0f4485ffe048e21b6ab", "bids": [{"price": "0.01", "size": "130"}, {"price": "0.02", "size": "158.01"}, {"price": "0.03", "size": "75"}, {"price": "0.04", "size": "20.99"}, {"price": "0.1", "size": "130"}, {"price": "0.11", "size": "100"}, {"price": "0.18", "size": "100"}], "asks": [{"price": "0.99", "size": "135"}, {"price": "0.98", "size": "850"}, {"price": "0.97", "size": "8.45"}, {"price": "0.95", "size": "500"}, {"price": "0.92", "size": "300"}, {"price": "0.91", "size": "7.73"}, {"price": "0.83", "size": "52"}, {"price": "0.8", "size": "65"}, {"price": "0.79", "size": "52.38"}, {"price": "0.28", "size": "100"}], "event_type": "book", "last_trade_price": ""}, {"market": "0xe13e074c3e669b8ca911b1625c8176f56b96526528c486c1b5894d3fb57f7885", "asset_id": "48313446895939697663545617510480080904460487065592071739649224363779057794902", "timestamp": "1769384424963", "hash": "84caf6e212fbfd832a7829b21590062152d2e195", "bids": [{"price": "0.01", "size": "91135.75"}, {"price": "0.02", "size": "850"}, {"price": "0.03", "size": "8.38"}, {"price": "0.05", "size": "500"}, {"price": "0.08", "size": "300"}, {"price": "0.09", "size": "7.18"}, {"price": "0.11", "size": "7"}, {"price": "0.23", "size": "56.52"}, {"price": "0.24", "size": "45.83"}, {"price": "0.51", "size": "88"}, {"price": "0.53", "size": "100"}], "asks": [{"price": "0.99", "size": "91136.1"}, {"price": "0.98", "size": "850"}, {"price": "0.97", "size": "6.47"}, {"price": "0.95", "size": "500"}, {"price": "0.91", "size": "600"}, {"price": "0.9", "size": "7"}, {"price": "0.81", "size": "68.42"}, {"price": "0.8", "size": "55"}, {"price": "0.66", "size": "300"}, {"price": "0.65", "size": "83"}, {"price": "0.63", "size": "100"}], "event_type": "book", "last_trade_price": ""}, {"market": "0xe87321f0a07a21b6da0f17ced7b40d13191a6b382cb1f3a61bbab0914126e017", "asset_id": "19493194711109859998987176401135519234719627820095574964248347664274832387804", "timestamp": "1769382484882", "hash": "5bbc4d59baec5f12090aa071de39f7ea611b2830", "bids": [{"price": "0.01", "size": "550.99"}, {"price": "0.02", "size": "156.69"}, {"price": "0.03", "size": "123.44"}, {"price": "0.05", "size": "14.73"}], "asks": [{"price": "0.99", "size": "552.04"}, {"price": "0.98", "size": "236.48"}, {"price": "0.97", "size": "18.99"}, {"price": "0.96", "size": "29.99"}], "event_type": "book", "last_trade_price": ""}, {"market": "0x6b212b1334051305ea22894bfa3d7b29110be137eb8b45fc7259f5cc119f2d19", "asset_id": "114947833010047042928551463855869442074981100037563595626218242160099800571581", "timestamp": "1769382483677", "hash": "3484e399db6d71555932e64f5ea0d0df5a03b6d4", "bids": [{"price": "0.01", "size": "644.79"}, {"price": "0.02", "size": "13.73"}, {"price": "0.04", "size": "6.21"}, {"price": "0.05", "size": "125"}, {"price": "0.06", "size": "43.95"}], "asks": [{"price": "0.99", "size": "644.79"}, {"price": "0.98", "size": "13.72"}, {"price": "0.97", "size": "16"}, {"price": "0.96", "size": "78.21"}, {"price": "0.95", "size": "90"}, {"price": "0.94", "size": "38.48"}], "event_type": "book", "last_trade_price": ""}, {"market": "0x380ec1f3641ccd9aed4277d186577daa18b7344cd6a8e71c50706aadde2e0ab7", "asset_id": "71420066760910706508316591169401991826089233441322223557808055071642368460545", "timestamp": "1769382038377", "hash": "5ad574340415c8f4bd8bc451ea10beb2806bd82f", "bids": [{"price": "0.01", "size": "135"}, {"price": "0.02", "size": "850"}, {"price": "0.03", "size": "8.45"}, {"price": "0.05", "size": "500"}, {"price": "0.08", "size": "300"}, {"price": "0.09", "size": "7.73"}, {"price": "0.17", "size": "52"}, {"price": "0.2", "size": "65"}, {"price": "0.21", "size": "52.38"}, {"price": "0.72", "size": "100"}], "asks": [{"price": "0.99", "size": "130"}, {"price": "0.98", "size": "158.01"}, {"price": "0.97", "size": "75"}, {"price": "0.96", "size": "20.99"}, {"price": "0.9", "size": "130"}, {"price": "0.89", "size": "100"}, {"price": "0.82", "size": "100"}], "event_type": "book", "last_trade_price": ""}, {"market": "0x2a39aad1ea9ed3701971bfed8714596283ffef42d588808ed61070a100c1017d", "asset_id": "4669748913075649953910206129467134058934407939260529910003318005483926133987", "timestamp": "1769384424942", "hash": "c70d44a8cf59425d69db0b256a10fa19a4c3d24d", "bids": [{"price": "0.01", "size": "139.5"}, {"price": "0.02", "size": "850"}, {"price": "0.03", "size": "12.94"}, {"price": "0.05", "size": "10"}, {"price": "0.06", "size": "8.61"}, {"price": "0.17", "size": "76.47"}, {"price": "0.18", "size": "61.11"}, {"price": "0.27", "size": "100"}], "asks": [{"price": "0.99", "size": "135.08"}, {"price": "0.98", "size": "855.09"}, {"price": "0.96", "size": "6.43"}, {"price": "0.95", "size": "500"}, {"price": "0.89", "size": "5.36"}, {"price": "0.86", "size": "219"}, {"price": "0.8", "size": "65"}, {"price": "0.79", "size": "52.38"}, {"price": "0.37", "size": "100"}], "event_type": "book", "last_trade_price": ""}, {"market": "0x2a39aad1ea9ed3701971bfed8714596283ffef42d588808ed61070a100c1017d", "asset_id": "82215169447405063669030188172642851126275402584765533501065885290563499641554", "timestamp": "1769384424942", "hash": "226b0e38483f5eeb09dc69d4cd902d8ff0bfa86f", "bids": [{"price": "0.01", "size": "135.08"}, {"price": "0.02", "size": "855.09"}, {"price": "0.04", "size": "6.43"}, {"price": "0.05", "size": "500"}, {"price": "0.11", "size": "5.36"}, {"price": "0.14", "size": "219"}, {"price": "0.2", "size": "65"}, {"price": "0.21", "size": "52.38"}, {"price": "0.63", "size": "100"}], "asks": [{"price": "0.99", "size": "139.5"}, {"price": "0.98", "size": "850"}, {"price": "0.97", "size": "12.94"}, {"price": "0.95", "size": "10"}, {"price": "0.94", "size": "8.61"}, {"price": "0.83", "size": "76.47"}, {"price": "0.82", "size": "61.11"}, {"price": "0.73", "size": "100"}], "event_type": "book", "last_trade_price": ""}]}
{"_local_timestamp": "2026-01-25T23:41:23.745109+00:00", "data": {"market": "0xe13e074c3e669b8ca911b1625c8176f56b96526528c486c1b5894d3fb57f7885", "price_changes": [{"asset_id": "100862793880014701817897059395476958865056477753423294568263437384252186509780", "price": "0.1", "size": "0", "side": "BUY", "hash": "9de182ae069404123fce3d4a9d32b3704c3480f9", "best_bid": "0.37", "best_ask": "0.47"}, {"asset_id": "48313446895939697663545617510480080904460487065592071739649224363779057794902", "price": "0.9", "size": "0", "side": "SELL", "hash": "52823098fd5587f82047a5e225fe9a68b95531b8", "best_bid": "0.53", "best_ask": "0.63"}], "timestamp": "1769384483667", "event_type": "price_change"}}
{"_local_timestamp": "2026-01-25T23:41:24.532488+00:00", "data": {"market": "0xe13e074c3e669b8ca911b1625c8176f56b96526528c486c1b5894d3fb57f7885", "price_changes": [{"asset_id": "100862793880014701817897059395476958865056477753423294568263437384252186509780", "price": "0.1", "size": "7", "side": "BUY", "hash": "bc6e2e020d7281149e4ab91245bd3bd041c9624f", "best_bid": "0.37", "best_ask": "0.47"}, {"asset_id": "48313446895939697663545617510480080904460487065592071739649224363779057794902", "price": "0.9", "size": "7", "side": "SELL", "hash": "e1a5238f6341a3387b1585e437af344e4df2c20b", "best_bid": "0.53", "best_ask": "0.63"}], "timestamp": "1769384484466", "event_type": "price_change"}}
{"_local_timestamp": "2026-01-25T23:41:26.245654+00:00", "data": {"market": "0x6b212b1334051305ea22894bfa3d7b29110be137eb8b45fc7259f5cc119f2d19", "price_changes": [{"asset_id": "114947833010047042928551463855869442074981100037563595626218242160099800571581", "price": "0.04", "size": "0", "side": "BUY", "hash": "b876ceb6ba1cc7c725490ef93922cc0e1ac5d546", "best_bid": "0.06", "best_ask": "0.94"}, {"asset_id": "103189526515789023430119942275257451859144033893831799252705944837290018991423", "price": "0.96", "size": "0", "side": "SELL", "hash": "6661bbb131e3776e09c9f07c4fa3ba1df3287fd6", "best_bid": "0.06", "best_ask": "0.94"}], "timestamp": "1769384486176", "event_type": "price_change"}}
{"_local_timestamp": "2026-01-25T23:41:26.858414+00:00", "data": {"market": "0x6b212b1334051305ea22894bfa3d7b29110be137eb8b45fc7259f5cc119f2d19", "price_changes": [{"asset_id": "114947833010047042928551463855869442074981100037563595626218242160099800571581", "price": "0.02", "size": "26.16", "side": "BUY", "hash": "9b20c28f1cd32dc80a2f4a5995983038cd49a869", "best_bid": "0.06", "best_ask": "0.94"}, {"asset_id": "103189526515789023430119942275257451859144033893831799252705944837290018991423", "price": "0.98", "size": "26.16", "side": "SELL", "hash": "9a954602ef84d6856427586bb7c73ee2199b759e", "best_bid": "0.06", "best_ask": "0.94"}], "timestamp": "1769384486790", "event_type": "price_change"}}
{"_local_timestamp": "2026-01-25T23:41:28.526739+00:00", "data": {"market": "0xe87321f0a07a21b6da0f17ced7b40d13191a6b382cb1f3a61bbab0914126e017", "price_changes": [{"asset_id": "19493194711109859998987176401135519234719627820095574964248347664274832387804", "price": "0.05", "size": "5.47", "side": "BUY", "hash": "a39fd8f3222d836fab54b1fc75fd5b71c5af49b7", "best_bid": "0.05", "best_ask": "0.96"}, {"asset_id": "34137918050891190286886241382362145728027098182176981871455508664365347982236", "price": "0.95", "size": "5.47", "side": "SELL", "hash": "26fcf9e9ff6d207361691e8995c04308f944a5c0", "best_bid": "0.04", "best_ask": "0.95"}], "timestamp": "1769384488456", "event_type": "price_change"}}
{"_local_timestamp": "2026-01-25T23:41:29.296169+00:00", "data": {"market": "0xe87321f0a07a21b6da0f17ced7b40d13191a6b382cb1f3a61bbab0914126e017", "price_changes": [{"asset_id": "19493194711109859998987176401135519234719627820095574964248347664274832387804", "price": "0.04", "size": "11.57", "side": "BUY", "hash": "3de469a9dbf16289ac99b2b99f22035a9f1c531c", "best_bid": "0.05", "best_ask": "0.96"}, {"asset_id": "34137918050891190286886241382362145728027098182176981871455508664365347982236", "price": "0.96", "size": "11.57", "side": "SELL", "hash": "d664da206292aa017a7da84641c67fbbcfc712f0", "best_bid": "0.04", "best_ask": "0.95"}], "timestamp": "1769384489228", "event_type": "price_change"}}
{"_local_timestamp": "2026-01-25T23:41:30.083661+00:00", "data": {"market": "0x2a39aad1ea9ed3701971bfed8714596283ffef42d588808ed61070a100c1017d", "price_changes": [{"asset_id": "82215169447405063669030188172642851126275402584765533501065885290563499641554", "price": "0.04", "size": "0", "side": "BUY", "hash": "1aaf7e25528512751a6274b3de69008cd8873d0a", "best_bid": "0.63", "best_ask": "0.73"}, {"asset_id": "4669748913075649953910206129467134058934407939260529910003318005483926133987", "price": "0.96", "size": "0", "side": "SELL", "hash": "6127e85b88403d091fbdcef6330b2c223650c5e6", "best_bid": "0.27", "best_ask": "0.37"}], "timestamp": "1769384490003", "event_type": "price_change"}}
{"_local_timestamp": "2026-01-25T23:41:30.084085+00:00", "data": {"market": "0x2a39aad1ea9ed3701971bfed8714596283ffef42d588808ed61070a100c1017d", "price_changes": [{"asset_id": "82215169447405063669030188172642851126275402584765533501065885290563499641554", "price": "0.11", "size": "0", "side": "BUY", "hash": "1aaf7e25528512751a6274b3de69008cd8873d0a", "best_bid": "0.63", "best_ask": "0.73"}, {"asset_id": "4669748913075649953910206129467134058934407939260529910003318005483926133987", "price": "0.89", "size": "0", "side": "SELL", "hash": "6127e85b88403d091fbdcef6330b2c223650c5e6", "best_bid": "0.27", "best_ask": "0.37"}], "timestamp": "1769384490003", "event_type": "price_change"}}
{"_local_timestamp": "2026-01-25T23:41:32.466187+00:00", "data": {"market": "0x2a39aad1ea9ed3701971bfed8714596283ffef42d588808ed61070a100c1017d", "price_changes": [{"asset_id": "82215169447405063669030188172642851126275402584765533501065885290563499641554", "price": "0.06", "size": "14.12", "side": "BUY", "hash": "f1c856a384a198d88b7511eae6f79c26a72d9fb3", "best_bid": "0.63", "best_ask": "0.73"}, {"asset_id": "4669748913075649953910206129467134058934407939260529910003318005483926133987", "price": "0.94", "size": "14.12", "side": "SELL", "hash": "ff8ba5b54638c62a6fd897b3db6543ee467d1017", "best_bid": "0.27", "best_ask": "0.37"}], "timestamp": "1769384492396", "event_type": "price_change"}}
