{"_local_timestamp": "2026-01-25T23:34:14.067818+00:00", "data": [{"market": "0x0f357df9d2e79c4f3732fcf16b53c1b58e08118d35da61f1a379cdc2512bf72b", "asset_id": "24007206710549372793631899052092492417234360882059379669566887691596209332013", "timestamp": "1769383382360", "hash": "ef743a79dee0cad22ebc0120d64c59fa9f6ccaff", "bids": [{"price": "0.01", "size": "614.69"}, {"price": "0.02", "size": "788.64"}, {"price": "0.03", "size": "108"}, {"price": "0.04", "size": "6.17"}, {"price": "0.05", "size": "166"}, {"price": "0.06", "size": "55.07"}], "asks": [{"price": "0.99", "size": "621.17"}, {"price": "0.98", "size": "161.27"}, {"price": "0.97", "size": "13.91"}, {"price": "0.96", "size": "325"}, {"price": "0.95", "size": "414.66"}, {"price": "0.94", "size": "108"}, {"price": "0.93", "size": "9.46"}, {"price": "0.92", "size": "91"}, {"price": "0.91", "size": "79"}, {"price": "0.88", "size": "10"}], "event_type": "book", "last_trade_price": ""}, {"market": "0xfa395ae8a53b6fcce3b93cb407866c5e3e415250dcffb179ec1f331151067f27", "asset_id": "39508763322700105765887501601829317020260602130896239977947167095225697346217", "timestamp": "1769383821760", "hash": "6f4ee33b426ee1d0b976f825d86c0bb2dc4ffd5f", "bids": [{"price": "0.01", "size": "619.87"}, {"price": "0.02", "size": "161.27"}, {"price": "0.03", "size": "6.75"}, {"price": "0.04", "size": "525"}, {"price": "0.05", "size": "286.89"}, {"price": "0.06", "size": "33"}, {"price": "0.07", "size": "6.75"}, {"price": "0.09", "size": "6"}, {"price": "0.1", "size": "5.56"}, {"price": "0.11", "size": "39"}, {"price": "0.12", "size": "10"}], "asks": [{"price": "0.99", "size": "614.69"}, {"price": "0.98", "size": "788.64"}, {"price": "0.97", "size": "108"}, {"price": "0.96", "size": "6.17"}, {"price": "0.95", "size": "88"}, {"price": "0.94", "size": "55.07"}], "event_type": "book", "last_trade_price": ""}, {"market": "0x321c734a05273cc4d17067d7b5112602c730e6a87a26e116878badb09b0aef71", "asset_id": "90023737406827701731056515818588269686549884593749683514209267048184510947781", "timestamp": "1769383995874", "hash": "7572f4f6eafa825ebd765bd13b9256c2522e9a26", "bids": [{"price": "0.01", "size": "614.69"}, {"price": "0.02", "size": "663.64"}, {"price": "0.03", "size": "233"}, {"price": "0.04", "size": "22.17"}, {"price": "0.05", "size": "68.57"}, {"price": "0.06", "size": "47.99"}], "asks": [{"price": "0.99", "size": "418.65"}, {"price": "0.98", "size": "435.42"}, {"price": "0.97", "size": "11.01"}, {"price": "0.96", "size": "325"}, {"price": "0.95", "size": "480"}, {"price": "0.94", "size": "33"}, {"price": "0.92", "size": "74"}, {"price": "0.89", "size": "39"}, {"price": "0.87", "size": "10"}], "event_type": "book", "last_trade_price": ""}, {"market": "0x0f357df9d2e79c4f3732fcf16b53c1b58e08118d35da61f1a379cdc2512bf72b", "asset_id": "9326133117166389332036114854196112042771983481178763255111922852267440948225", "timestamp": "1769383382360", "hash": "b95af880185d5d877941340b36dc02dcd83e8977", "bids": [{"price": "0.01", "size": "621.17"}, {"price": "0.02", "size": "161.27"}, {"price": "0.03", "size": "13.91"}, {"price": "0.04", "size": "325"}, {"price": "0.05", "size": "414.66"}, {"price": "0.06", "size": "108"}, {"price": "0.07", "size": "9.46"}, {"price": "0.08", "size": "91"}, {"price": "0.09", "size": "79"}, {"price": "0.12", "size": "10"}], "asks": [{"price": "0.99", "size": "614.69"}, {"price": "0.98", "size": "788.64"}, {"price": "0.97", "size": "108"}, {"price": "0.96", "size": "6.17"}, {"price": "0.95", "size": "166"}, {"price": "0.94", "size": "55.07"}], "event_type": "book", "last_trade_price": ""}, {"market": "0xfa395ae8a53b6fcce3b93cb407866c5e3e415250dcffb179ec1f331151067f27", "asset_id": "34811285348140272483552128249546332546711538947218104687373190425287735009764", "timestamp": "1769383821760", "hash": "897257db4d7353c72327471de5fcd3823f2ade46", "bids": [{"price": "0.01", "size": "614.69"}, {"price": "0.02", "size": "788.64"}, {"price": "0.03", "size": "108"}, {"price": "0.04", "size": "6.17"}, {"price": "0.05", "size": "88"}, {"price": "0.06", "size": "55.07"}], "asks": [{"price": "0.99", "size": "619.87"}, {"price": "0.98", "size": "161.27"}, {"price": "0.97", "size": "6.75"}, {"price": "0.96", "size": "525"}, {"price": "0.95", "size": "286.89"}, {"price": "0.94", "size": "33"}, {"price": "0.93", "size": "6.75"}, {"price": "0.91", "size": "6"}, {"price": "0.9", "size": "5.56"}, {"price": "0.89", "size": "39"}, {"price": "0.88", "size": "10"}], "event_type": "book", "last_trade_price": ""}, {"market": "0x321c734a05273cc4d17067d7b5112602c730e6a87a26e116878badb09b0aef71", "asset_id": "18629540178293633665517185162607119946162911948992951271981493223396608252126", "timestamp": "1769383995874", "hash": "1e829af23f99dc752ad059eb03b1e93675b59604", "bids": [{"price": "0.01", "size": "418.65"}, {"price": "0.02", "size": "435.42"}, {"price": "0.03", "size": "11.01"}, {"price": "0.04", "size": "325"}, {"price": "0.05", "size": "480"}, {"price": "0.06", "size": "33"}, {"price": "0.08", "size": "74"}, {"price": "0.11", "size": "39"}, {"price": "0.13", "size": "10"}], "asks": [{"price": "0.99", "size": "614.69"}, {"price": "0.98", "size": "663.64"}, {"price": "0.97", "size": "233"}, {"price": "0.96", "size": "22.17"}, {"price": "0.95", "size": "68.57"}, {"price": "0.94", "size": "47.99"}], "event_type": "book", "last_trade_price": ""}]}
{"_local_timestamp": "2026-01-25T23:34:38.983705+00:00", "data": {"market": "0x0f357df9d2e79c4f3732fcf16b53c1b58e08118d35da61f1a379cdc2512bf72b", "price_changes": [{"asset_id": "9326133117166389332036114854196112042771983481178763255111922852267440948225", "price": "0.05", "size": "405", "side": "BUY", "hash": "dcc7d6a1fe0de3b68e85e61ea0a48a34ca59d801", "best_bid": "0.12", "best_ask": "0.94"}, {"asset_id": "24007206710549372793631899052092492417234360882059379669566887691596209332013", "price": "0.95", "size": "405", "side": "SELL", "hash": "fd0c0f781553d0dea0babada918f8ea5e19f352d", "best_bid": "0.06", "best_ask": "0.88"}], "timestamp": "1769384078901", "event_type": "price_change"}}
{"_local_timestamp": "2026-01-25T23:34:38.986844+00:00", "data": {"market": "0x0f357df9d2e79c4f3732fcf16b53c1b58e08118d35da61f1a379cdc2512bf72b", "price_changes": [{"asset_id": "9326133117166389332036114854196112042771983481178763255111922852267440948225", "price": "0.07", "size": "0", "side": "BUY", "hash": "dcc7d6a1fe0de3b68e85e61ea0a48a34ca59d801", "best_bid": "0.12", "best_ask": "0.94"}, {"asset_id": "24007206710549372793631899052092492417234360882059379669566887691596209332013", "price": "0.93", "size": "0", "side": "SELL", "hash": "fd0c0f781553d0dea0babada918f8ea5e19f352d", "best_bid": "0.06", "best_ask": "0.88"}], "timestamp": "1769384078901", "event_type": "price_change"}}
{"_local_timestamp": "2026-01-25T23:34:40.630547+00:00", "data": {"market": "0x0f357df9d2e79c4f3732fcf16b53c1b58e08118d35da61f1a379cdc2512bf72b", "price_changes": [{"asset_id": "9326133117166389332036114854196112042771983481178763255111922852267440948225", "price": "0.05", "size": "414.66", "side": "BUY", "hash": "6154fdd65a919d578a0c662c7223951cd0e3d874", "best_bid": "0.12", "best_ask": "0.94"}, {"asset_id": "24007206710549372793631899052092492417234360882059379669566887691596209332013", "price": "0.95", "size": "414.66", "side": "SELL", "hash": "2c8b012ffb10ab247374a8636383a9fe3f180adb", "best_bid": "0.06", "best_ask": "0.88"}], "timestamp": "1769384080474", "event_type": "price_change"}}
{"_local_timestamp": "2026-01-25T23:34:40.680102+00:00", "data": {"market": "0x0f357df9d2e79c4f3732fcf16b53c1b58e08118d35da61f1a379cdc2512bf72b", "price_changes": [{"asset_id": "9326133117166389332036114854196112042771983481178763255111922852267440948225", "price": "0.07", "size": "9.46", "side": "BUY", "hash": "83c74d362008f1dad5ca90f4c25509b7436ce7c0", "best_bid": "0.12", "best_ask": "0.94"}, {"asset_id": "24007206710549372793631899052092492417234360882059379669566887691596209332013", "price": "0.93", "size": "9.46", "side": "SELL", "hash": "abe1779bedbed86f255bedc9983d9d1e5d4cac3d", "best_bid": "0.06", "best_ask": "0.88"}], "timestamp": "1769384080476", "event_type": "price_change"}}
