{"_local_timestamp": "2026-01-25T23:34:13.367718+00:00", "data": [{"market": "0x4b5b8031c06866d31e4b624a9ad2574b165500a0d7ed516a3e75afe43f8b4264", "asset_id": "6915003249183056968535444250022230938484800104639417541988475473917648928389", "timestamp": "1769384029291", "hash": "d8e2cebc56de0678c51794253013f14044616e11", "bids": [{"price": "0.01", "size": "340.03"}, {"price": "0.02", "size": "150"}, {"price": "0.03", "size": "5.76"}, {"price": "0.04", "size": "1325"}, {"price": "0.05", "size": "175"}, {"price": "0.06", "size": "33"}, {"price": "0.07", "size": "5.61"}, {"price": "0.09", "size": "144.44"}, {"price": "0.1", "size": "110"}, {"price": "0.12", "size": "270"}, {"price": "0.21", "size": "10"}, {"price": "0.27", "size": "100"}], "asks": [{"price": "0.99", "size": "342.2"}, {"price": "0.98", "size": "850"}, {"price": "0.97", "size": "8.94"}, {"price": "0.95", "size": "20"}, {"price": "0.94", "size": "300"}, {"price": "0.93", "size": "964.28"}, {"price": "0.92", "size": "431.52"}, {"price": "0.91", "size": "75"}, {"price": "0.9", "size": "37"}, {"price": "0.86", "size": "7.14"}, {"price": "0.85", "size": "7.25"}, {"price": "0.78", "size": "10"}, {"price": "0.77", "size": "316.66"}, {"price": "0.37", "size": "100"}], "event_type": "book", "last_trade_price": ""}, {"market": "0xa9e7139c01902bf8d207868fbbc9e7e355baa895ed2bd420ec1e853308dc2ee7", "asset_id": "115713297777186043269157975121831285737052559485313017327432777819637200345378", "timestamp": "1769383888003", "hash": "1c19d7c83519ca4b9588cd668e9f9589376b6ffd", "bids": [{"price": "0.01", "size": "330"}, {"price": "0.02", "size": "159.78"}, {"price": "0.04", "size": "1000"}, {"price": "0.05", "size": "500"}, {"price": "0.06", "size": "33"}, {"price": "0.07", "size": "6.72"}, {"price": "0.1", "size": "130"}, {"price": "0.11", "size": "100"}, {"price": "0.12", "size": "232"}, {"price": "0.29", "size": "10"}, {"price": "0.34", "size": "100"}], "asks": [{"price": "0.99", "size": "342.26"}, {"price": "0.98", "size": "850"}, {"price": "0.97", "size": "11.74"}, {"price": "0.95", "size": "20"}, {"price": "0.94", "size": "1000"}, {"price": "0.93", "size": "385.71"}, {"price": "0.92", "size": "74.71"}, {"price": "0.91", "size": "487"}, {"price": "0.86", "size": "7.14"}, {"price": "0.84", "size": "6.55"}, {"price": "0.78", "size": "168"}, {"price": "0.77", "size": "19"}, {"price": "0.44", "size": "100"}], "event_type": "book", "last_trade_price": ""}, {"market": "0x58d80aec7817b79cd3f098e3dff819519aef670be813a0ac2ebe158628b2f7b4", "asset_id": "103333922742981867026768371397801035949140451192065292667195491039474983871181", "timestamp": "1769383999820", "hash": "0d4b4dac1c540d50035035d69a6b97383a57b73f", "bids": [{"price": "0.01", "size": "344.25"}, {"price": "0.02", "size": "850"}, {"price": "0.03", "size": "12.49"}, {"price": "0.05", "size": "20"}, {"price": "0.07", "size": "800"}, {"price": "0.08", "size": "362.5"}, {"price": "0.09", "size": "130.12"}, {"price": "0.1", "size": "485"}, {"price": "0.11", "size": "92"}, {"price": "0.16", "size": "6.25"}, {"price": "0.17", "size": "6"}, {"price": "0.22", "size": "326.66"}, {"price": "0.23", "size": "79"}, {"price": "0.66", "size": "100"}], "asks": [{"price": "0.99", "size": "341.07"}, {"price": "0.98", "size": "150"}, {"price": "0.97", "size": "306.36"}, {"price": "0.96", "size": "1100"}, {"price": "0.95", "size": "100"}, {"price": "0.94", "size": "33"}, {"price": "0.93", "size": "5.21"}, {"price": "0.92", "size": "162.5"}, {"price": "0.91", "size": "61.11"}, {"price": "0.89", "size": "360"}, {"price": "0.81", "size": "10"}, {"price": "0.76", "size": "100"}], "event_type": "book", "last_trade_price": ""}, {"market": "0x4b5b8031c06866d31e4b624a9ad2574b165500a0d7ed516a3e75afe43f8b4264", "asset_id": "44169528709508476939693995064625769806653881424873210341037890599128228484427", "timestamp": "1769384029291", "hash": "46428ecc544323605ba73e3e7705a0406ca79230", "bids": [{"price": "0.01", "size": "342.2"}, {"price": "0.02", "size": "850"}, {"price": "0.03", "size": "8.94"}, {"price": "0.05", "size": "20"}, {"price": "0.06", "size": "300"}, {"price": "0.07", "size": "964.28"}, {"price": "0.08", "size": "431.52"}, {"price": "0.09", "size": "75"}, {"price": "0.1", "size": "37"}, {"price": "0.14", "size": "7.14"}, {"price": "0.15", "size": "7.25"}, {"price": "0.22", "size": "10"}, {"price": "0.23", "size": "316.66"}, {"price": "0.63", "size": "100"}], "asks": [{"price": "0.99", "size": "340.03"}, {"price": "0.98", "size": "150"}, {"price": "0.97", "size": "5.76"}, {"price": "0.96", "size": "1325"}, {"price": "0.95", "size": "175"}, {"price": "0.94", "size": "33"}, {"price": "0.93", "size": "5.61"}, {"price": "0.91", "size": "144.44"}, {"price": "0.9", "size": "110"}, {"price": "0.88", "size": "270"}, {"price": "0.79", "size": "10"}, {"price": "0.73", "size": "100"}], "event_type": "book", "last_trade_price": ""}, {"market": "0x58d80aec7817b79cd3f098e3dff819519aef670be813a0ac2ebe158628b2f7b4", "asset_id": "22642492798306048791752048001557616292905818790749684489225480888404972194320", "timestamp": "1769383999820", "hash": "aff67cd7a324b2b2289c206e3bfcfa4f7d9257ce", "bids": [{"price": "0.01", "size": "341.07"}, {"price": "0.02", "size": "150"}, {"price": "0.03", "size": "306.36"}, {"price": "0.04", "size": "1100"}, {"price": "0.05", "size": "100"}, {"price": "0.06", "size": "33"}, {"price": "0.07", "size": "5.21"}, {"price": "0.08", "size": "162.5"}, {"price": "0.09", "size": "61.11"}, {"price": "0.11", "size": "360"}, {"price": "0.19", "size": "10"}, {"price": "0.24", "size": "100"}], "asks": [{"price": "0.99", "size": "344.25"}, {"price": "0.98", "size": "850"}, {"price": "0.97", "size": "12.49"}, {"price": "0.95", "size": "20"}, {"price": "0.93", "size": "800"}, {"price": "0.92", "size": "362.5"}, {"price": "0.91", "size": "130.12"}, {"price": "0.9", "size": "485"}, {"price": "0.89", "size": "92"}, {"price": "0.84", "size": "6.25"}, {"price": "0.83", "size": "6"}, {"price": "0.78", "size": "326.66"}, {"price": "0.77", "size": "79"}, {"price": "0.34", "size": "100"}], "event_type": "book", "last_trade_price": ""}, {"market": "0xa9e7139c01902bf8d207868fbbc9e7e355baa895ed2bd420ec1e853308dc2ee7", "asset_id": "86537861710545130038224238037624269258313504758617945682578300417190681758574", "timestamp": "1769383888003", "hash": "71570f00d7b3eceaa551826cbb25e1099d1ae0f9", "bids": [{"price": "0.01", "size": "342.26"}, {"price": "0.02", "size": "850"}, {"price": "0.03", "size": "11.74"}, {"price": "0.05", "size": "20"}, {"price": "0.06", "size": "1000"}, {"price": "0.07", "size": "385.71"}, {"price": "0.08", "size": "74.71"}, {"price": "0.09", "size": "487"}, {"price": "0.14", "size": "7.14"}, {"price": "0.16", "size": "6.55"}, {"price": "0.22", "size": "168"}, {"price": "0.23", "size": "19"}, {"price": "0.56", "size": "100"}], "asks": [{"price": "0.99", "size": "330"}, {"price": "0.98", "size": "159.78"}, {"price": "0.96", "size": "1000"}, {"price": "0.95", "size": "500"}, {"price": "0.94", "size": "33"}, {"price": "0.93", "size": "6.72"}, {"price": "0.9", "size": "130"}, {"price": "0.89", "size": "100"}, {"price": "0.88", "size": "232"}, {"price": "0.71", "size": "10"}, {"price": "0.66", "size": "100"}], "event_type": "book", "last_trade_price": ""}]}
{"_local_timestamp": "2026-01-25T23:34:37.178653+00:00", "data": {"market": "0x4b5b8031c06866d31e4b624a9ad2574b165500a0d7ed516a3e75afe43f8b4264", "price_changes": [{"asset_id": "44169528709508476939693995064625769806653881424873210341037890599128228484427", "price": "0.15", "size": "0", "side": "BUY", "hash": "681cca4378dd089b823d9e11eb115518ad194722", "best_bid": "0.63", "best_ask": "0.73"}, {"asset_id": "6915003249183056968535444250022230938484800104639417541988475473917648928389", "price": "0.85", "size": "0", "side": "SELL", "hash": "efe2de88f7fec3a5e8a88f3e1209fc5dc5ee8217", "best_bid": "0.27", "best_ask": "0.37"}], "timestamp": "1769384077099", "event_type": "price_change"}}
{"_local_timestamp": "2026-01-25T23:34:38.617208+00:00", "data": {"market": "0x4b5b8031c06866d31e4b624a9ad2574b165500a0d7ed516a3e75afe43f8b4264", "price_changes": [{"asset_id": "44169528709508476939693995064625769806653881424873210341037890599128228484427", "price": "0.15", "size": "7.25", "side": "BUY", "hash": "77965b3d2abbb412554dfbd0d8d051866fe056f7", "best_bid": "0.63", "best_ask": "0.73"}, {"asset_id": "6915003249183056968535444250022230938484800104639417541988475473917648928389", "price": "0.85", "size": "7.25", "side": "SELL", "hash": "0ae8f5d2ee1fc136568acc134279b17a840b6bb8", "best_bid": "0.27", "best_ask": "0.37"}], "timestamp": "1769384078533", "event_type": "price_change"}}
{"_local_timestamp": "2026-01-25T23:36:12.599059+00:00", "data": {"market": "0xa9e7139c01902bf8d207868fbbc9e7e355baa895ed2bd420ec1e853308dc2ee7", "price_changes": [{"asset_id": "86537861710545130038224238037624269258313504758617945682578300417190681758574", "price": "0.16", "size": "0", "side": "BUY", "hash": "bcac02a2c758a3a11905e440b5fe321131e9fcf8", "best_bid": "0.56", "best_ask": "0.66"}, {"asset_id": "115713297777186043269157975121831285737052559485313017327432777819637200345378", "price": "0.84", "size": "0", "side": "SELL", "hash": "064a80a2dbc976343198138b6bc5deedc0993ce1", "best_bid": "0.34", "best_ask": "0.44"}], "timestamp": "1769384172533", "event_type": "price_change"}}
{"_local_timestamp": "2026-01-25T23:36:14.052196+00:00", "data": {"market": "0xa9e7139c01902bf8d207868fbbc9e7e355baa895ed2bd420ec1e853308dc2ee7", "price_changes": [{"asset_id": "86537861710545130038224238037624269258313504758617945682578300417190681758574", "price": "0.15", "size": "6.98", "side": "BUY", "hash": "cb0883943fe10c62aa7805b7f0359ad978d58c69", "best_bid": "0.56", "best_ask": "0.66"}, {"asset_id": "115713297777186043269157975121831285737052559485313017327432777819637200345378", "price": "0.85", "size": "6.98", "side": "SELL", "hash": "0be9e6de7281f9d43611874308947e907852407f", "best_bid": "0.34", "best_ask": "0.44"}], "timestamp": "1769384173978", "event_type": "price_change"}}
