{"_local_timestamp": "2026-01-25T23:41:19.523580+00:00", "data": [{"market": "0xfbf05779cbbf5d281d6a9e51d13fba36da85aec374ced8da502ad8cacc19b5e4", "asset_id": "100228698460291132583020143221009971811579077019329886472409358914591728834419", "timestamp": "1769384374868", "hash": "ad51300b08cbeee50883184506c48a8ae0314077", "bids": [{"price": "0.01", "size": "42145.09"}, {"price": "0.02", "size": "44697.33"}, {"price": "0.03", "size": "11.33"}, {"price": "0.05", "size": "6519.11"}, {"price": "0.06", "size": "5999.11"}, {"price": "0.08", "size": "300"}, {"price": "0.09", "size": "16.67"}, {"price": "0.19", "size": "79"}, {"price": "0.63", "size": "100"}, {"price": "0.64", "size": "79"}], "asks": [{"price": "0.99", "size": "85976.44"}, {"price": "0.98", "size": "6699.11"}, {"price": "0.97", "size": "5999.11"}, {"price": "0.8", "size": "10"}, {"price": "0.73", "size": "103.63"}, {"price": "0.72", "size": "100"}], "event_type": "book", "last_trade_price": "0.270"}, {"market": "0xfbf05779cbbf5d281d6a9e51d13fba36da85aec374ced8da502ad8cacc19b5e4", "asset_id": "93697337788704602779579616120202897250549183254628229162583563651539629035220", "timestamp": "1769384374868", "hash": "c397f4e9f7426baf170dff051214568de97c7010", "bids": [{"price": "0.01", "size": "85976.44"}, {"price": "0.02", "size": "6699.11"}, {"price": "0.03", "size": "5999.11"}, {"price": "0.2", "size": "10"}, {"price": "0.27", "size": "103.63"}, {"price": "0.28", "size": "100"}], "asks": [{"price": "0.99", "size": "42145.09"}, {"price": "0.98", "size": "44697.33"}, {"price": "0.97", "size": "11.33"}, {"price": "0.95", "size": "6519.11"}, {"price": "0.94", "size": "5999.11"}, {"price": "0.92", "size": "300"}, {"price": "0.91", "size": "16.67"}, {"price": "0.81", "size": "79"}, {"price": "0.37", "size": "100"}, {"price": "0.36", "size": "79"}], "event_type": "book", "last_trade_price": "0.270"}, {"market": "0x626b59f38e4c3551135ce1543abcd9e9b4e4e26e61e0cebe2f564bb14f2dd6af", "asset_id": "5535075471823340767859198350152413933991966623914208053460771681266427855914", "timestamp": "1769384172430", "hash": "716514f43c5a513c056b544f353ce76bad27f402", "bids": [{"price": "0.01", "size": "1145.35"}, {"price": "0.02", "size": "700"}, {"price": "0.03", "size": "13.15"}, {"price": "0.05", "size": "520"}, {"price": "0.08", "size": "300"}, {"price": "0.09", "size": "5.03"}, {"price": "0.18", "size": "316.66"}, {"price": "0.19", "size": "321.91"}, {"price": "0.67", "size": "100"}], "asks": [{"price": "0.99", "size": "980"}, {"price": "0.98", "size": "700"}, {"price": "0.81", "size": "10"}, {"price": "0.77", "size": "100"}, {"price": "0.74", "size": "100"}], "event_type": "book", "last_trade_price": ""}, {"market": "0x57125a6fc3e50d4a0a3ae97edfa6a5a423ceeaa75165c14f9ec57bbeead67824", "asset_id": "97466397839217672087836211133100301269701565683546363204030550472188238047689", "timestamp": "1769384472729", "hash": "12d485131eb4f5b012ef847597c92b1ddbd39c30", "bids": [{"price": "0.01", "size": "980"}, {"price": "0.02", "size": "700"}, {"price": "0.05", "size": "500"}, {"price": "0.08", "size": "300"}, {"price": "0.29", "size": "10"}, {"price": "0.36", "size": "89.63"}, {"price": "0.38", "size": "400"}, {"price": "0.39", "size": "96.31"}], "asks": [{"price": "0.99", "size": "1096.1"}, {"price": "0.98", "size": "700"}, {"price": "0.97", "size": "12.49"}, {"price": "0.95", "size": "520"}, {"price": "0.92", "size": "300"}, {"price": "0.91", "size": "16.27"}, {"price": "0.46", "size": "100"}, {"price": "0.43", "size": "400"}], "event_type": "book", "last_trade_price": "0.580"}, {"market": "0x626b59f38e4c3551135ce1543abcd9e9b4e4e26e61e0cebe2f564bb14f2dd6af", "asset_id": "46742902247805732600151418163897640403078314266100305709772835357271996763300", "timestamp": "1769384172430", "hash": "b557993cfcdce7c6ce875ddd0fbe54781a0a9470", "bids": [{"price": "0.01", "size": "980"}, {"price": "0.02", "size": "700"}, {"price": "0.19", "size": "10"}, {"price": "0.23", "size": "100"}, {"price": "0.26", "size": "100"}], "asks": [{"price": "0.99", "size": "1145.35"}, {"price": "0.98", "size": "700"}, {"price": "0.97", "size": "13.15"}, {"price": "0.95", "size": "520"}, {"price": "0.92", "size": "300"}, {"price": "0.91", "size": "5.03"}, {"price": "0.82", "size": "316.66"}, {"price": "0.81", "size": "321.91"}, {"price": "0.33", "size": "100"}], "event_type": "book", "last_trade_price": ""}, {"market": "0x57125a6fc3e50d4a0a3ae97edfa6a5a423ceeaa75165c14f9ec57bbeead67824", "asset_id": "9963746526435131885764987765347244111045384273519416273340448914124693044757", "timestamp": "1769384472729", "hash": "c2e45ceffe57eec34cd4db70619c2fb3e7cbe71d", "bids": [{"price": "0.01", "size": "1096.1"}, {"price": "0.02", "size": "700"}, {"price": "0.03", "size": "12.49"}, {"price": "0.05", "size": "520"}, {"price": "0.08", "size": "300"}, {"price": "0.09", "size": "16.27"}, {"price": "0.54", "size": "100"}, {"price": "0.57", "size": "400"}], "asks": [{"price": "0.99", "size": "980"}, {"price": "0.98", "size": "700"}, {"price": "0.95", "size": "500"}, {"price": "0.92", "size": "300"}, {"price": "0.71", "size": "10"}, {"price": "0.64", "size": "89.63"}, {"price": "0.62", "size": "400"}, {"price": "0.61", "size": "96.31"}], "event_type": "book", "last_trade_price": "0.580"}]}
{"_local_timestamp": "2026-01-25T23:41:49.958202+00:00", "data": {"market": "0x57125a6fc3e50d4a0a3ae97edfa6a5a423ceeaa75165c14f9ec57bbeead67824", "price_changes": [{"asset_id": "97466397839217672087836211133100301269701565683546363204030550472188238047689", "price": "0.38", "size": "0", "side": "BUY", "hash": "0d5bd0557a082d83d03af37a89324d4f04f49ec7", "best_bid": "0.39", "best_ask": "0.43"}, {"asset_id": "9963746526435131885764987765347244111045384273519416273340448914124693044757", "price": "0.62", "size": "0", "side": "SELL", "hash": "6fd263e71ece2ca71ebd0ac44ad5c59d0a82794f", "best_bid": "0.57", "best_ask": "0.61"}], "timestamp": "1769384509894", "event_type": "price_change"}}
{"_local_timestamp": "2026-01-25T23:41:50.022001+00:00", "data": {"market": "0x57125a6fc3e50d4a0a3ae97edfa6a5a423ceeaa75165c14f9ec57bbeead67824", "price_changes": [{"asset_id": "97466397839217672087836211133100301269701565683546363204030550472188238047689", "price": "0.38", "size": "400", "side": "BUY", "hash": "cd9b59a48ced11b6831192a5978bc2968e0c2273", "best_bid": "0.39", "best_ask": "0.43"}, {"asset_id": "9963746526435131885764987765347244111045384273519416273340448914124693044757", "price": "0.62", "size": "400", "side": "SELL", "hash": "1b9e5314f5be0468a94658001c9815348a1c976a", "best_bid": "0.57", "best_ask": "0.61"}], "timestamp": "1769384509948", "event_type": "price_change"}}
{"_local_timestamp": "2026-01-25T23:41:53.200135+00:00", "data": {"market": "0xfbf05779cbbf5d281d6a9e51d13fba36da85aec374ced8da502ad8cacc19b5e4", "price_changes": [{"asset_id": "100228698460291132583020143221009971811579077019329886472409358914591728834419", "price": "0.05", "size": "6019.11", "side": "BUY", "hash": "a59cbaed65aacc679f7a427ff5548ea50ee3557c", "best_bid": "0.64", "best_ask": "0.72"}, {"asset_id": "93697337788704602779579616120202897250549183254628229162583563651539629035220", "price": "0.95", "size": "6019.11", "side": "SELL", "hash": "8562c70c8c7b193ae3f5dfa981ae0cf8530cc950", "best_bid": "0.28", "best_ask": "0.36"}], "timestamp": "1769384512935", "event_type": "price_change"}}
{"_local_timestamp": "2026-01-25T23:41:53.200534+00:00", "data": {"market": "0xfbf05779cbbf5d281d6a9e51d13fba36da85aec374ced8da502ad8cacc19b5e4", "price_changes": [{"asset_id": "100228698460291132583020143221009971811579077019329886472409358914591728834419", "price": "0.01", "size": "41345.09", "side": "BUY", "hash": "a59cbaed65aacc679f7a427ff5548ea50ee3557c", "best_bid": "0.64", "best_ask": "0.72"}, {"asset_id": "93697337788704602779579616120202897250549183254628229162583563651539629035220", "price": "0.99", "size": "41345.09", "side": "SELL", "hash": "8562c70c8c7b193ae3f5dfa981ae0cf8530cc950", "best_bid": "0.28", "best_ask": "0.36"}], "timestamp": "1769384512935", "event_type": "price_change"}}
{"_local_timestamp": "2026-01-25T23:41:53.200866+00:00", "data": {"market": "0xfbf05779cbbf5d281d6a9e51d13fba36da85aec374ced8da502ad8cacc19b5e4", "price_changes": [{"asset_id": "93697337788704602779579616120202897250549183254628229162583563651539629035220", "price": "0.01", "size": "85176.44", "side": "BUY", "hash": "f310b02e8b8aceb980edde90e440128b7da763b9", "best_bid": "0.28", "best_ask": "0.36"}, {"asset_id": "100228698460291132583020143221009971811579077019329886472409358914591728834419", "price": "0.99", "size": "85176.44", "side": "SELL", "hash": "e4b506cd5f4a52dbbe328c0fe116af4f2f63f523", "best_bid": "0.64", "best_ask": "0.72"}], "timestamp": "1769384512935", "event_type": "price_change"}}
{"_local_timestamp": "2026-01-25T23:41:53.201191+00:00", "data": {"market": "0xfbf05779cbbf5d281d6a9e51d13fba36da85aec374ced8da502ad8cacc19b5e4", "price_changes": [{"asset_id": "93697337788704602779579616120202897250549183254628229162583563651539629035220", "price": "0.02", "size": "5999.11", "side": "BUY", "hash": "f310b02e8b8aceb980edde90e440128b7da763b9", "best_bid": "0.28", "best_ask": "0.36"}, {"asset_id": "100228698460291132583020143221009971811579077019329886472409358914591728834419", "price": "0.98", "size": "5999.11", "side": "SELL", "hash": "e4b506cd5f4a52dbbe328c0fe116af4f2f63f523", "best_bid": "0.64", "best_ask": "0.72"}], "timestamp": "1769384512935", "event_type": "price_change"}}
{"_local_timestamp": "2026-01-25T23:41:53.321300+00:00", "data": {"market": "0xfbf05779cbbf5d281d6a9e51d13fba36da85aec374ced8da502ad8cacc19b5e4", "price_changes": [{"asset_id": "100228698460291132583020143221009971811579077019329886472409358914591728834419", "price": "0.01", "size": "54344.2", "side": "BUY", "hash": "e650d169af8c477bffc433864d1a7b30bdd3440e", "best_bid": "0.64", "best_ask": "0.72"}, {"asset_id": "93697337788704602779579616120202897250549183254628229162583563651539629035220", "price": "0.99", "size": "54344.2", "side": "SELL", "hash": "28d114fea5fd84d455a6c3d328cda859a62828b4", "best_bid": "0.28", "best_ask": "0.36"}], "timestamp": "1769384513238", "event_type": "price_change"}}
{"_local_timestamp": "2026-01-25T23:41:53.321777+00:00", "data": {"market": "0xfbf05779cbbf5d281d6a9e51d13fba36da85aec374ced8da502ad8cacc19b5e4", "price_changes": [{"asset_id": "100228698460291132583020143221009971811579077019329886472409358914591728834419", "price": "0.01", "size": "60343.31", "side": "BUY", "hash": "1b0fe064320f39e1cceb1004fe429bfd416f8029", "best_bid": "0.64", "best_ask": "0.72"}, {"asset_id": "93697337788704602779579616120202897250549183254628229162583563651539629035220", "price": "0.99", "size": "60343.31", "side": "SELL", "hash": "a869f5edbe45c184508281423a17180a6dfb3342", "best_bid": "0.28", "best_ask": "0.36"}], "timestamp": "1769384513238", "event_type": "price_change"}}
{"_local_timestamp": "2026-01-25T23:41:53.322162+00:00", "data": {"market": "0xfbf05779cbbf5d281d6a9e51d13fba36da85aec374ced8da502ad8cacc19b5e4", "price_changes": [{"asset_id": "100228698460291132583020143221009971811579077019329886472409358914591728834419", "price": "0.01", "size": "85342.42", "side": "BUY", "hash": "1b1d20466f710f1713c1d27073183beaabb89a84", "best_bid": "0.64", "best_ask": "0.72"}, {"asset_id": "93697337788704602779579616120202897250549183254628229162583563651539629035220", "price": "0.99", "size": "85342.42", "side": "SELL", "hash": "db05222ae5f1bbed9be89b8ae75014a620da4d1c", "best_bid": "0.28", "best_ask": "0.36"}], "timestamp": "1769384513239", "event_type": "price_change"}}
{"_local_timestamp": "2026-01-25T23:41:53.338922+00:00", "data": {"market": "0xfbf05779cbbf5d281d6a9e51d13fba36da85aec374ced8da502ad8cacc19b5e4", "price_changes": [{"asset_id": "93697337788704602779579616120202897250549183254628229162583563651539629035220", "price": "0.01", "size": "91175.55", "side": "BUY", "hash": "19f6fcbff3bde87a7365ba2ed049422b51385154", "best_bid": "0.28", "best_ask": "0.36"}, {"asset_id": "100228698460291132583020143221009971811579077019329886472409358914591728834419", "price": "0.99", "size": "91175.55", "side": "SELL", "hash": "da189e45933153dcf4a77153efccced8d6b0b18f", "best_bid": "0.64", "best_ask": "0.72"}], "timestamp": "1769384513276", "event_type": "price_change"}}
{"_local_timestamp": "2026-01-25T23:41:53.349726+00:00", "data": {"market": "0xfbf05779cbbf5d281d6a9e51d13fba36da85aec374ced8da502ad8cacc19b5e4", "price_changes": [{"asset_id": "100228698460291132583020143221009971811579077019329886472409358914591728834419", "price": "0.03", "size": "6010.44", "side": "BUY", "hash": "8f0ccdd8ee87914f27195243ffc3cbf209331079", "best_bid": "0.64", "best_ask": "0.72"}, {"asset_id": "93697337788704602779579616120202897250549183254628229162583563651539629035220", "price": "0.97", "size": "6010.44", "side": "SELL", "hash": "fd438f587ae512ca60af4a991dbb0d9fe9705053", "best_bid": "0.28", "best_ask": "0.36"}], "timestamp": "1769384513277", "event_type": "price_change"}}
{"_local_timestamp": "2026-01-25T23:41:53.350262+00:00", "data": {"market": "0xfbf05779cbbf5d281d6a9e51d13fba36da85aec374ced8da502ad8cacc19b5e4", "price_changes": [{"asset_id": "100228698460291132583020143221009971811579077019329886472409358914591728834419", "price": "0.02", "size": "50696.44", "side": "BUY", "hash": "9434d41176bef5ed0ce45632968252819a7b6fea", "best_bid": "0.64", "best_ask": "0.72"}, {"asset_id": "93697337788704602779579616120202897250549183254628229162583563651539629035220", "price": "0.98", "size": "50696.44", "side": "SELL", "hash": "74e3b05cddb92515541799d26c9bdac0e1beb5b2", "best_bid": "0.28", "best_ask": "0.36"}], "timestamp": "1769384513278", "event_type": "price_change"}}
{"_local_timestamp": "2026-01-25T23:41:53.350850+00:00", "data": {"market": "0xfbf05779cbbf5d281d6a9e51d13fba36da85aec374ced8da502ad8cacc19b5e4", "price_changes": [{"asset_id": "93697337788704602779579616120202897250549183254628229162583563651539629035220", "price": "0.03", "size": "6699.11", "side": "BUY", "hash": "703e17553474ae205d278d79852872e46f983c53", "best_bid": "0.28", "best_ask": "0.36"}, {"asset_id": "100228698460291132583020143221009971811579077019329886472409358914591728834419", "price": "0.97", "size": "6699.11", "side": "SELL", "hash": "411e50c5506d22453cf02b480f179d461d040f04", "best_bid": "0.64", "best_ask": "0.72"}], "timestamp": "1769384513280", "event_type": "price_change"}}
{"_local_timestamp": "2026-01-25T23:41:53.355614+00:00", "data": {"market": "0xfbf05779cbbf5d281d6a9e51d13fba36da85aec374ced8da502ad8cacc19b5e4", "price_changes": [{"asset_id": "100228698460291132583020143221009971811579077019329886472409358914591728834419", "price": "0.06", "size": "6499.11", "side": "BUY", "hash": "f9f0e2baf1de470b6d93e8f318dee65610de0e64", "best_bid": "0.64", "best_ask": "0.72"}, {"asset_id": "93697337788704602779579616120202897250549183254628229162583563651539629035220", "price": "0.94", "size": "6499.11", "side": "SELL", "hash": "9e5ae9255f562e7706662b7e849eb4942303bfe2", "best_bid": "0.28", "best_ask": "0.36"}], "timestamp": "1769384513281", "event_type": "price_change"}}
{"_local_timestamp": "2026-01-25T23:42:33.508890+00:00", "data": {"market": "0x57125a6fc3e50d4a0a3ae97edfa6a5a423ceeaa75165c14f9ec57bbeead67824", "price_changes": [{"asset_id": "9963746526435131885764987765347244111045384273519416273340448914124693044757", "price": "0.58", "size": "5.09", "side": "BUY", "hash": "642cfbc371442fb39c5272ce6bcd4cd53e4ce3ee", "best_bid": "0.58", "best_ask": "0.61"}, {"asset_id": "97466397839217672087836211133100301269701565683546363204030550472188238047689", "price": "0.42", "size": "5.09", "side": "SELL", "hash": "4c036a352b4e7f22bc224fddb48520ef9924ecb1", "best_bid": "0.39", "best_ask": "0.42"}], "timestamp": "1769384553376", "event_type": "price_change"}}
{"_local_timestamp": "2026-01-25T23:42:33.511585+00:00", "data": {"market": "0x57125a6fc3e50d4a0a3ae97edfa6a5a423ceeaa75165c14f9ec57bbeead67824", "price_changes": [{"asset_id": "97466397839217672087836211133100301269701565683546363204030550472188238047689", "price": "0.4", "size": "5.09", "side": "BUY", "hash": "1da577b3b575d3604232ef313658b0d1ffbdc95b", "best_bid": "0.4", "best_ask": "0.42"}, {"asset_id": "9963746526435131885764987765347244111045384273519416273340448914124693044757", "price": "0.6", "size": "5.09", "side": "SELL", "hash": "dff1026a18517f3dcb7f49db80620e490b5623e2", "best_bid": "0.58", "best_ask": "0.6"}], "timestamp": "1769384553377", "event_type": "price_change"}}
{"_local_timestamp": "2026-01-25T23:43:03.546335+00:00", "data": {"market": "0x57125a6fc3e50d4a0a3ae97edfa6a5a423ceeaa75165c14f9ec57bbeead67824", "price_changes": [{"asset_id": "97466397839217672087836211133100301269701565683546363204030550472188238047689", "price": "0.38", "size": "0", "side": "BUY", "hash": "2aba1c0378424d098f6a75517d3ea47118eac7f0", "best_bid": "0.4", "best_ask": "0.42"}, {"asset_id": "9963746526435131885764987765347244111045384273519416273340448914124693044757", "price": "0.62", "size": "0", "side": "SELL", "hash": "b966cb3677f5dc5a9c9a9358048d2da953022b0d", "best_bid": "0.58", "best_ask": "0.6"}], "timestamp": "1769384583405", "event_type": "price_change"}}
{"_local_timestamp": "2026-01-25T23:43:03.623281+00:00", "data": {"market": "0x57125a6fc3e50d4a0a3ae97edfa6a5a423ceeaa75165c14f9ec57bbeead67824", "price_changes": [{"asset_id": "97466397839217672087836211133100301269701565683546363204030550472188238047689", "price": "0.39", "size": "496.31", "side": "BUY", "hash": "9c347fcdb5df4cb1bda0968f4bb445ba1aade467", "best_bid": "0.4", "best_ask": "0.42"}, {"asset_id": "9963746526435131885764987765347244111045384273519416273340448914124693044757", "price": "0.61", "size": "496.31", "side": "SELL", "hash": "b4d5e1df74a56967aa1a49256fdc2a79c7a5f7b6", "best_bid": "0.58", "best_ask": "0.6"}], "timestamp": "1769384583472", "event_type": "price_change"}}
{"_local_timestamp": "2026-01-25T23:43:07.274619+00:00", "data": {"market": "0x57125a6fc3e50d4a0a3ae97edfa6a5a423ceeaa75165c14f9ec57bbeead67824", "price_changes": [{"asset_id": "9963746526435131885764987765347244111045384273519416273340448914124693044757", "price": "0.02", "size": "25699.11", "side": "BUY", "hash": "f55fc745a11c41a0923be8537ac1e83e3514de07", "best_bid": "0.58", "best_ask": "0.6"}, {"asset_id": "97466397839217672087836211133100301269701565683546363204030550472188238047689", "price": "0.98", "size": "25699.11", "side": "SELL", "hash": "9d8074b7de4f527893bc7b892ac0c18ef02bb036", "best_bid": "0.4", "best_ask": "0.42"}], "timestamp": "1769384587129", "event_type": "price_change"}}
{"_local_timestamp": "2026-01-25T23:43:07.275087+00:00", "data": {"market": "0x57125a6fc3e50d4a0a3ae97edfa6a5a423ceeaa75165c14f9ec57bbeead67824", "price_changes": [{"asset_id": "9963746526435131885764987765347244111045384273519416273340448914124693044757", "price": "0.01", "size": "42095.21", "side": "BUY", "hash": "855a573c042ab8fcfe4df5bf817e9f2510ea7c25", "best_bid": "0.58", "best_ask": "0.6"}, {"asset_id": "97466397839217672087836211133100301269701565683546363204030550472188238047689", "price": "0.99", "size": "42095.21", "side": "SELL", "hash": "59ec41ce261667bc43e2e5fd90777c337456d984", "best_bid": "0.4", "best_ask": "0.42"}], "timestamp": "1769384587129", "event_type": "price_change"}}
{"_local_timestamp": "2026-01-25T23:43:07.275636+00:00", "data": {"market": "0x57125a6fc3e50d4a0a3ae97edfa6a5a423ceeaa75165c14f9ec57bbeead67824", "price_changes": [{"asset_id": "9963746526435131885764987765347244111045384273519416273340448914124693044757", "price": "0.06", "size": "5999.11", "side": "BUY", "hash": "6d41848799d02eabc104946bbc911adc0be6be08", "best_bid": "0.58", "best_ask": "0.6"}, {"asset_id": "97466397839217672087836211133100301269701565683546363204030550472188238047689", "price": "0.94", "size": "5999.11", "side": "SELL", "hash": "afe80104d8d09e37f33e7d4cb4ce1dd8368ec219", "best_bid": "0.4", "best_ask": "0.42"}], "timestamp": "1769384587130", "event_type": "price_change"}}
{"_local_timestamp": "2026-01-25T23:43:07.276023+00:00", "data": {"market": "0x57125a6fc3e50d4a0a3ae97edfa6a5a423ceeaa75165c14f9ec57bbeead67824", "price_changes": [{"asset_id": "9963746526435131885764987765347244111045384273519416273340448914124693044757", "price": "0.02", "size": "38698.22", "side": "BUY", "hash": "4330c20a8aa22814089acbe34df17f8786f379c7", "best_bid": "0.58", "best_ask": "0.6"}, {"asset_id": "97466397839217672087836211133100301269701565683546363204030550472188238047689", "price": "0.98", "size": "38698.22", "side": "SELL", "hash": "3334caac8bdfda68b09a199aa6d826497d11d8f2", "best_bid": "0.4", "best_ask": "0.42"}], "timestamp": "1769384587131", "event_type": "price_change"}}
{"_local_timestamp": "2026-01-25T23:43:07.276426+00:00", "data": {"market": "0x57125a6fc3e50d4a0a3ae97edfa6a5a423ceeaa75165c14f9ec57bbeead67824", "price_changes": [{"asset_id": "97466397839217672087836211133100301269701565683546363204030550472188238047689", "price": "0.05", "size": "6499.11", "side": "BUY", "hash": "41facc6142669b3abd9429b5c8595c2fcb6e9f9e", "best_bid": "0.4", "best_ask": "0.42"}, {"asset_id": "9963746526435131885764987765347244111045384273519416273340448914124693044757", "price": "0.95", "size": "6499.11", "side": "SELL", "hash": "3450c25388b49d121703d22b47142d55428b1afa", "best_bid": "0.58", "best_ask": "0.6"}], "timestamp": "1769384587131", "event_type": "price_change"}}
{"_local_timestamp": "2026-01-25T23:43:07.277246+00:00", "data": {"market": "0x57125a6fc3e50d4a0a3ae97edfa6a5a423ceeaa75165c14f9ec57bbeead67824", "price_changes": [{"asset_id": "97466397839217672087836211133100301269701565683546363204030550472188238047689", "price": "0.01", "size": "13979.11", "side": "BUY", "hash": "d2eaacba7d2d55696df0f39d230df61c0693da8a", "best_bid": "0.4", "best_ask": "0.42"}, {"asset_id": "9963746526435131885764987765347244111045384273519416273340448914124693044757", "price": "0.99", "size": "13979.11", "side": "SELL", "hash": "b561ce80081ebaefd111a5c94ede2016d0c29209", "best_bid": "0.58", "best_ask": "0.6"}], "timestamp": "1769384587132", "event_type": "price_change"}}
{"_local_timestamp": "2026-01-25T23:43:07.277685+00:00", "data": {"market": "0x57125a6fc3e50d4a0a3ae97edfa6a5a423ceeaa75165c14f9ec57bbeead67824", "price_changes": [{"asset_id": "9963746526435131885764987765347244111045384273519416273340448914124693044757", "price": "0.02", "size": "44697.33", "side": "BUY", "hash": "6c01f5e88b380d1554fb19827d1acc95a69203c6", "best_bid": "0.58", "best_ask": "0.6"}, {"asset_id": "97466397839217672087836211133100301269701565683546363204030550472188238047689", "price": "0.98", "size": "44697.33", "side": "SELL", "hash": "be4eca9eb5c1829ab17ea48a7acd32133e40ab6f", "best_bid": "0.4", "best_ask": "0.42"}], "timestamp": "1769384587133", "event_type": "price_change"}}
{"_local_timestamp": "2026-01-25T23:43:07.278208+00:00", "data": {"market": "0x57125a6fc3e50d4a0a3ae97edfa6a5a423ceeaa75165c14f9ec57bbeead67824", "price_changes": [{"asset_id": "9963746526435131885764987765347244111045384273519416273340448914124693044757", "price": "0.05", "size": "6519.11", "side": "BUY", "hash": "5099592c3a39643a53a5c74f00574d6a21226b8b", "best_bid": "0.58", "best_ask": "0.6"}, {"asset_id": "97466397839217672087836211133100301269701565683546363204030550472188238047689", "price": "0.95", "size": "6519.11", "side": "SELL", "hash": "d4f8456d83f17a148304b188e8bf14055204ec57", "best_bid": "0.4", "best_ask": "0.42"}], "timestamp": "1769384587134", "event_type": "price_change"}}
{"_local_timestamp": "2026-01-25T23:43:07.278641+00:00", "data": {"market": "0x57125a6fc3e50d4a0a3ae97edfa6a5a423ceeaa75165c14f9ec57bbeead67824", "price_changes": [{"asset_id": "97466397839217672087836211133100301269701565683546363204030550472188238047689", "price": "0.01", "size": "54978.22", "side": "BUY", "hash": "61aac6f4674c552f9ab2280558896a631bb76d64", "best_bid": "0.4", "best_ask": "0.42"}, {"asset_id": "9963746526435131885764987765347244111045384273519416273340448914124693044757", "price": "0.99", "size": "54978.22", "side": "SELL", "hash": "81e23949fcfec82a0044dee6673212137569fb60", "best_bid": "0.58", "best_ask": "0.6"}], "timestamp": "1769384587135", "event_type": "price_change"}}
{"_local_timestamp": "2026-01-25T23:43:07.279015+00:00", "data": {"market": "0x57125a6fc3e50d4a0a3ae97edfa6a5a423ceeaa75165c14f9ec57bbeead67824", "price_changes": [{"asset_id": "97466397839217672087836211133100301269701565683546363204030550472188238047689", "price": "0.01", "size": "79977.33", "side": "BUY", "hash": "a23de39bd080f9e075f0bc32b6a89993bfd35bd4", "best_bid": "0.4", "best_ask": "0.42"}, {"asset_id": "9963746526435131885764987765347244111045384273519416273340448914124693044757", "price": "0.99", "size": "79977.33", "side": "SELL", "hash": "21dcb5ad3280d4c4d810f90d58bead6bf337c761", "best_bid": "0.58", "best_ask": "0.6"}], "timestamp": "1769384587135", "event_type": "price_change"}}
