{"_local_timestamp": "2026-01-25T23:41:22.379599+00:00", "data": [{"market": "0xdcbbab53b2f35b415882e7cae6499b995ceef69ff0cc94462d114b8d3a0e572e", "asset_id": "30093627294217223165720468067218095087095353515155364474001086605297112263996", "timestamp": "1769384425362", "hash": "5c637dad0bfb81ceee71757875de935707c74886", "bids": [{"price": "0.01", "size": "450"}, {"price": "0.02", "size": "400"}], "asks": [{"price": "0.99", "size": "467.08"}, {"price": "0.98", "size": "160.48"}, {"price": "0.97", "size": "136.65"}, {"price": "0.96", "size": "10.5"}, {"price": "0.95", "size": "5.47"}], "event_type": "book", "last_trade_price": ""}, {"market": "0x8001d1863a6309c71b0527c3ffe19769da6c0375caed6518564886896dd93f3d", "asset_id": "21668656041126858155814759801652536534312206864012746952099156566390259446098", "timestamp": "1769384443104", "hash": "89bf3ca3fb10642e33973f4031cc9aae98d70a1f", "bids": [{"price": "0.01", "size": "614.79"}, {"price": "0.02", "size": "238.72"}, {"price": "0.03", "size": "152"}, {"price": "0.04", "size": "18.21"}, {"price": "0.05", "size": "40"}, {"price": "0.06", "size": "38.48"}], "asks": [{"price": "0.99", "size": "614.79"}, {"price": "0.98", "size": "157.03"}, {"price": "0.97", "size": "12.74"}, {"price": "0.96", "size": "6"}, {"price": "0.95", "size": "100"}, {"price": "0.94", "size": "43.95"}], "event_type": "book", "last_trade_price": ""}, {"market": "0xdcbbab53b2f35b415882e7cae6499b995ceef69ff0cc94462d114b8d3a0e572e", "asset_id": "36194414337565692218621155851574489398931135080548475305936604879079520445879", "timestamp": "1769384425362", "hash": "c2279ec885de94b5eec971c7d19b8874ee44579a", "bids": [{"price": "0.01", "size": "467.08"}, {"price": "0.02", "size": "160.48"}, {"price": "0.03", "size": "136.65"}, {"price": "0.04", "size": "10.5"}, {"price": "0.05", "size": "5.47"}], "asks": [{"price": "0.99", "size": "450"}, {"price": "0.98", "size": "400"}], "event_type": "book", "last_trade_price": ""}, {"market": "0xd71ade147e5d88f63c4e29b288e88a877272b95b6acbb4686281467eaf60da06", "asset_id": "50077529964712421571438582769804404399393482219796637177131165186864837582474", "timestamp": "1769384480287", "hash": "b741c8aacebe13d4fd5cb1f4fbf2b40ca931a917", "bids": [{"price": "0.01", "size": "468.34"}, {"price": "0.02", "size": "160.56"}, {"price": "0.03", "size": "149.42"}, {"price": "0.04", "size": "11.06"}, {"price": "0.05", "size": "5.47"}], "asks": [{"price": "0.99", "size": "450"}, {"price": "0.98", "size": "392"}], "event_type": "book", "last_trade_price": ""}, {"market": "0x993aaa8996a1d96d8a3e330efdb27242083c5862f34bc365b70443c28a315c68", "asset_id": "10150549985861471521898678353254917757171977966286424590996191265142963921839", "timestamp": "1769384480285", "hash": "5d96c34b3da5a3e94bc53d87f05cb902f8a59891", "bids": [{"price": "0.01", "size": "468.81"}, {"price": "0.02", "size": "158.94"}, {"price": "0.03", "size": "203.4"}, {"price": "0.04", "size": "11.77"}, {"price": "0.05", "size": "5.47"}], "asks": [{"price": "0.99", "size": "450"}, {"price": "0.98", "size": "392"}], "event_type": "book", "last_trade_price": ""}, {"market": "0xa579e889cb09df8f30ed4ecd4cb32cacd7ea15c988121fa94d503fbdc89f111f", "asset_id": "97973053663405524361132126261931094934940405110958220754370827613068893013391", "timestamp": "1769384481138", "hash": "c82b465091102c276c98d8335cabfecc3386ffdb", "bids": [{"price": "0.01", "size": "468.81"}, {"price": "0.02", "size": "158.94"}, {"price": "0.03", "size": "95.4"}, {"price": "0.05", "size": "5.47"}], "asks": [{"price": "0.99", "size": "450"}, {"price": "0.98", "size": "400"}], "event_type": "book", "last_trade_price": ""}, {"market": "0x8001d1863a6309c71b0527c3ffe19769da6c0375caed6518564886896dd93f3d", "asset_id": "42240838825317135289705016518333041152312497985295968540911712471785853967257", "timestamp": "1769384443104", "hash": "0634d54a5d50e807f02a8a6bf891d1be39dcb8c6", "bids": [{"price": "0.01", "size": "614.79"}, {"price": "0.02", "size": "157.03"}, {"price": "0.03", "size": "12.74"}, {"price": "0.04", "size": "6"}, {"price": "0.05", "size": "100"}, {"price": "0.06", "size": "43.95"}], "asks": [{"price": "0.99", "size": "614.79"}, {"price": "0.98", "size": "238.72"}, {"price": "0.97", "size": "152"}, {"price": "0.96", "size": "18.21"}, {"price": "0.95", "size": "40"}, {"price": "0.94", "size": "38.48"}], "event_type": "book", "last_trade_price": ""}, {"market": "0x993aaa8996a1d96d8a3e330efdb27242083c5862f34bc365b70443c28a315c68", "asset_id": "85753215685832770826724668447050203199070048989970710112534909880844936771334", "timestamp": "1769384480285", "hash": "4693f9d89eb7b612a29b0ddd5bbe13519feb0bd5", "bids": [{"price": "0.01", "size": "450"}, {"price": "0.02", "size": "392"}], "asks": [{"price": "0.99", "size": "468.81"}, {"price": "0.98", "size": "158.94"}, {"price": "0.97", "size": "203.4"}, {"price": "0.96", "size": "11.77"}, {"price": "0.95", "size": "5.47"}], "event_type": "book", "last_trade_price": ""}, {"market": "0xa579e889cb09df8f30ed4ecd4cb32cacd7ea15c988121fa94d503fbdc89f111f", "asset_id": "24241296418469976962910480038107391268942043027468504535667084500370715730972", "timestamp": "1769384481138", "hash": "2771d0a8dcb4e26ea84bd9bcbd975eccc7b35b8f", "bids": [{"price": "0.01", "size": "450"}, {"price": "0.02", "size": "400"}], "asks": [{"price": "0.99", "size": "468.81"}, {"price": "0.98", "size": "158.94"}, {"price": "0.97", "size": "95.4"}, {"price": "0.95", "size": "5.47"}], "event_type": "book", "last_trade_price": ""}, {"market": "0xd71ade147e5d88f63c4e29b288e88a877272b95b6acbb4686281467eaf60da06", "asset_id": "76738761202374686425108871102593629573933675965886370397119320683465701260123", "timestamp": "1769384480287", "hash": "5f5ed0f3e9120fe8b71ef82c811d8a7a12200bef", "bids": [{"price": "0.01", "size": "450"}, {"price": "0.02", "size": "392"}], "asks": [{"price": "0.99", "size": "468.34"}, {"price": "0.98", "size": "160.56"}, {"price": "0.97", "size": "149.42"}, {"price": "0.96", "size": "11.06"}, {"price": "0.95", "size": "5.47"}], "event_type": "book", "last_trade_price": ""}]}
{"_local_timestamp": "2026-01-25T23:41:22.603908+00:00", "data": {"market": "0xa579e889cb09df8f30ed4ecd4cb32cacd7ea15c988121fa94d503fbdc89f111f", "price_changes": [{"asset_id": "97973053663405524361132126261931094934940405110958220754370827613068893013391", "price": "0.04", "size": "11.77", "side": "BUY", "hash": "7352087be3d7ac55b54c11b03a122e3a7d6fe961", "best_bid": "0.05", "best_ask": "0.98"}, {"asset_id": "24241296418469976962910480038107391268942043027468504535667084500370715730972", "price": "0.96", "size": "11.77", "side": "SELL", "hash": "36aa5bcd2b6077a26a0e061592665ff26a7a1ed0", "best_bid": "0.02", "best_ask": "0.95"}], "timestamp": "1769384482525", "event_type": "price_change"}}
