{"_local_timestamp": "2026-01-25T23:34:13.734368+00:00", "data": [{"market": "0x9a56863d4dda5119d052434aa4cb9b724f228965e2700e1194bab1023402734d", "asset_id": "92574411095498403969339793492387114593260725563628808792584727616290580786488", "timestamp": "1769382483678", "hash": "478afd2b8f68261330270bfdf1696c6f05ec56e5", "bids": [{"price": "0.01", "size": "900"}, {"price": "0.02", "size": "700"}, {"price": "0.03", "size": "141"}, {"price": "0.06", "size": "55.07"}], "asks": [{"price": "0.99", "size": "619.93"}, {"price": "0.98", "size": "161.27"}, {"price": "0.97", "size": "344.31"}, {"price": "0.96", "size": "412"}, {"price": "0.95", "size": "76.2"}, {"price": "0.94", "size": "92"}, {"price": "0.93", "size": "13.22"}, {"price": "0.9", "size": "39"}, {"price": "0.88", "size": "10"}], "event_type": "book", "last_trade_price": ""}, {"market": "0x28f99e82355401d96adc48a3b873a1b684c911431de7df3cf302ce4f51229394", "asset_id": "89341312476293904557120797114145333467141899844807663352276901207910136380882", "timestamp": "1769383996969", "hash": "afa8b72334449741e03de2daa33cde9e9042d1f8", "bids": [{"price": "0.01", "size": "914.69"}, {"price": "0.02", "size": "713.64"}, {"price": "0.03", "size": "141"}, {"price": "0.04", "size": "6.17"}, {"price": "0.06", "size": "51.07"}], "asks": [{"price": "0.99", "size": "416.49"}, {"price": "0.98", "size": "435.42"}, {"price": "0.97", "size": "45.35"}, {"price": "0.96", "size": "637"}, {"price": "0.95", "size": "151.95"}, {"price": "0.94", "size": "33"}, {"price": "0.93", "size": "65"}, {"price": "0.91", "size": "39"}, {"price": "0.9", "size": "9.08"}, {"price": "0.87", "size": "10"}], "event_type": "book", "last_trade_price": ""}, {"market": "0xc16812c0b5e542404aee31c6151e6f4eff53d49fa5ccd5d9f3e460a04a444b0e", "asset_id": "47192975449134548652693921993106695887493791670029889265917599168600814502814", "timestamp": "1769383996969", "hash": "1d2400a59dda5ae6f59905fac8157d15c0e849c2", "bids": [{"price": "0.01", "size": "614.69"}, {"price": "0.02", "size": "813.64"}, {"price": "0.03", "size": "266"}, {"price": "0.04", "size": "239.17"}, {"price": "0.05", "size": "40"}, {"price": "0.06", "size": "5.47"}], "asks": [{"price": "0.99", "size": "620"}, {"price": "0.98", "size": "161.27"}, {"price": "0.97", "size": "340.25"}, {"price": "0.96", "size": "346.91"}, {"price": "0.95", "size": "145"}, {"price": "0.94", "size": "33"}, {"price": "0.93", "size": "48"}, {"price": "0.92", "size": "12"}, {"price": "0.89", "size": "39"}, {"price": "0.88", "size": "10"}], "event_type": "book", "last_trade_price": ""}, {"market": "0x28f99e82355401d96adc48a3b873a1b684c911431de7df3cf302ce4f51229394", "asset_id": "15540005666303997187736595195138772562817893728925080477336603739859985986773", "timestamp": "1769383996969", "hash": "119eb4b4ae8961f85a08144b75a0579d264bbf25", "bids": [{"price": "0.01", "size": "416.49"}, {"price": "0.02", "size": "435.42"}, {"price": "0.03", "size": "45.35"}, {"price": "0.04", "size": "637"}, {"price": "0.05", "size": "151.95"}, {"price": "0.06", "size": "33"}, {"price": "0.07", "size": "65"}, {"price": "0.09", "size": "39"}, {"price": "0.1", "size": "9.08"}, {"price": "0.13", "size": "10"}], "asks": [{"price": "0.99", "size": "914.69"}, {"price": "0.98", "size": "713.64"}, {"price": "0.97", "size": "141"}, {"price": "0.96", "size": "6.17"}, {"price": "0.94", "size": "51.07"}], "event_type": "book", "last_trade_price": ""}, {"market": "0xc16812c0b5e542404aee31c6151e6f4eff53d49fa5ccd5d9f3e460a04a444b0e", "asset_id": "103038507742645984534259378397403976843149460475342491263088571722795026358320", "timestamp": "1769383996969", "hash": "fd34c2010466e069354b97a0b4e08b3615ad1d1b", "bids": [{"price": "0.01", "size": "620"}, {"price": "0.02", "size": "161.27"}, {"price": "0.03", "size": "340.25"}, {"price": "0.04", "size": "346.91"}, {"price": "0.05", "size": "145"}, {"price": "0.06", "size": "33"}, {"price": "0.07", "size": "48"}, {"price": "0.08", "size": "12"}, {"price": "0.11", "size": "39"}, {"price": "0.12", "size": "10"}], "asks": [{"price": "0.99", "size": "614.69"}, {"price": "0.98", "size": "813.64"}, {"price": "0.97", "size": "266"}, {"price": "0.96", "size": "239.17"}, {"price": "0.95", "size": "40"}, {"price": "0.94", "size": "5.47"}], "event_type": "book", "last_trade_price": ""}, {"market": "0x9a56863d4dda5119d052434aa4cb9b724f228965e2700e1194bab1023402734d", "asset_id": "90752477517122551951768357460258452888516854223761976147592580181745746572911", "timestamp": "1769382483678", "hash": "0117abfb5f9f7c94d8baeab8b1cef8c0d7df6bd4", "bids": [{"price": "0.01", "size": "619.93"}, {"price": "0.02", "size": "161.27"}, {"price": "0.03", "size": "344.31"}, {"price": "0.04", "size": "412"}, {"price": "0.05", "size": "76.2"}, {"price": "0.06", "size": "92"}, {"price": "0.07", "size": "13.22"}, {"price": "0.1", "size": "39"}, {"price": "0.12", "size": "10"}], "asks": [{"price": "0.99", "size": "900"}, {"price": "0.98", "size": "700"}, {"price": "0.97", "size": "141"}, {"price": "0.94", "size": "55.07"}], "event_type": "book", "last_trade_price": ""}]}
