{"_local_timestamp": "2026-01-25T23:34:16.438775+00:00", "data": [{"market": "0xfd04e79c9d3434b68b7da145891f8d0a2d483a5fea6c65dab97c10b29bfa8f78", "asset_id": "86262121479916979382174274457257283944931259003779752478969915055622240730016", "timestamp": "1769383818919", "hash": "0ee90cb1c75d695fc0799c28b6901b83388ba96d", "bids": [{"price": "0.01", "size": "553.04"}, {"price": "0.02", "size": "860.48"}, {"price": "0.03", "size": "87.65"}, {"price": "0.04", "size": "9.25"}, {"price": "0.29", "size": "100"}], "asks": [{"price": "0.99", "size": "549.34"}, {"price": "0.98", "size": "860.56"}, {"price": "0.97", "size": "5.42"}, {"price": "0.96", "size": "11.06"}, {"price": "0.95", "size": "500"}, {"price": "0.9", "size": "525"}, {"price": "0.39", "size": "100"}], "event_type": "book", "last_trade_price": ""}, {"market": "0x6a7b7989a3a6fed49f1ecb102184088a24d476de4a8ed46f0dd8d2f743d369e7", "asset_id": "58596825015328308839662066071536875097182124081024662018448443257445383819801", "timestamp": "1769383818975", "hash": "6cdd8beb0fbb0b4d509aa3b858d4acf58ca54a2c", "bids": [{"price": "0.01", "size": "552.08"}, {"price": "0.02", "size": "725.06"}, {"price": "0.05", "size": "5.75"}, {"price": "0.07", "size": "800"}, {"price": "0.35", "size": "100"}], "asks": [{"price": "0.99", "size": "531"}, {"price": "0.98", "size": "700"}, {"price": "0.95", "size": "500"}, {"price": "0.9", "size": "525"}, {"price": "0.45", "size": "100"}], "event_type": "book", "last_trade_price": ""}, {"market": "0xdb984a93c9ad75352aeed994965da01d9a1b672c6b27ee9044276f451e02a629", "asset_id": "54205673578222792642901174384448684357470087408785123373307541362362061827529", "timestamp": "1769382569627", "hash": "c10615236ad468dfb552b645d10217bb6be99f94", "bids": [{"price": "0.01", "size": "553.04"}, {"price": "0.02", "size": "160.48"}, {"price": "0.03", "size": "87.65"}, {"price": "0.04", "size": "39.24"}], "asks": [{"price": "0.99", "size": "549.34"}, {"price": "0.98", "size": "160.56"}, {"price": "0.97", "size": "83.42"}, {"price": "0.96", "size": "11.06"}, {"price": "0.95", "size": "5.47"}], "event_type": "book", "last_trade_price": ""}, {"market": "0xdb984a93c9ad75352aeed994965da01d9a1b672c6b27ee9044276f451e02a629", "asset_id": "94495002141806471947086782483917626611875068969428094557455945835384453207492", "timestamp": "1769382569627", "hash": "f40fcad5d6d3532e54ef84e336fc3166d706f38f", "bids": [{"price": "0.01", "size": "549.34"}, {"price": "0.02", "size": "160.56"}, {"price": "0.03", "size": "83.42"}, {"price": "0.04", "size": "11.06"}, {"price": "0.05", "size": "5.47"}], "asks": [{"price": "0.99", "size": "553.04"}, {"price": "0.98", "size": "160.48"}, {"price": "0.97", "size": "87.65"}, {"price": "0.96", "size": "39.24"}], "event_type": "book", "last_trade_price": ""}, {"market": "0xb7e48a71f47886f38c3f34e1ab822eba07cdae05f3867a41bd6ed75589ec8b72", "asset_id": "33499643388824275734039847825405066196138430296034945384281001934778611951779", "timestamp": "1769383818975", "hash": "d93282dcf030e83289e4e79177cb0ff6351079d4", "bids": [{"price": "0.01", "size": "553.04"}, {"price": "0.02", "size": "860.48"}, {"price": "0.03", "size": "6.65"}, {"price": "0.04", "size": "9.26"}, {"price": "0.05", "size": "500"}, {"price": "0.1", "size": "525"}, {"price": "0.74", "size": "100"}], "asks": [{"price": "0.99", "size": "550.18"}, {"price": "0.98", "size": "157.03"}, {"price": "0.97", "size": "6.38"}, {"price": "0.96", "size": "11.9"}, {"price": "0.95", "size": "800"}, {"price": "0.84", "size": "100"}], "event_type": "book", "last_trade_price": ""}, {"market": "0x5b8ad7030519e9b27419361cb1eb521de3a35b3c08c9c07a68fd4d6f207992d7", "asset_id": "16028494695982608671516284137909746191149313452762382976544932907775474122253", "timestamp": "1769382484882", "hash": "6dea537957575b4a9a81261ff33510c906e6a3e5", "bids": [{"price": "0.01", "size": "644.79"}, {"price": "0.02", "size": "163.72"}, {"price": "0.04", "size": "86.21"}, {"price": "0.05", "size": "70"}, {"price": "0.06", "size": "38.48"}], "asks": [{"price": "0.99", "size": "644.79"}, {"price": "0.98", "size": "163.72"}, {"price": "0.96", "size": "12.21"}, {"price": "0.95", "size": "100"}, {"price": "0.94", "size": "43.95"}], "event_type": "book", "last_trade_price": ""}, {"market": "0xfd04e79c9d3434b68b7da145891f8d0a2d483a5fea6c65dab97c10b29bfa8f78", "asset_id": "6507071211157452473339464743182659084877879737780068956983377455959045518556", "timestamp": "1769383818919", "hash": "05039a9d31cb5b035f660aea7ef6784cd56b896b", "bids": [{"price": "0.01", "size": "549.34"}, {"price": "0.02", "size": "860.56"}, {"price": "0.03", "size": "5.42"}, {"price": "0.04", "size": "11.06"}, {"price": "0.05", "size": "500"}, {"price": "0.1", "size": "525"}, {"price": "0.61", "size": "100"}], "asks": [{"price": "0.99", "size": "553.04"}, {"price": "0.98", "size": "860.48"}, {"price": "0.97", "size": "87.65"}, {"price": "0.96", "size": "9.25"}, {"price": "0.71", "size": "100"}], "event_type": "book", "last_trade_price": ""}, {"market": "0x6a7b7989a3a6fed49f1ecb102184088a24d476de4a8ed46f0dd8d2f743d369e7", "asset_id": "42440580281393547753374679795251604184248225769163580555029128988465320751624", "timestamp": "1769383818975", "hash": "45ccc665b1d9f53d2a347ab55617d8eec8c1219a", "bids": [{"price": "0.01", "size": "531"}, {"price": "0.02", "size": "700"}, {"price": "0.05", "size": "500"}, {"price": "0.1", "size": "525"}, {"price": "0.55", "size": "100"}], "asks": [{"price": "0.99", "size": "552.08"}, {"price": "0.98", "size": "725.06"}, {"price": "0.95", "size": "5.75"}, {"price": "0.93", "size": "800"}, {"price": "0.65", "size": "100"}], "event_type": "book", "last_trade_price": ""}, {"market": "0xb7e48a71f47886f38c3f34e1ab822eba07cdae05f3867a41bd6ed75589ec8b72", "asset_id": "39346973498403722204683457913178320851301453614493557725319017716028729195489", "timestamp": "1769383818975", "hash": "e2af412978d9c3b1a3908d52125e1dd0858e087a", "bids": [{"price": "0.01", "size": "550.18"}, {"price": "0.02", "size": "157.03"}, {"price": "0.03", "size": "6.38"}, {"price": "0.04", "size": "11.9"}, {"price": "0.05", "size": "800"}, {"price": "0.16", "size": "100"}], "asks": [{"price": "0.99", "size": "553.04"}, {"price": "0.98", "size": "860.48"}, {"price": "0.97", "size": "6.65"}, {"price": "0.96", "size": "9.26"}, {"price": "0.95", "size": "500"}, {"price": "0.9", "size": "525"}, {"price": "0.26", "size": "100"}], "event_type": "book", "last_trade_price": ""}, {"market": "0x5b8ad7030519e9b27419361cb1eb521de3a35b3c08c9c07a68fd4d6f207992d7", "asset_id": "108978726522691401724069724087500485565857236834593821075293800452144970709806", "timestamp": "1769382484882", "hash": "3f1c7d25de0f7cf2c6995c8a3ddcbd73c9b05f34", "bids": [{"price": "0.01", "size": "644.79"}, {"price": "0.02", "size": "163.72"}, {"price": "0.04", "size": "12.21"}, {"price": "0.05", "size": "100"}, {"price": "0.06", "size": "43.95"}], "asks": [{"price": "0.99", "size": "644.79"}, {"price": "0.98", "size": "163.72"}, {"price": "0.96", "size": "86.21"}, {"price": "0.95", "size": "70"}, {"price": "0.94", "size": "38.48"}], "event_type": "book", "last_trade_price": ""}]}
