{"_local_timestamp": "2026-01-25T23:34:14.670168+00:00", "data": [{"market": "0x86a7f7698d6d96dba25e474ccf8b63cb3cd37de0a19bdddf3777fd40ffea1207", "asset_id": "101029083468430727602416951831841636151078713104405097906082529422672349140992", "timestamp": "1769383323916", "hash": "9dcbc553479fadab9f9218cc20336c6eccb95922", "bids": [{"price": "0.01", "size": "418.59"}, {"price": "0.02", "size": "435.42"}, {"price": "0.03", "size": "7.41"}, {"price": "0.04", "size": "525"}, {"price": "0.05", "size": "285.87"}, {"price": "0.06", "size": "33"}, {"price": "0.07", "size": "5.75"}, {"price": "0.08", "size": "82"}, {"price": "0.1", "size": "6.86"}, {"price": "0.13", "size": "10"}], "asks": [{"price": "0.99", "size": "614.69"}, {"price": "0.98", "size": "1013.64"}, {"price": "0.97", "size": "66"}, {"price": "0.96", "size": "114.17"}, {"price": "0.94", "size": "51.07"}], "event_type": "book", "last_trade_price": ""}, {"market": "0x5585d6c8c65ea32969d589d95d9ae4b48841b77cda883990c7c9958f20a089d2", "asset_id": "72641081167966096071989126730108102869488815019837213072547665100837485982952", "timestamp": "1769383989795", "hash": "6f240eddfcbc02998f1d939ad7b09895e98b9d4d", "bids": [{"price": "0.01", "size": "614.69"}, {"price": "0.02", "size": "813.64"}, {"price": "0.03", "size": "266"}, {"price": "0.04", "size": "176.17"}, {"price": "0.05", "size": "48"}, {"price": "0.06", "size": "11.56"}], "asks": [{"price": "0.99", "size": "224.73"}, {"price": "0.98", "size": "159.71"}, {"price": "0.97", "size": "629.35"}, {"price": "0.96", "size": "525"}, {"price": "0.95", "size": "288.42"}, {"price": "0.94", "size": "33"}, {"price": "0.93", "size": "10.81"}, {"price": "0.92", "size": "85"}, {"price": "0.9", "size": "39"}, {"price": "0.86", "size": "10"}], "event_type": "book", "last_trade_price": ""}, {"market": "0x7d00e4f39e9d21c55ac8c3c422a7976fb1a0f43d1f068e9678002193aa086587", "asset_id": "98543496054023285608672613722911618009402875239502167731981640310680690633026", "timestamp": "1769383306606", "hash": "cad6e2d47759015db06fded32f9a9c61004a19ec", "bids": [{"price": "0.01", "size": "427.23"}, {"price": "0.02", "size": "435.42"}, {"price": "0.03", "size": "7.41"}, {"price": "0.04", "size": "525"}, {"price": "0.05", "size": "289.27"}, {"price": "0.06", "size": "33"}, {"price": "0.07", "size": "11.9"}, {"price": "0.08", "size": "84"}, {"price": "0.1", "size": "39"}, {"price": "0.13", "size": "10"}], "asks": [{"price": "0.99", "size": "614.69"}, {"price": "0.98", "size": "813.64"}, {"price": "0.97", "size": "266"}, {"price": "0.96", "size": "176.17"}, {"price": "0.95", "size": "46"}, {"price": "0.94", "size": "5.47"}], "event_type": "book", "last_trade_price": ""}, {"market": "0x5585d6c8c65ea32969d589d95d9ae4b48841b77cda883990c7c9958f20a089d2", "asset_id": "51226735656428809782830989822992297845581085702820536124730052869599404288779", "timestamp": "1769383989795", "hash": "911450f1f1aa0ca3d2ced614a5a23db56ea3979e", "bids": [{"price": "0.01", "size": "224.73"}, {"price": "0.02", "size": "159.71"}, {"price": "0.03", "size": "629.35"}, {"price": "0.04", "size": "525"}, {"price": "0.05", "size": "288.42"}, {"price": "0.06", "size": "33"}, {"price": "0.07", "size": "10.81"}, {"price": "0.08", "size": "85"}, {"price": "0.1", "size": "39"}, {"price": "0.14", "size": "10"}], "asks": [{"price": "0.99", "size": "614.69"}, {"price": "0.98", "size": "813.64"}, {"price": "0.97", "size": "266"}, {"price": "0.96", "size": "176.17"}, {"price": "0.95", "size": "48"}, {"price": "0.94", "size": "11.56"}], "event_type": "book", "last_trade_price": ""}, {"market": "0x86a7f7698d6d96dba25e474ccf8b63cb3cd37de0a19bdddf3777fd40ffea1207", "asset_id": "75369856618709824788371839229188394086069509703593352366463394698760927099625", "timestamp": "1769383323916", "hash": "d6ae49812dbccbddcd4a9786ee4e20becbea814c", "bids": [{"price": "0.01", "size": "614.69"}, {"price": "0.02", "size": "1013.64"}, {"price": "0.03", "size": "66"}, {"price": "0.04", "size": "114.17"}, {"price": "0.06", "size": "51.07"}], "asks": [{"price": "0.99", "size": "418.59"}, {"price": "0.98", "size": "435.42"}, {"price": "0.97", "size": "7.41"}, {"price": "0.96", "size": "525"}, {"price": "0.95", "size": "285.87"}, {"price": "0.94", "size": "33"}, {"price": "0.93", "size": "5.75"}, {"price": "0.92", "size": "82"}, {"price": "0.9", "size": "6.86"}, {"price": "0.87", "size": "10"}], "event_type": "book", "last_trade_price": ""}, {"market": "0x7d00e4f39e9d21c55ac8c3c422a7976fb1a0f43d1f068e9678002193aa086587", "asset_id": "27994710604503511889204399470042850252224046912997434295022252521868728143238", "timestamp": "1769383306606", "hash": "aae2e68886365cc70ca9567ed1aec55776145920", "bids": [{"price": "0.01", "size": "614.69"}, {"price": "0.02", "size": "813.64"}, {"price": "0.03", "size": "266"}, {"price": "0.04", "size": "176.17"}, {"price": "0.05", "size": "46"}, {"price": "0.06", "size": "5.47"}], "asks": [{"price": "0.99", "size": "427.23"}, {"price": "0.98", "size": "435.42"}, {"price": "0.97", "size": "7.41"}, {"price": "0.96", "size": "525"}, {"price": "0.95", "size": "289.27"}, {"price": "0.94", "size": "33"}, {"price": "0.93", "size": "11.9"}, {"price": "0.92", "size": "84"}, {"price": "0.9", "size": "39"}, {"price": "0.87", "size": "10"}], "event_type": "book", "last_trade_price": ""}]}
{"_local_timestamp": "2026-01-25T23:34:40.807787+00:00", "data": {"market": "0x86a7f7698d6d96dba25e474ccf8b63cb3cd37de0a19bdddf3777fd40ffea1207", "price_changes": [{"asset_id": "101029083468430727602416951831841636151078713104405097906082529422672349140992", "price": "0.05", "size": "280", "side": "BUY", "hash": "370c814ce6e5197448e87b4dbb902461bae89ded", "best_bid": "0.13", "best_ask": "0.94"}, {"asset_id": "75369856618709824788371839229188394086069509703593352366463394698760927099625", "price": "0.95", "size": "280", "side": "SELL", "hash": "adc52d1a54cf3ddf928879c9daacf79701d47cbe", "best_bid": "0.06", "best_ask": "0.87"}], "timestamp": "1769384080738", "event_type": "price_change"}}
{"_local_timestamp": "2026-01-25T23:34:40.808612+00:00", "data": {"market": "0x7d00e4f39e9d21c55ac8c3c422a7976fb1a0f43d1f068e9678002193aa086587", "price_changes": [{"asset_id": "98543496054023285608672613722911618009402875239502167731981640310680690633026", "price": "0.01", "size": "400", "side": "BUY", "hash": "31df0a5932e58d431ecfe49d377734d98555388d", "best_bid": "0.13", "best_ask": "0.94"}, {"asset_id": "27994710604503511889204399470042850252224046912997434295022252521868728143238", "price": "0.99", "size": "400", "side": "SELL", "hash": "08f3cc2565e0edd8d0a63a838b089d026510de03", "best_bid": "0.06", "best_ask": "0.87"}], "timestamp": "1769384080738", "event_type": "price_change"}}
{"_local_timestamp": "2026-01-25T23:34:40.808896+00:00", "data": {"market": "0x86a7f7698d6d96dba25e474ccf8b63cb3cd37de0a19bdddf3777fd40ffea1207", "price_changes": [{"asset_id": "101029083468430727602416951831841636151078713104405097906082529422672349140992", "price": "0.07", "size": "0", "side": "BUY", "hash": "370c814ce6e5197448e87b4dbb902461bae89ded", "best_bid": "0.13", "best_ask": "0.94"}, {"asset_id": "75369856618709824788371839229188394086069509703593352366463394698760927099625", "price": "0.93", "size": "0", "side": "SELL", "hash": "adc52d1a54cf3ddf928879c9daacf79701d47cbe", "best_bid": "0.06", "best_ask": "0.87"}], "timestamp": "1769384080738", "event_type": "price_change"}}
{"_local_timestamp": "2026-01-25T23:34:40.809154+00:00", "data": {"market": "0x7d00e4f39e9d21c55ac8c3c422a7976fb1a0f43d1f068e9678002193aa086587", "price_changes": [{"asset_id": "98543496054023285608672613722911618009402875239502167731981640310680690633026", "price": "0.05", "size": "280", "side": "BUY", "hash": "31df0a5932e58d431ecfe49d377734d98555388d", "best_bid": "0.13", "best_ask": "0.94"}, {"asset_id": "27994710604503511889204399470042850252224046912997434295022252521868728143238", "price": "0.95", "size": "280", "side": "SELL", "hash": "08f3cc2565e0edd8d0a63a838b089d026510de03", "best_bid": "0.06", "best_ask": "0.87"}], "timestamp": "1769384080738", "event_type": "price_change"}}
{"_local_timestamp": "2026-01-25T23:34:40.809482+00:00", "data": {"market": "0x86a7f7698d6d96dba25e474ccf8b63cb3cd37de0a19bdddf3777fd40ffea1207", "price_changes": [{"asset_id": "101029083468430727602416951831841636151078713104405097906082529422672349140992", "price": "0.1", "size": "0", "side": "BUY", "hash": "370c814ce6e5197448e87b4dbb902461bae89ded", "best_bid": "0.13", "best_ask": "0.94"}, {"asset_id": "75369856618709824788371839229188394086069509703593352366463394698760927099625", "price": "0.9", "size": "0", "side": "SELL", "hash": "adc52d1a54cf3ddf928879c9daacf79701d47cbe", "best_bid": "0.06", "best_ask": "0.87"}], "timestamp": "1769384080738", "event_type": "price_change"}}
{"_local_timestamp": "2026-01-25T23:34:40.809825+00:00", "data": {"market": "0x7d00e4f39e9d21c55ac8c3c422a7976fb1a0f43d1f068e9678002193aa086587", "price_changes": [{"asset_id": "98543496054023285608672613722911618009402875239502167731981640310680690633026", "price": "0.07", "size": "0", "side": "BUY", "hash": "31df0a5932e58d431ecfe49d377734d98555388d", "best_bid": "0.13", "best_ask": "0.94"}, {"asset_id": "27994710604503511889204399470042850252224046912997434295022252521868728143238", "price": "0.93", "size": "0", "side": "SELL", "hash": "08f3cc2565e0edd8d0a63a838b089d026510de03", "best_bid": "0.06", "best_ask": "0.87"}], "timestamp": "1769384080738", "event_type": "price_change"}}
{"_local_timestamp": "2026-01-25T23:34:41.652234+00:00", "data": {"market": "0x7d00e4f39e9d21c55ac8c3c422a7976fb1a0f43d1f068e9678002193aa086587", "price_changes": [{"asset_id": "98543496054023285608672613722911618009402875239502167731981640310680690633026", "price": "0.05", "size": "289.27", "side": "BUY", "hash": "19f816359392e459f18b2a3f453dde97cfb13275", "best_bid": "0.13", "best_ask": "0.94"}, {"asset_id": "27994710604503511889204399470042850252224046912997434295022252521868728143238", "price": "0.95", "size": "289.27", "side": "SELL", "hash": "f17e5bdbf08ef51a2e67c1a13f256d63cd1f2629", "best_bid": "0.06", "best_ask": "0.87"}], "timestamp": "1769384081563", "event_type": "price_change"}}
{"_local_timestamp": "2026-01-25T23:34:41.652628+00:00", "data": {"market": "0x7d00e4f39e9d21c55ac8c3c422a7976fb1a0f43d1f068e9678002193aa086587", "price_changes": [{"asset_id": "98543496054023285608672613722911618009402875239502167731981640310680690633026", "price": "0.01", "size": "427.23", "side": "BUY", "hash": "07c5b78d0a0331f47a6b2f8e48ab7b65434bf41f", "best_bid": "0.13", "best_ask": "0.94"}, {"asset_id": "27994710604503511889204399470042850252224046912997434295022252521868728143238", "price": "0.99", "size": "427.23", "side": "SELL", "hash": "53c5977ff8c5c91a0b4568443c73ed7d745de341", "best_bid": "0.06", "best_ask": "0.87"}], "timestamp": "1769384081565", "event_type": "price_change"}}
{"_local_timestamp": "2026-01-25T23:34:41.652945+00:00", "data": {"market": "0x7d00e4f39e9d21c55ac8c3c422a7976fb1a0f43d1f068e9678002193aa086587", "price_changes": [{"asset_id": "98543496054023285608672613722911618009402875239502167731981640310680690633026", "price": "0.07", "size": "11.9", "side": "BUY", "hash": "6b961c1c9da9fc3b752a1f40ba3351954e153d3e", "best_bid": "0.13", "best_ask": "0.94"}, {"asset_id": "27994710604503511889204399470042850252224046912997434295022252521868728143238", "price": "0.93", "size": "11.9", "side": "SELL", "hash": "6f83fcfdc831e5b98eeae345c7de65aa85396d61", "best_bid": "0.06", "best_ask": "0.87"}], "timestamp": "1769384081567", "event_type": "price_change"}}
{"_local_timestamp": "2026-01-25T23:34:42.426286+00:00", "data": {"market": "0x86a7f7698d6d96dba25e474ccf8b63cb3cd37de0a19bdddf3777fd40ffea1207", "price_changes": [{"asset_id": "101029083468430727602416951831841636151078713104405097906082529422672349140992", "price": "0.07", "size": "12.69", "side": "BUY", "hash": "93dc7174d297f7aec96b3ba2ead5506c53dc8342", "best_bid": "0.13", "best_ask": "0.94"}, {"asset_id": "75369856618709824788371839229188394086069509703593352366463394698760927099625", "price": "0.93", "size": "12.69", "side": "SELL", "hash": "c095dd0a8c548e1b57c7a69291c5cda45c410911", "best_bid": "0.06", "best_ask": "0.87"}], "timestamp": "1769384082362", "event_type": "price_change"}}
{"_local_timestamp": "2026-01-25T23:34:42.433120+00:00", "data": {"market": "0x86a7f7698d6d96dba25e474ccf8b63cb3cd37de0a19bdddf3777fd40ffea1207", "price_changes": [{"asset_id": "101029083468430727602416951831841636151078713104405097906082529422672349140992", "price": "0.05", "size": "289.89", "side": "BUY", "hash": "17463bb624e906d33407110eff48a767bb7209d0", "best_bid": "0.13", "best_ask": "0.94"}, {"asset_id": "75369856618709824788371839229188394086069509703593352366463394698760927099625", "price": "0.95", "size": "289.89", "side": "SELL", "hash": "84f1e5ffdb17e7f4344b2eefa4928af3c643c117", "best_bid": "0.06", "best_ask": "0.87"}], "timestamp": "1769384082364", "event_type": "price_change"}}
