{"_local_timestamp": "2026-01-25T23:34:13.670399+00:00", "data": [{"market": "0x11284ecb6146f9893765612608dd7e95c57db86296b4a76e00b53ec9da9d1f28", "asset_id": "15548203875797499715100949527846953442084806713957234888509909669738995296263", "timestamp": "1769383998554", "hash": "d002b4321466f3f90456dabb5632cad9c1235cfa", "bids": [{"price": "0.01", "size": "629.11"}, {"price": "0.02", "size": "164.04"}, {"price": "0.03", "size": "45.53"}, {"price": "0.04", "size": "637"}, {"price": "0.05", "size": "154.91"}, {"price": "0.06", "size": "33"}, {"price": "0.07", "size": "185.95"}, {"price": "0.1", "size": "39"}, {"price": "0.13", "size": "10"}], "asks": [{"price": "0.99", "size": "600"}, {"price": "0.98", "size": "1000"}, {"price": "0.97", "size": "66"}, {"price": "0.96", "size": "108"}, {"price": "0.94", "size": "51.07"}], "event_type": "book", "last_trade_price": ""}, {"market": "0x9481653e3ec84a98090110c2e6916651086ce64529cbcdd3c8ab675d1e19638a", "asset_id": "3986690781224922766927794120532321954985647089342607079206874488006086957617", "timestamp": "1769382483675", "hash": "7eb1fa728171a2c39bc04ad8097e6a99a526fc29", "bids": [{"price": "0.01", "size": "600"}, {"price": "0.02", "size": "800"}, {"price": "0.03", "size": "266"}, {"price": "0.04", "size": "233"}, {"price": "0.05", "size": "48"}, {"price": "0.06", "size": "11.56"}], "asks": [{"price": "0.99", "size": "418.13"}, {"price": "0.98", "size": "435.42"}, {"price": "0.97", "size": "43.6"}, {"price": "0.96", "size": "512"}, {"price": "0.95", "size": "276.17"}, {"price": "0.94", "size": "33"}, {"price": "0.93", "size": "19"}, {"price": "0.92", "size": "12.29"}, {"price": "0.89", "size": "39"}, {"price": "0.86", "size": "10"}], "event_type": "book", "last_trade_price": ""}, {"market": "0x9481653e3ec84a98090110c2e6916651086ce64529cbcdd3c8ab675d1e19638a", "asset_id": "2590752395483747980912543671910526429497508533204429440213313977121274120374", "timestamp": "1769382483675", "hash": "28a54601a74f1e31e3b36db0ea676fc67748fd44", "bids": [{"price": "0.01", "size": "418.13"}, {"price": "0.02", "size": "435.42"}, {"price": "0.03", "size": "43.6"}, {"price": "0.04", "size": "512"}, {"price": "0.05", "size": "276.17"}, {"price": "0.06", "size": "33"}, {"price": "0.07", "size": "19"}, {"price": "0.08", "size": "12.29"}, {"price": "0.11", "size": "39"}, {"price": "0.14", "size": "10"}], "asks": [{"price": "0.99", "size": "600"}, {"price": "0.98", "size": "800"}, {"price": "0.97", "size": "266"}, {"price": "0.96", "size": "233"}, {"price": "0.95", "size": "48"}, {"price": "0.94", "size": "11.56"}], "event_type": "book", "last_trade_price": ""}, {"market": "0xe29dfd84b67c84950bc2b015e118d317584c71d31b07e81bef8bd2c750c6143b", "asset_id": "67708298366806886466230073403478706659318552316810097368489787097734737170614", "timestamp": "1769383504593", "hash": "80b7e87aed802b146ef1cb30ff95f5587ae6c811", "bids": [{"price": "0.01", "size": "600"}, {"price": "0.02", "size": "1000"}, {"price": "0.03", "size": "66"}, {"price": "0.04", "size": "108"}, {"price": "0.06", "size": "55.07"}], "asks": [{"price": "0.99", "size": "616.38"}, {"price": "0.98", "size": "157.9"}, {"price": "0.97", "size": "40.25"}, {"price": "0.96", "size": "637"}, {"price": "0.95", "size": "151.2"}, {"price": "0.94", "size": "33"}, {"price": "0.93", "size": "91.07"}, {"price": "0.91", "size": "39"}, {"price": "0.9", "size": "7.25"}, {"price": "0.87", "size": "10"}], "event_type": "book", "last_trade_price": ""}, {"market": "0x11284ecb6146f9893765612608dd7e95c57db86296b4a76e00b53ec9da9d1f28", "asset_id": "87960088951478068998194540931685181588060721598186398144683602951193412823417", "timestamp": "1769383998554", "hash": "e3e189be353696ba06e9aa09a56b5c9a1db366ac", "bids": [{"price": "0.01", "size": "600"}, {"price": "0.02", "size": "1000"}, {"price": "0.03", "size": "66"}, {"price": "0.04", "size": "108"}, {"price": "0.06", "size": "51.07"}], "asks": [{"price": "0.99", "size": "629.11"}, {"price": "0.98", "size": "164.04"}, {"price": "0.97", "size": "45.53"}, {"price": "0.96", "size": "637"}, {"price": "0.95", "size": "154.91"}, {"price": "0.94", "size": "33"}, {"price": "0.93", "size": "185.95"}, {"price": "0.9", "size": "39"}, {"price": "0.87", "size": "10"}], "event_type": "book", "last_trade_price": ""}, {"market": "0xe29dfd84b67c84950bc2b015e118d317584c71d31b07e81bef8bd2c750c6143b", "asset_id": "22791020041599994808747170563684606257805372912379300030983934975419695801458", "timestamp": "1769383504593", "hash": "2b5c6660f84311c57153daa49c9addb7f569c6bd", "bids": [{"price": "0.01", "size": "616.38"}, {"price": "0.02", "size": "157.9"}, {"price": "0.03", "size": "40.25"}, {"price": "0.04", "size": "637"}, {"price": "0.05", "size": "151.2"}, {"price": "0.06", "size": "33"}, {"price": "0.07", "size": "91.07"}, {"price": "0.09", "size": "39"}, {"price": "0.1", "size": "7.25"}, {"price": "0.13", "size": "10"}], "asks": [{"price": "0.99", "size": "600"}, {"price": "0.98", "size": "1000"}, {"price": "0.97", "size": "66"}, {"price": "0.96", "size": "108"}, {"price": "0.94", "size": "55.07"}], "event_type": "book", "last_trade_price": ""}]}
