{"_local_timestamp": "2026-01-25T23:33:25.199245+00:00", "data": [{"market": "0xa8283451c9f1a16679d7212c8dfbc97c5b04396f6a9468d3c5553649cecbba55", "asset_id": "13079668030553335845862854012551631199815311069250397534951802840231720955366", "timestamp": "1769383942715", "hash": "8c72f6c3ca76159e0eb734595f9c05bb09a50e01", "bids": [{"price": "0.01", "size": "74.38"}, {"price": "0.02", "size": "13.61"}, {"price": "0.03", "size": "70"}, {"price": "0.05", "size": "10"}, {"price": "0.06", "size": "71.94"}, {"price": "0.1", "size": "5"}, {"price": "0.12", "size": "74.99"}], "asks": [{"price": "0.99", "size": "3577.65"}, {"price": "0.98", "size": "1811.46"}, {"price": "0.97", "size": "200"}, {"price": "0.96", "size": "108.57"}, {"price": "0.95", "size": "120"}, {"price": "0.94", "size": "233"}, {"price": "0.93", "size": "108.33"}, {"price": "0.92", "size": "400"}, {"price": "0.89", "size": "66.66"}, {"price": "0.87", "size": "15.65"}, {"price": "0.86", "size": "20"}, {"price": "0.74", "size": "150"}, {"price": "0.73", "size": "66.66"}], "event_type": "book", "last_trade_price": ""}, {"market": "0xf02f7bdad6ea0408e2458d51d1ebda4e1a971b73db744e72feafda37662f5f32", "asset_id": "25156398822495495938647227384477127658523625314317233363372057954040354107544", "timestamp": "1769382776293", "hash": "af6d44dc7f3eafe807b8b408b8c65fc7a975fd71", "bids": [{"price": "0.01", "size": "40.47"}, {"price": "0.02", "size": "47.03"}, {"price": "0.03", "size": "33.52"}, {"price": "0.04", "size": "7.91"}, {"price": "0.05", "size": "20"}, {"price": "0.06", "size": "63.52"}], "asks": [{"price": "0.99", "size": "5581.35"}, {"price": "0.98", "size": "3500"}, {"price": "0.97", "size": "8.79"}, {"price": "0.95", "size": "30"}, {"price": "0.94", "size": "38.5"}, {"price": "0.92", "size": "500"}, {"price": "0.89", "size": "550"}, {"price": "0.88", "size": "10.49"}, {"price": "0.8", "size": "500"}, {"price": "0.79", "size": "100"}, {"price": "0.78", "size": "20"}, {"price": "0.7", "size": "250"}, {"price": "0.69", "size": "176"}, {"price": "0.6", "size": "191.66"}, {"price": "0.59", "size": "5"}, {"price": "0.26", "size": "150"}, {"price": "0.24", "size": "20"}, {"price": "0.2", "size": "78.14"}], "event_type": "book", "last_trade_price": ""}, {"market": "0xa8283451c9f1a16679d7212c8dfbc97c5b04396f6a9468d3c5553649cecbba55", "asset_id": "24657787472695227779775105483848950299647127871901437456155340798525352681458", "timestamp": "1769383942715", "hash": "66fc7f09f8614ecfed288e290fbe9b73b65d1d04", "bids": [{"price": "0.01", "size": "3577.65"}, {"price": "0.02", "size": "1811.46"}, {"price": "0.03", "size": "200"}, {"price": "0.04", "size": "108.57"}, {"price": "0.05", "size": "120"}, {"price": "0.06", "size": "233"}, {"price": "0.07", "size": "108.33"}, {"price": "0.08", "size": "400"}, {"price": "0.11", "size": "66.66"}, {"price": "0.13", "size": "15.65"}, {"price": "0.14", "size": "20"}, {"price": "0.26", "size": "150"}, {"price": "0.27", "size": "66.66"}], "asks": [{"price": "0.99", "size": "74.38"}, {"price": "0.98", "size": "13.61"}, {"price": "0.97", "size": "70"}, {"price": "0.95", "size": "10"}, {"price": "0.94", "size": "71.94"}, {"price": "0.9", "size": "5"}, {"price": "0.88", "size": "74.99"}], "event_type": "book", "last_trade_price": ""}, {"market": "0x456a25be7a7ccfa16557f646c03bc62c3f062f44c612f7593d6adfb4af310a5e", "asset_id": "91922365419979578761899555426556830677657695278320685651415513301953484448813", "timestamp": "1769383901924", "hash": "f17e08e47a5144cde1dcdedce140e45018b4f3ab", "bids": [{"price": "0.01", "size": "81.11"}, {"price": "0.02", "size": "1015.79"}, {"price": "0.03", "size": "300"}, {"price": "0.04", "size": "206.31"}, {"price": "0.05", "size": "230"}, {"price": "0.06", "size": "133"}, {"price": "0.07", "size": "8.06"}, {"price": "0.09", "size": "66.66"}, {"price": "0.1", "size": "33"}, {"price": "0.11", "size": "6.57"}, {"price": "0.12", "size": "20"}, {"price": "0.15", "size": "150"}, {"price": "0.18", "size": "71.66"}], "asks": [{"price": "0.99", "size": "77.45"}, {"price": "0.98", "size": "33"}, {"price": "0.97", "size": "6.17"}, {"price": "0.95", "size": "12"}, {"price": "0.94", "size": "6.66"}, {"price": "0.93", "size": "5.33"}, {"price": "0.9", "size": "66.66"}, {"price": "0.82", "size": "20"}, {"price": "0.81", "size": "76.92"}], "event_type": "book", "last_trade_price": ""}, {"market": "0xf02f7bdad6ea0408e2458d51d1ebda4e1a971b73db744e72feafda37662f5f32", "asset_id": "53142601836032353921428603998374169876112463855240251594449492407291753912902", "timestamp": "1769382776293", "hash": "fd273e4e12d5c3cb788a8b780e1e7da0fa873cec", "bids": [{"price": "0.01", "size": "5581.35"}, {"price": "0.02", "size": "3500"}, {"price": "0.03", "size": "8.79"}, {"price": "0.05", "size": "30"}, {"price": "0.06", "size": "38.5"}, {"price": "0.08", "size": "500"}, {"price": "0.11", "size": "550"}, {"price": "0.12", "size": "10.49"}, {"price": "0.2", "size": "500"}, {"price": "0.21", "size": "100"}, {"price": "0.22", "size": "20"}, {"price": "0.3", "size": "250"}, {"price": "0.31", "size": "176"}, {"price": "0.4", "size": "191.66"}, {"price": "0.41", "size": "5"}, {"price": "0.74", "size": "150"}, {"price": "0.76", "size": "20"}, {"price": "0.8", "size": "78.14"}], "asks": [{"price": "0.99", "size": "40.47"}, {"price": "0.98", "size": "47.03"}, {"price": "0.97", "size": "33.52"}, {"price": "0.96", "size": "7.91"}, {"price": "0.95", "size": "20"}, {"price": "0.94", "size": "63.52"}], "event_type": "book", "last_trade_price": ""}, {"market": "0x456a25be7a7ccfa16557f646c03bc62c3f062f44c612f7593d6adfb4af310a5e", "asset_id": "94509910138943869809873673971389505329720901050311969936848691724918864463020", "timestamp": "1769383901924", "hash": "730ec3e104691fac9def0b7c32778743dc56fa25", "bids": [{"price": "0.01", "size": "77.45"}, {"price": "0.02", "size": "33"}, {"price": "0.03", "size": "6.17"}, {"price": "0.05", "size": "12"}, {"price": "0.06", "size": "6.66"}, {"price": "0.07", "size": "5.33"}, {"price": "0.1", "size": "66.66"}, {"price": "0.18", "size": "20"}, {"price": "0.19", "size": "76.92"}], "asks": [{"price": "0.99", "size": "81.11"}, {"price": "0.98", "size": "1015.79"}, {"price": "0.97", "size": "300"}, {"price": "0.96", "size": "206.31"}, {"price": "0.95", "size": "230"}, {"price": "0.94", "size": "133"}, {"price": "0.93", "size": "8.06"}, {"price": "0.91", "size": "66.66"}, {"price": "0.9", "size": "33"}, {"price": "0.89", "size": "6.57"}, {"price": "0.88", "size": "20"}, {"price": "0.85", "size": "150"}, {"price": "0.82", "size": "71.66"}], "event_type": "book", "last_trade_price": ""}]}
{"_local_timestamp": "2026-01-25T23:33:55.516818+00:00", "data": {"market": "0xa8283451c9f1a16679d7212c8dfbc97c5b04396f6a9468d3c5553649cecbba55", "price_changes": [{"asset_id": "24657787472695227779775105483848950299647127871901437456155340798525352681458", "price": "0.02", "size": "1805.19", "side": "BUY", "hash": "a5c3ea63672b406dd5933369bb800a70316c95bc", "best_bid": "0.27", "best_ask": "0.88"}, {"asset_id": "13079668030553335845862854012551631199815311069250397534951802840231720955366", "price": "0.98", "size": "1805.19", "side": "SELL", "hash": "e8d08de6537c646052609c12aae6ec59d647b699", "best_bid": "0.12", "best_ask": "0.73"}], "timestamp": "1769384035433", "event_type": "price_change"}}
{"_local_timestamp": "2026-01-25T23:33:55.525770+00:00", "data": {"market": "0xa8283451c9f1a16679d7212c8dfbc97c5b04396f6a9468d3c5553649cecbba55", "price_changes": [{"asset_id": "24657787472695227779775105483848950299647127871901437456155340798525352681458", "price": "0.04", "size": "100", "side": "BUY", "hash": "a5c3ea63672b406dd5933369bb800a70316c95bc", "best_bid": "0.27", "best_ask": "0.88"}, {"asset_id": "13079668030553335845862854012551631199815311069250397534951802840231720955366", "price": "0.96", "size": "100", "side": "SELL", "hash": "e8d08de6537c646052609c12aae6ec59d647b699", "best_bid": "0.12", "best_ask": "0.73"}], "timestamp": "1769384035433", "event_type": "price_change"}}
{"_local_timestamp": "2026-01-25T23:33:55.526134+00:00", "data": {"market": "0xa8283451c9f1a16679d7212c8dfbc97c5b04396f6a9468d3c5553649cecbba55", "price_changes": [{"asset_id": "24657787472695227779775105483848950299647127871901437456155340798525352681458", "price": "0.07", "size": "100", "side": "BUY", "hash": "a5c3ea63672b406dd5933369bb800a70316c95bc", "best_bid": "0.27", "best_ask": "0.88"}, {"asset_id": "13079668030553335845862854012551631199815311069250397534951802840231720955366", "price": "0.93", "size": "100", "side": "SELL", "hash": "e8d08de6537c646052609c12aae6ec59d647b699", "best_bid": "0.12", "best_ask": "0.73"}], "timestamp": "1769384035433", "event_type": "price_change"}}
{"_local_timestamp": "2026-01-25T23:33:55.528144+00:00", "data": {"market": "0xa8283451c9f1a16679d7212c8dfbc97c5b04396f6a9468d3c5553649cecbba55", "price_changes": [{"asset_id": "24657787472695227779775105483848950299647127871901437456155340798525352681458", "price": "0.13", "size": "10", "side": "BUY", "hash": "a5c3ea63672b406dd5933369bb800a70316c95bc", "best_bid": "0.27", "best_ask": "0.88"}, {"asset_id": "13079668030553335845862854012551631199815311069250397534951802840231720955366", "price": "0.87", "size": "10", "side": "SELL", "hash": "e8d08de6537c646052609c12aae6ec59d647b699", "best_bid": "0.12", "best_ask": "0.73"}], "timestamp": "1769384035433", "event_type": "price_change"}}
{"_local_timestamp": "2026-01-25T23:33:55.866147+00:00", "data": {"market": "0xa8283451c9f1a16679d7212c8dfbc97c5b04396f6a9468d3c5553649cecbba55", "price_changes": [{"asset_id": "24657787472695227779775105483848950299647127871901437456155340798525352681458", "price": "0.15", "size": "5.16", "side": "BUY", "hash": "2dd4f0a5dbda33bd2879b0b98778a47619fb37c1", "best_bid": "0.27", "best_ask": "0.88"}, {"asset_id": "13079668030553335845862854012551631199815311069250397534951802840231720955366", "price": "0.85", "size": "5.16", "side": "SELL", "hash": "7ecdd92a8d1e3367fcf87d0b17736624c5e86517", "best_bid": "0.12", "best_ask": "0.73"}], "timestamp": "1769384035791", "event_type": "price_change"}}
{"_local_timestamp": "2026-01-25T23:33:55.873381+00:00", "data": {"market": "0xa8283451c9f1a16679d7212c8dfbc97c5b04396f6a9468d3c5553649cecbba55", "price_changes": [{"asset_id": "24657787472695227779775105483848950299647127871901437456155340798525352681458", "price": "0.05", "size": "125.49", "side": "BUY", "hash": "b9716133db932ea1dab49bd7a8c42d2cf65925e0", "best_bid": "0.27", "best_ask": "0.88"}, {"asset_id": "13079668030553335845862854012551631199815311069250397534951802840231720955366", "price": "0.95", "size": "125.49", "side": "SELL", "hash": "b5a39754e3f7dbaa91cb0dc67529821e3717bc4d", "best_bid": "0.12", "best_ask": "0.73"}], "timestamp": "1769384035800", "event_type": "price_change"}}
{"_local_timestamp": "2026-01-25T23:33:55.883426+00:00", "data": {"market": "0xa8283451c9f1a16679d7212c8dfbc97c5b04396f6a9468d3c5553649cecbba55", "price_changes": [{"asset_id": "24657787472695227779775105483848950299647127871901437456155340798525352681458", "price": "0.03", "size": "206.69", "side": "BUY", "hash": "926a694d89730ef2d6eb85cc3b143d0364c3577d", "best_bid": "0.27", "best_ask": "0.88"}, {"asset_id": "13079668030553335845862854012551631199815311069250397534951802840231720955366", "price": "0.97", "size": "206.69", "side": "SELL", "hash": "8833e8f7837039a8c01ef91e81e5942f63fc9a37", "best_bid": "0.12", "best_ask": "0.73"}], "timestamp": "1769384035812", "event_type": "price_change"}}
{"_local_timestamp": "2026-01-25T23:33:55.889091+00:00", "data": {"market": "0xa8283451c9f1a16679d7212c8dfbc97c5b04396f6a9468d3c5553649cecbba55", "price_changes": [{"asset_id": "24657787472695227779775105483848950299647127871901437456155340798525352681458", "price": "0.08", "size": "406.69", "side": "BUY", "hash": "b9220b69f70c91397ff29c9f1c9fe8a8c00be83c", "best_bid": "0.27", "best_ask": "0.88"}, {"asset_id": "13079668030553335845862854012551631199815311069250397534951802840231720955366", "price": "0.92", "size": "406.69", "side": "SELL", "hash": "5d0a21c43dd70d496a2805156334461968c21fcd", "best_bid": "0.12", "best_ask": "0.73"}], "timestamp": "1769384035824", "event_type": "price_change"}}
{"_local_timestamp": "2026-01-25T23:34:19.144029+00:00", "data": {"market": "0x456a25be7a7ccfa16557f646c03bc62c3f062f44c612f7593d6adfb4af310a5e", "price_changes": [{"asset_id": "91922365419979578761899555426556830677657695278320685651415513301953484448813", "price": "0.07", "size": "0", "side": "BUY", "hash": "c20eda65f043c8bc9e0d9504312b66081f85e4aa", "best_bid": "0.18", "best_ask": "0.81"}, {"asset_id": "94509910138943869809873673971389505329720901050311969936848691724918864463020", "price": "0.93", "size": "0", "side": "SELL", "hash": "697c5f3e624bd9610aeab6e313e116765cde9a1b", "best_bid": "0.19", "best_ask": "0.82"}], "timestamp": "1769384059012", "event_type": "price_change"}}
{"_local_timestamp": "2026-01-25T23:34:19.489137+00:00", "data": {"market": "0x456a25be7a7ccfa16557f646c03bc62c3f062f44c612f7593d6adfb4af310a5e", "price_changes": [{"asset_id": "91922365419979578761899555426556830677657695278320685651415513301953484448813", "price": "0.07", "size": "8.06", "side": "BUY", "hash": "bc58f3473383eec807abb26331449ffa76b4c689", "best_bid": "0.18", "best_ask": "0.81"}, {"asset_id": "94509910138943869809873673971389505329720901050311969936848691724918864463020", "price": "0.93", "size": "8.06", "side": "SELL", "hash": "f7da97ea93dbfaef570cd127b31cb3f2db5d27ba", "best_bid": "0.19", "best_ask": "0.82"}], "timestamp": "1769384059412", "event_type": "price_change"}}
{"_local_timestamp": "2026-01-25T23:35:13.326415+00:00", "data": {"market": "0x456a25be7a7ccfa16557f646c03bc62c3f062f44c612f7593d6adfb4af310a5e", "price_changes": [{"asset_id": "91922365419979578761899555426556830677657695278320685651415513301953484448813", "price": "0.05", "size": "130", "side": "BUY", "hash": "13184eb2accc5f772ed60f9056c359bbf96acb9c", "best_bid": "0.18", "best_ask": "0.81"}, {"asset_id": "94509910138943869809873673971389505329720901050311969936848691724918864463020", "price": "0.95", "size": "130", "side": "SELL", "hash": "f3fbceb239360cdc5e61bd5641ef4e30ceb1f0f5", "best_bid": "0.19", "best_ask": "0.82"}], "timestamp": "1769384113218", "event_type": "price_change"}}
{"_local_timestamp": "2026-01-25T23:35:13.333035+00:00", "data": {"market": "0xa8283451c9f1a16679d7212c8dfbc97c5b04396f6a9468d3c5553649cecbba55", "price_changes": [{"asset_id": "24657787472695227779775105483848950299647127871901437456155340798525352681458", "price": "0.05", "size": "25.49", "side": "BUY", "hash": "1c4eb6bd9dc4977cdf082e932438d1277405d1ec", "best_bid": "0.27", "best_ask": "0.88"}, {"asset_id": "13079668030553335845862854012551631199815311069250397534951802840231720955366", "price": "0.95", "size": "25.49", "side": "SELL", "hash": "e37d4be8c1bb810318b9990a8f0212c44ac034fa", "best_bid": "0.12", "best_ask": "0.73"}], "timestamp": "1769384113219", "event_type": "price_change"}}
{"_local_timestamp": "2026-01-25T23:35:13.804651+00:00", "data": {"market": "0xa8283451c9f1a16679d7212c8dfbc97c5b04396f6a9468d3c5553649cecbba55", "price_changes": [{"asset_id": "24657787472695227779775105483848950299647127871901437456155340798525352681458", "price": "0.09", "size": "100", "side": "BUY", "hash": "2ca740aa347126dd6fcf1dea3e9bfec7657e22d1", "best_bid": "0.27", "best_ask": "0.88"}, {"asset_id": "13079668030553335845862854012551631199815311069250397534951802840231720955366", "price": "0.91", "size": "100", "side": "SELL", "hash": "1f649ce7d0bef7a4c00f6a9dc1fac7bbf0df975f", "best_bid": "0.12", "best_ask": "0.73"}], "timestamp": "1769384113727", "event_type": "price_change"}}
{"_local_timestamp": "2026-01-25T23:35:13.804991+00:00", "data": {"market": "0x456a25be7a7ccfa16557f646c03bc62c3f062f44c612f7593d6adfb4af310a5e", "price_changes": [{"asset_id": "91922365419979578761899555426556830677657695278320685651415513301953484448813", "price": "0.04", "size": "306.31", "side": "BUY", "hash": "e06cf7442783338243ca3850c3597151221ac1a7", "best_bid": "0.18", "best_ask": "0.81"}, {"asset_id": "94509910138943869809873673971389505329720901050311969936848691724918864463020", "price": "0.96", "size": "306.31", "side": "SELL", "hash": "76157983f3e522427821508ef5feee4e1f5fcc49", "best_bid": "0.19", "best_ask": "0.82"}], "timestamp": "1769384113727", "event_type": "price_change"}}
