{"_local_timestamp": "2026-01-25T23:40:39.041144+00:00", "data": [{"market": "0x08e4cea3c55ded3bb7d1ab771bb6c14d3963fac75fefd5b59c4f52dce6019a62", "asset_id": "71154843059994247237624760034811568192562173240459827423146270067147035272157", "timestamp": "1769384433126", "hash": "aaf03073d33b746f9d7911b4a62e96f8d126ae61", "bids": [{"price": "0.01", "size": "12.6"}, {"price": "0.02", "size": "20"}, {"price": "0.03", "size": "15.29"}, {"price": "0.04", "size": "305"}, {"price": "0.05", "size": "10.2"}, {"price": "0.06", "size": "150.33"}, {"price": "0.07", "size": "12.92"}, {"price": "0.08", "size": "55"}, {"price": "0.09", "size": "106.19"}, {"price": "0.1", "size": "260.99"}, {"price": "0.11", "size": "275"}, {"price": "0.12", "size": "933.33"}], "asks": [{"price": "0.99", "size": "8809.74"}, {"price": "0.98", "size": "2200"}, {"price": "0.97", "size": "9.1"}, {"price": "0.95", "size": "30"}, {"price": "0.94", "size": "33"}, {"price": "0.93", "size": "500"}, {"price": "0.91", "size": "900"}, {"price": "0.9", "size": "6.29"}, {"price": "0.86", "size": "242.85"}, {"price": "0.85", "size": "550"}, {"price": "0.84", "size": "1450"}, {"price": "0.82", "size": "177.77"}, {"price": "0.79", "size": "760"}, {"price": "0.78", "size": "2058"}, {"price": "0.77", "size": "121.73"}, {"price": "0.73", "size": "96.29"}, {"price": "0.71", "size": "3366"}, {"price": "0.69", "size": "400"}, {"price": "0.68", "size": "300"}, {"price": "0.64", "size": "180.55"}, {"price": "0.61", "size": "8.55"}, {"price": "0.54", "size": "10"}, {"price": "0.52", "size": "10"}, {"price": "0.37", "size": "245"}, {"price": "0.36", "size": "100"}, {"price": "0.25", "size": "200"}, {"price": "0.15", "size": "325"}, {"price": "0.14", "size": "50"}, {"price": "0.13", "size": "5.53"}], "event_type": "book", "last_trade_price": ""}, {"market": "0x29271437572fd58353539701b2f2d7717cb27098be8f2d61ac68097ee1a904e2", "asset_id": "102979187600939812579181707251830214545859759571297676718971996931510245907237", "timestamp": "1769384431896", "hash": "b6f879270bd88ae6da5f855987bbf10bfa81419e", "bids": [{"price": "0.01", "size": "3000"}, {"price": "0.02", "size": "269.77"}, {"price": "0.03", "size": "20.14"}, {"price": "0.05", "size": "300"}, {"price": "0.06", "size": "305"}, {"price": "0.07", "size": "1428.49"}], "asks": [{"price": "0.99", "size": "5516.05"}, {"price": "0.98", "size": "2200"}, {"price": "0.97", "size": "9.5"}, {"price": "0.95", "size": "30"}, {"price": "0.94", "size": "33"}, {"price": "0.93", "size": "6.41"}, {"price": "0.91", "size": "1200"}, {"price": "0.86", "size": "842.85"}, {"price": "0.85", "size": "7.37"}, {"price": "0.81", "size": "168.42"}, {"price": "0.8", "size": "400"}, {"price": "0.78", "size": "776"}, {"price": "0.77", "size": "2047.73"}, {"price": "0.72", "size": "92.85"}, {"price": "0.71", "size": "200"}, {"price": "0.67", "size": "72.72"}, {"price": "0.66", "size": "1764"}, {"price": "0.65", "size": "4070"}, {"price": "0.64", "size": "300"}, {"price": "0.63", "size": "129.05"}, {"price": "0.53", "size": "5"}, {"price": "0.25", "size": "100"}, {"price": "0.24", "size": "20"}, {"price": "0.14", "size": "365.83"}, {"price": "0.11", "size": "200"}, {"price": "0.1", "size": "160"}, {"price": "0.09", "size": "361.61"}, {"price": "0.08", "size": "255.1"}], "event_type": "book", "last_trade_price": ""}, {"market": "0x29271437572fd58353539701b2f2d7717cb27098be8f2d61ac68097ee1a904e2", "asset_id": "102079907506920911172638618936058182844332853810504026717141669988902032059766", "timestamp": "1769384431896", "hash": "bc9e371603fcd9dcf08733293ccf0678a5a4f73e", "bids": [{"price": "0.01", "size": "5516.05"}, {"price": "0.02", "size": "2200"}, {"price": "0.03", "size": "9.5"}, {"price": "0.05", "size": "30"}, {"price": "0.06", "size": "33"}, {"price": "0.07", "size": "6.41"}, {"price": "0.09", "size": "1200"}, {"price": "0.14", "size": "842.85"}, {"price": "0.15", "size": "7.37"}, {"price": "0.19", "size": "168.42"}, {"price": "0.2", "size": "400"}, {"price": "0.22", "size": "776"}, {"price": "0.23", "size": "2047.73"}, {"price": "0.28", "size": "92.85"}, {"price": "0.29", "size": "200"}, {"price": "0.33", "size": "72.72"}, {"price": "0.34", "size": "1764"}, {"price": "0.35", "size": "4070"}, {"price": "0.36", "size": "300"}, {"price": "0.37", "size": "129.05"}, {"price": "0.47", "size": "5"}, {"price": "0.75", "size": "100"}, {"price": "0.76", "size": "20"}, {"price": "0.86", "size": "365.83"}, {"price": "0.89", "size": "200"}, {"price": "0.9", "size": "160"}, {"price": "0.91", "size": "361.61"}, {"price": "0.92", "size": "255.1"}], "asks": [{"price": "0.99", "size": "3000"}, {"price": "0.98", "size": "269.77"}, {"price": "0.97", "size": "20.14"}, {"price": "0.95", "size": "300"}, {"price": "0.94", "size": "305"}, {"price": "0.93", "size": "1428.49"}], "event_type": "book", "last_trade_price": ""}, {"market": "0x08e4cea3c55ded3bb7d1ab771bb6c14d3963fac75fefd5b59c4f52dce6019a62", "asset_id": "108394778822564022837882134264212554176350354267790900487346083741419834749031", "timestamp": "1769384433126", "hash": "c78db1a6006bc0fdec9edf86e8b743c7ede57bcf", "bids": [{"price": "0.01", "size": "8809.74"}, {"price": "0.02", "size": "2200"}, {"price": "0.03", "size": "9.1"}, {"price": "0.05", "size": "30"}, {"price": "0.06", "size": "33"}, {"price": "0.07", "size": "500"}, {"price": "0.09", "size": "900"}, {"price": "0.1", "size": "6.29"}, {"price": "0.14", "size": "242.85"}, {"price": "0.15", "size": "550"}, {"price": "0.16", "size": "1450"}, {"price": "0.18", "size": "177.77"}, {"price": "0.21", "size": "760"}, {"price": "0.22", "size": "2058"}, {"price": "0.23", "size": "121.73"}, {"price": "0.27", "size": "96.29"}, {"price": "0.29", "size": "3366"}, {"price": "0.31", "size": "400"}, {"price": "0.32", "size": "300"}, {"price": "0.36", "size": "180.55"}, {"price": "0.39", "size": "8.55"}, {"price": "0.46", "size": "10"}, {"price": "0.48", "size": "10"}, {"price": "0.63", "size": "245"}, {"price": "0.64", "size": "100"}, {"price": "0.75", "size": "200"}, {"price": "0.85", "size": "325"}, {"price": "0.86", "size": "50"}, {"price": "0.87", "size": "5.53"}], "asks": [{"price": "0.99", "size": "12.6"}, {"price": "0.98", "size": "20"}, {"price": "0.97", "size": "15.29"}, {"price": "0.96", "size": "305"}, {"price": "0.95", "size": "10.2"}, {"price": "0.94", "size": "150.33"}, {"price": "0.93", "size": "12.92"}, {"price": "0.92", "size": "55"}, {"price": "0.91", "size": "106.19"}, {"price": "0.9", "size": "260.99"}, {"price": "0.89", "size": "275"}, {"price": "0.88", "size": "933.33"}], "event_type": "book", "last_trade_price": ""}]}
{"_local_timestamp": "2026-01-25T23:41:06.442095+00:00", "data": {"market": "0x29271437572fd58353539701b2f2d7717cb27098be8f2d61ac68097ee1a904e2", "price_changes": [{"asset_id": "102079907506920911172638618936058182844332853810504026717141669988902032059766", "price": "0.9", "size": "110", "side": "BUY", "hash": "4f9988140f39331fc10cab4378995cd6a9d24544", "best_bid": "0.92", "best_ask": "0.93"}, {"asset_id": "102979187600939812579181707251830214545859759571297676718971996931510245907237", "price": "0.1", "size": "110", "side": "SELL", "hash": "671ca872981b9e015c2f94f7fde2497b9548be90", "best_bid": "0.07", "best_ask": "0.08"}], "timestamp": "1769384466195", "event_type": "price_change"}}
{"_local_timestamp": "2026-01-25T23:41:06.546760+00:00", "data": {"market": "0x29271437572fd58353539701b2f2d7717cb27098be8f2d61ac68097ee1a904e2", "price_changes": [{"asset_id": "102979187600939812579181707251830214545859759571297676718971996931510245907237", "price": "0.05", "size": "250", "side": "BUY", "hash": "90e767b63fa66c03134571b59918a7ffc4b94e11", "best_bid": "0.07", "best_ask": "0.08"}, {"asset_id": "102079907506920911172638618936058182844332853810504026717141669988902032059766", "price": "0.95", "size": "250", "side": "SELL", "hash": "2f7ee6e3cba930c809f216b7ae350868347d720d", "best_bid": "0.92", "best_ask": "0.93"}], "timestamp": "1769384466196", "event_type": "price_change"}}
{"_local_timestamp": "2026-01-25T23:41:09.782707+00:00", "data": {"market": "0x29271437572fd58353539701b2f2d7717cb27098be8f2d61ac68097ee1a904e2", "price_changes": [{"asset_id": "102079907506920911172638618936058182844332853810504026717141669988902032059766", "price": "0.9", "size": "160", "side": "BUY", "hash": "6f4922573b701171ec9d624094e5dd7422644a70", "best_bid": "0.92", "best_ask": "0.93"}, {"asset_id": "102979187600939812579181707251830214545859759571297676718971996931510245907237", "price": "0.1", "size": "160", "side": "SELL", "hash": "33fa1c03051b5b975786864e42b2c380c8f3ca04", "best_bid": "0.07", "best_ask": "0.08"}], "timestamp": "1769384469696", "event_type": "price_change"}}
{"_local_timestamp": "2026-01-25T23:41:11.251209+00:00", "data": {"market": "0x29271437572fd58353539701b2f2d7717cb27098be8f2d61ac68097ee1a904e2", "price_changes": [{"asset_id": "102979187600939812579181707251830214545859759571297676718971996931510245907237", "price": "0.05", "size": "300", "side": "BUY", "hash": "41d0c2f19e179bc81214b52b8910d73171f51a0f", "best_bid": "0.07", "best_ask": "0.08"}, {"asset_id": "102079907506920911172638618936058182844332853810504026717141669988902032059766", "price": "0.95", "size": "300", "side": "SELL", "hash": "e5f023bc8350149d30fa8dbcb1d5ae547362e0d8", "best_bid": "0.92", "best_ask": "0.93"}], "timestamp": "1769384471093", "event_type": "price_change"}}
{"_local_timestamp": "2026-01-25T23:41:50.917393+00:00", "data": {"market": "0x29271437572fd58353539701b2f2d7717cb27098be8f2d61ac68097ee1a904e2", "price_changes": [{"asset_id": "102079907506920911172638618936058182844332853810504026717141669988902032059766", "price": "0.29", "size": "100", "side": "BUY", "hash": "b44ebc522ea354d1360429c62761f800b9300688", "best_bid": "0.92", "best_ask": "0.93"}, {"asset_id": "102979187600939812579181707251830214545859759571297676718971996931510245907237", "price": "0.71", "size": "100", "side": "SELL", "hash": "5ef54460303542eaa79681ac0806eddef047b33a", "best_bid": "0.07", "best_ask": "0.08"}], "timestamp": "1769384510757", "event_type": "price_change"}}
{"_local_timestamp": "2026-01-25T23:41:52.894530+00:00", "data": {"market": "0x29271437572fd58353539701b2f2d7717cb27098be8f2d61ac68097ee1a904e2", "price_changes": [{"asset_id": "102079907506920911172638618936058182844332853810504026717141669988902032059766", "price": "0.23", "size": "2147.73", "side": "BUY", "hash": "f2e8e1808812694691fa4064edb21d558b651c93", "best_bid": "0.92", "best_ask": "0.93"}, {"asset_id": "102979187600939812579181707251830214545859759571297676718971996931510245907237", "price": "0.77", "size": "2147.73", "side": "SELL", "hash": "c936a20ac7ffe86ecc9fdf5720cec768b0793c4a", "best_bid": "0.07", "best_ask": "0.08"}], "timestamp": "1769384511843", "event_type": "price_change"}}
{"_local_timestamp": "2026-01-25T23:42:07.624877+00:00", "data": {"market": "0x08e4cea3c55ded3bb7d1ab771bb6c14d3963fac75fefd5b59c4f52dce6019a62", "price_changes": [{"asset_id": "71154843059994247237624760034811568192562173240459827423146270067147035272157", "price": "0.05", "size": "0", "side": "BUY", "hash": "511403ccff721703a85c3239cd5c9bdecd33bf6d", "best_bid": "0.12", "best_ask": "0.13"}, {"asset_id": "108394778822564022837882134264212554176350354267790900487346083741419834749031", "price": "0.95", "size": "0", "side": "SELL", "hash": "d70ab612b4b4f440d3756d7508b5d52f042880ba", "best_bid": "0.87", "best_ask": "0.88"}], "timestamp": "1769384527540", "event_type": "price_change"}}
{"_local_timestamp": "2026-01-25T23:42:07.637825+00:00", "data": {"market": "0x08e4cea3c55ded3bb7d1ab771bb6c14d3963fac75fefd5b59c4f52dce6019a62", "price_changes": [{"asset_id": "71154843059994247237624760034811568192562173240459827423146270067147035272157", "price": "0.07", "size": "0", "side": "BUY", "hash": "511403ccff721703a85c3239cd5c9bdecd33bf6d", "best_bid": "0.12", "best_ask": "0.13"}, {"asset_id": "108394778822564022837882134264212554176350354267790900487346083741419834749031", "price": "0.93", "size": "0", "side": "SELL", "hash": "d70ab612b4b4f440d3756d7508b5d52f042880ba", "best_bid": "0.87", "best_ask": "0.88"}], "timestamp": "1769384527540", "event_type": "price_change"}}
{"_local_timestamp": "2026-01-25T23:42:09.891521+00:00", "data": {"market": "0x08e4cea3c55ded3bb7d1ab771bb6c14d3963fac75fefd5b59c4f52dce6019a62", "price_changes": [{"asset_id": "71154843059994247237624760034811568192562173240459827423146270067147035272157", "price": "0.08", "size": "64.58", "side": "BUY", "hash": "397f7a89c61f2ad1ceda445a6975c4017e53051b", "best_bid": "0.12", "best_ask": "0.13"}, {"asset_id": "108394778822564022837882134264212554176350354267790900487346083741419834749031", "price": "0.92", "size": "64.58", "side": "SELL", "hash": "44da1f7daba1894e199e6197b5059948edd2bb74", "best_bid": "0.87", "best_ask": "0.88"}], "timestamp": "1769384529813", "event_type": "price_change"}}
{"_local_timestamp": "2026-01-25T23:42:09.892764+00:00", "data": {"market": "0x08e4cea3c55ded3bb7d1ab771bb6c14d3963fac75fefd5b59c4f52dce6019a62", "price_changes": [{"asset_id": "71154843059994247237624760034811568192562173240459827423146270067147035272157", "price": "0.01", "size": "20.9", "side": "BUY", "hash": "4ba4da4ba7989018f277e1b202ad2f0abdd9bb06", "best_bid": "0.12", "best_ask": "0.13"}, {"asset_id": "108394778822564022837882134264212554176350354267790900487346083741419834749031", "price": "0.99", "size": "20.9", "side": "SELL", "hash": "3ddb0d2741a288fd723151aa80bff1bb8c7e3529", "best_bid": "0.87", "best_ask": "0.88"}], "timestamp": "1769384529814", "event_type": "price_change"}}
{"_local_timestamp": "2026-01-25T23:42:09.893856+00:00", "data": {"market": "0x08e4cea3c55ded3bb7d1ab771bb6c14d3963fac75fefd5b59c4f52dce6019a62", "price_changes": [{"asset_id": "71154843059994247237624760034811568192562173240459827423146270067147035272157", "price": "0.06", "size": "159.75", "side": "BUY", "hash": "0c0c5fbc4d00b6546b6247652be9d294481e2ed8", "best_bid": "0.12", "best_ask": "0.13"}, {"asset_id": "108394778822564022837882134264212554176350354267790900487346083741419834749031", "price": "0.94", "size": "159.75", "side": "SELL", "hash": "9c0495b1991f9d74df823f35b6b6853a6a9278d4", "best_bid": "0.87", "best_ask": "0.88"}], "timestamp": "1769384529815", "event_type": "price_change"}}
{"_local_timestamp": "2026-01-25T23:42:24.957460+00:00", "data": {"market": "0x29271437572fd58353539701b2f2d7717cb27098be8f2d61ac68097ee1a904e2", "price_changes": [{"asset_id": "102079907506920911172638618936058182844332853810504026717141669988902032059766", "price": "0.29", "size": "50", "side": "BUY", "hash": "3f512f474f7c11190f6d083e5b0755943ee5b07d", "best_bid": "0.92", "best_ask": "0.93"}, {"asset_id": "102979187600939812579181707251830214545859759571297676718971996931510245907237", "price": "0.71", "size": "50", "side": "SELL", "hash": "133df85c0d9cfa31bcdf23885eca1aa0aa85fe4f", "best_bid": "0.07", "best_ask": "0.08"}], "timestamp": "1769384544880", "event_type": "price_change"}}
{"_local_timestamp": "2026-01-25T23:42:25.233042+00:00", "data": {"market": "0x29271437572fd58353539701b2f2d7717cb27098be8f2d61ac68097ee1a904e2", "price_changes": [{"asset_id": "102079907506920911172638618936058182844332853810504026717141669988902032059766", "price": "0.28", "size": "142.85", "side": "BUY", "hash": "53a74fb9cb5889521d37c3802cc0fce22dc21516", "best_bid": "0.92", "best_ask": "0.93"}, {"asset_id": "102979187600939812579181707251830214545859759571297676718971996931510245907237", "price": "0.72", "size": "142.85", "side": "SELL", "hash": "209a9883c9dc9290a0e2d643214672effa2b150b", "best_bid": "0.07", "best_ask": "0.08"}], "timestamp": "1769384545151", "event_type": "price_change"}}
{"_local_timestamp": "2026-01-25T23:42:30.474481+00:00", "data": {"market": "0x29271437572fd58353539701b2f2d7717cb27098be8f2d61ac68097ee1a904e2", "price_changes": [{"asset_id": "102979187600939812579181707251830214545859759571297676718971996931510245907237", "price": "0.02", "size": "250", "side": "BUY", "hash": "a08d19fb5e9af765016c0c343662e6256adbcb50", "best_bid": "0.07", "best_ask": "0.08"}, {"asset_id": "102079907506920911172638618936058182844332853810504026717141669988902032059766", "price": "0.98", "size": "250", "side": "SELL", "hash": "f23df697407d26924a0d8fa90dfccdcb3c7a7562", "best_bid": "0.92", "best_ask": "0.93"}], "timestamp": "1769384550404", "event_type": "price_change"}}
{"_local_timestamp": "2026-01-25T23:42:30.474840+00:00", "data": {"market": "0x29271437572fd58353539701b2f2d7717cb27098be8f2d61ac68097ee1a904e2", "price_changes": [{"asset_id": "102979187600939812579181707251830214545859759571297676718971996931510245907237", "price": "0.03", "size": "7.93", "side": "BUY", "hash": "a08d19fb5e9af765016c0c343662e6256adbcb50", "best_bid": "0.07", "best_ask": "0.08"}, {"asset_id": "102079907506920911172638618936058182844332853810504026717141669988902032059766", "price": "0.97", "size": "7.93", "side": "SELL", "hash": "f23df697407d26924a0d8fa90dfccdcb3c7a7562", "best_bid": "0.92", "best_ask": "0.93"}], "timestamp": "1769384550404", "event_type": "price_change"}}
{"_local_timestamp": "2026-01-25T23:42:32.865425+00:00", "data": {"market": "0x29271437572fd58353539701b2f2d7717cb27098be8f2d61ac68097ee1a904e2", "price_changes": [{"asset_id": "102979187600939812579181707251830214545859759571297676718971996931510245907237", "price": "0.03", "size": "20.14", "side": "BUY", "hash": "db6a4fa2b469b6c573898594d9ea2d2b0e1257c5", "best_bid": "0.07", "best_ask": "0.08"}, {"asset_id": "102079907506920911172638618936058182844332853810504026717141669988902032059766", "price": "0.97", "size": "20.14", "side": "SELL", "hash": "b0a5292c6f07ccc1b44b5221c9d0b8ade68bec76", "best_bid": "0.92", "best_ask": "0.93"}], "timestamp": "1769384552799", "event_type": "price_change"}}
{"_local_timestamp": "2026-01-25T23:42:32.865827+00:00", "data": {"market": "0x29271437572fd58353539701b2f2d7717cb27098be8f2d61ac68097ee1a904e2", "price_changes": [{"asset_id": "102979187600939812579181707251830214545859759571297676718971996931510245907237", "price": "0.02", "size": "269.77", "side": "BUY", "hash": "bf137cf1ec237c145d68a41e3bf418fe929ab756", "best_bid": "0.07", "best_ask": "0.08"}, {"asset_id": "102079907506920911172638618936058182844332853810504026717141669988902032059766", "price": "0.98", "size": "269.77", "side": "SELL", "hash": "44f78a7b981fbeec997c4027bb54f9d6826595e2", "best_bid": "0.92", "best_ask": "0.93"}], "timestamp": "1769384552800", "event_type": "price_change"}}
