{"_local_timestamp": "2026-01-25T23:34:17.324891+00:00", "data": [{"market": "0x561fbcac1b906bfc402452d6b78e1e96b9fd22b1ea300b39bf53bf6a07baba13", "asset_id": "29676705333169940461347040056126056079934951329499186492802247818185725100894", "timestamp": "1769384020561", "hash": "33cbc0894fbe8a9df503f02309582329a535f3e6", "bids": [{"price": "0.01", "size": "1513.32"}, {"price": "0.02", "size": "205"}, {"price": "0.03", "size": "12.18"}, {"price": "0.05", "size": "90"}, {"price": "0.09", "size": "111.11"}, {"price": "0.1", "size": "5.51"}, {"price": "0.11", "size": "300"}, {"price": "0.18", "size": "72.22"}, {"price": "0.19", "size": "67.89"}, {"price": "0.28", "size": "1161.4"}, {"price": "0.29", "size": "351"}], "asks": [{"price": "0.99", "size": "1214.84"}, {"price": "0.98", "size": "650"}, {"price": "0.97", "size": "10.28"}, {"price": "0.95", "size": "100"}, {"price": "0.94", "size": "33"}, {"price": "0.91", "size": "111.11"}, {"price": "0.9", "size": "500"}, {"price": "0.89", "size": "5.39"}, {"price": "0.85", "size": "325"}, {"price": "0.84", "size": "125"}, {"price": "0.8", "size": "450"}, {"price": "0.79", "size": "1998"}, {"price": "0.78", "size": "150"}, {"price": "0.49", "size": "215.69"}, {"price": "0.47", "size": "50"}, {"price": "0.44", "size": "5"}, {"price": "0.4", "size": "300"}, {"price": "0.39", "size": "21.31"}, {"price": "0.38", "size": "17.74"}, {"price": "0.36", "size": "20"}, {"price": "0.35", "size": "479.6"}, {"price": "0.34", "size": "6845"}, {"price": "0.33", "size": "1439.7"}, {"price": "0.32", "size": "360.17"}], "event_type": "book", "last_trade_price": "0.280"}, {"market": "0x561fbcac1b906bfc402452d6b78e1e96b9fd22b1ea300b39bf53bf6a07baba13", "asset_id": "75863487666157339093275956500894580497267058502965366467719210100093450458221", "timestamp": "1769384020561", "hash": "2a60bad8af4bda08ef405ee5f8e667f0c47b9f51", "bids": [{"price": "0.01", "size": "1214.84"}, {"price": "0.02", "size": "650"}, {"price": "0.03", "size": "10.28"}, {"price": "0.05", "size": "100"}, {"price": "0.06", "size": "33"}, {"price": "0.09", "size": "111.11"}, {"price": "0.1", "size": "500"}, {"price": "0.11", "size": "5.39"}, {"price": "0.15", "size": "325"}, {"price": "0.16", "size": "125"}, {"price": "0.2", "size": "450"}, {"price": "0.21", "size": "1998"}, {"price": "0.22", "size": "150"}, {"price": "0.51", "size": "215.69"}, {"price": "0.53", "size": "50"}, {"price": "0.56", "size": "5"}, {"price": "0.6", "size": "300"}, {"price": "0.61", "size": "21.31"}, {"price": "0.62", "size": "17.74"}, {"price": "0.64", "size": "20"}, {"price": "0.65", "size": "479.6"}, {"price": "0.66", "size": "6845"}, {"price": "0.67", "size": "1439.7"}, {"price": "0.68", "size": "360.17"}], "asks": [{"price": "0.99", "size": "1513.32"}, {"price": "0.98", "size": "205"}, {"price": "0.97", "size": "12.18"}, {"price": "0.95", "size": "90"}, {"price": "0.91", "size": "111.11"}, {"price": "0.9", "size": "5.51"}, {"price": "0.89", "size": "300"}, {"price": "0.82", "size": "72.22"}, {"price": "0.81", "size": "67.89"}, {"price": "0.72", "size": "1161.4"}, {"price": "0.71", "size": "351"}], "event_type": "book", "last_trade_price": "0.280"}]}
{"_local_timestamp": "2026-01-25T23:34:19.849888+00:00", "data": {"market": "0x561fbcac1b906bfc402452d6b78e1e96b9fd22b1ea300b39bf53bf6a07baba13", "price_changes": [{"asset_id": "75863487666157339093275956500894580497267058502965366467719210100093450458221", "price": "0.21", "size": "0", "side": "BUY", "hash": "2e19a3499c1ecaf428d4a737b34da412326a9e47", "best_bid": "0.68", "best_ask": "0.71"}, {"asset_id": "29676705333169940461347040056126056079934951329499186492802247818185725100894", "price": "0.79", "size": "0", "side": "SELL", "hash": "ef2a92e8f265b20ededb6c6606a70e162eef3b2d", "best_bid": "0.29", "best_ask": "0.32"}], "timestamp": "1769384059754", "event_type": "price_change"}}
{"_local_timestamp": "2026-01-25T23:34:24.110324+00:00", "data": {"market": "0x561fbcac1b906bfc402452d6b78e1e96b9fd22b1ea300b39bf53bf6a07baba13", "price_changes": [{"asset_id": "75863487666157339093275956500894580497267058502965366467719210100093450458221", "price": "0.22", "size": "2058", "side": "BUY", "hash": "abfcbc2e990d7a81d3c3e0416559eec588e50fe7", "best_bid": "0.68", "best_ask": "0.71"}, {"asset_id": "29676705333169940461347040056126056079934951329499186492802247818185725100894", "price": "0.78", "size": "2058", "side": "SELL", "hash": "83eb33afb74adb908d5080a09cdc71deb9fb6a1b", "best_bid": "0.29", "best_ask": "0.32"}], "timestamp": "1769384064025", "event_type": "price_change"}}
{"_local_timestamp": "2026-01-25T23:35:26.661266+00:00", "data": {"market": "0x561fbcac1b906bfc402452d6b78e1e96b9fd22b1ea300b39bf53bf6a07baba13", "price_changes": [{"asset_id": "75863487666157339093275956500894580497267058502965366467719210100093450458221", "price": "0.22", "size": "2008", "side": "BUY", "hash": "8f87bcbdc69085e268e1c782c32d47433b760097", "best_bid": "0.68", "best_ask": "0.71"}, {"asset_id": "29676705333169940461347040056126056079934951329499186492802247818185725100894", "price": "0.78", "size": "2008", "side": "SELL", "hash": "8f804415259d70c62860f016e729d0389bb7ece2", "best_bid": "0.29", "best_ask": "0.32"}], "timestamp": "1769384126561", "event_type": "price_change"}}
{"_local_timestamp": "2026-01-25T23:35:27.038771+00:00", "data": {"market": "0x561fbcac1b906bfc402452d6b78e1e96b9fd22b1ea300b39bf53bf6a07baba13", "price_changes": [{"asset_id": "75863487666157339093275956500894580497267058502965366467719210100093450458221", "price": "0.21", "size": "50", "side": "BUY", "hash": "84bf06b01e352c126c1ea849353ec152bf5820ee", "best_bid": "0.68", "best_ask": "0.71"}, {"asset_id": "29676705333169940461347040056126056079934951329499186492802247818185725100894", "price": "0.79", "size": "50", "side": "SELL", "hash": "d915ad0d10e37b97b319ad43022dc394ee9ad9e2", "best_bid": "0.29", "best_ask": "0.32"}], "timestamp": "1769384126870", "event_type": "price_change"}}
{"_local_timestamp": "2026-01-25T23:37:13.098071+00:00", "data": {"market": "0x561fbcac1b906bfc402452d6b78e1e96b9fd22b1ea300b39bf53bf6a07baba13", "price_changes": [{"asset_id": "75863487666157339093275956500894580497267058502965366467719210100093450458221", "price": "0.21", "size": "0", "side": "BUY", "hash": "aa54a0d240b3c848aeb5008d5e3dca3ccac73267", "best_bid": "0.68", "best_ask": "0.71"}, {"asset_id": "29676705333169940461347040056126056079934951329499186492802247818185725100894", "price": "0.79", "size": "0", "side": "SELL", "hash": "4ee72196f6c751f43b50e59b01ef183a9aa413db", "best_bid": "0.29", "best_ask": "0.32"}], "timestamp": "1769384232997", "event_type": "price_change"}}
{"_local_timestamp": "2026-01-25T23:37:13.522499+00:00", "data": {"market": "0x561fbcac1b906bfc402452d6b78e1e96b9fd22b1ea300b39bf53bf6a07baba13", "price_changes": [{"asset_id": "75863487666157339093275956500894580497267058502965366467719210100093450458221", "price": "0.22", "size": "2058", "side": "BUY", "hash": "ecc074ccb64978e5dac79c72589d3c544123af00", "best_bid": "0.68", "best_ask": "0.71"}, {"asset_id": "29676705333169940461347040056126056079934951329499186492802247818185725100894", "price": "0.78", "size": "2058", "side": "SELL", "hash": "16de4622f9f2da8aa42a1c214b1d93811813148b", "best_bid": "0.29", "best_ask": "0.32"}], "timestamp": "1769384233383", "event_type": "price_change"}}
