{"_local_timestamp": "2026-01-25T23:34:21.659743+00:00", "data": [{"market": "0xe99e19fc2d4afa4dffae980de0ed171656b994f7d3f39250d3f0f4967ee01f2b", "asset_id": "32160605956782177942193446994992871935715493116417878900855613409055227267247", "timestamp": "1769383982708", "hash": "1c3635580328b323ba015a6da4116e7ba35b3b27", "bids": [{"price": "0.001", "size": "101213"}, {"price": "0.036", "size": "1000"}, {"price": "0.087", "size": "10500"}, {"price": "0.141", "size": "376"}, {"price": "0.223", "size": "34"}, {"price": "0.523", "size": "253"}, {"price": "0.723", "size": "97"}, {"price": "0.724", "size": "223"}, {"price": "0.823", "size": "173"}, {"price": "0.923", "size": "248"}, {"price": "0.924", "size": "144"}, {"price": "0.925", "size": "25"}, {"price": "0.926", "size": "5.47"}, {"price": "0.995", "size": "295"}, {"price": "0.999", "size": "600"}], "asks": [], "event_type": "book", "last_trade_price": "0.001"}, {"market": "0xe99e19fc2d4afa4dffae980de0ed171656b994f7d3f39250d3f0f4967ee01f2b", "asset_id": "20223974049029274630188730400535461483606889439141020195679089734448404926544", "timestamp": "1769383982708", "hash": "ef2515056b3cad2f7a0285f2c88c127e1cd98972", "bids": [], "asks": [{"price": "0.999", "size": "101213"}, {"price": "0.964", "size": "1000"}, {"price": "0.913", "size": "10500"}, {"price": "0.859", "size": "376"}, {"price": "0.777", "size": "34"}, {"price": "0.477", "size": "253"}, {"price": "0.277", "size": "97"}, {"price": "0.276", "size": "223"}, {"price": "0.177", "size": "173"}, {"price": "0.077", "size": "248"}, {"price": "0.076", "size": "144"}, {"price": "0.075", "size": "25"}, {"price": "0.074", "size": "5.47"}, {"price": "0.005", "size": "295"}, {"price": "0.001", "size": "600"}], "event_type": "book", "last_trade_price": "0.001"}, {"market": "0xdedf0c7d2feb5e2fdaa762286ac3ed2296ff9b50fa34bac1319956b1f63fd0d4", "asset_id": "14294355491787071575662650693133252110798564808732671933032523653639104015125", "timestamp": "1769382996429", "hash": "093456b6a72428e860aa9146146da0d04998682d", "bids": [{"price": "0.01", "size": "5.47"}], "asks": [], "event_type": "book", "last_trade_price": ""}, {"market": "0xdedf0c7d2feb5e2fdaa762286ac3ed2296ff9b50fa34bac1319956b1f63fd0d4", "asset_id": "98445004110461590634077844749927078153806354491159081230065501538670645235519", "timestamp": "1769382996429", "hash": "db06610da66a0630c2a8ce197164a2d2e416b123", "bids": [], "asks": [{"price": "0.99", "size": "5.47"}], "event_type": "book", "last_trade_price": ""}]}
{"_local_timestamp": "2026-01-25T23:35:53.261865+00:00", "data": {"market": "0xe99e19fc2d4afa4dffae980de0ed171656b994f7d3f39250d3f0f4967ee01f2b", "price_changes": [{"asset_id": "32160605956782177942193446994992871935715493116417878900855613409055227267247", "price": "0.037", "size": "10000", "side": "BUY", "hash": "2cb8b6faa3d1edbd3423fb3d2e42616c04cfc877", "best_bid": "0.999", "best_ask": "1"}, {"asset_id": "20223974049029274630188730400535461483606889439141020195679089734448404926544", "price": "0.963", "size": "10000", "side": "SELL", "hash": "7c96ff1354c6939e069687af3baa9e7a01b6c108", "best_bid": "0", "best_ask": "0.001"}], "timestamp": "1769384153186", "event_type": "price_change"}}
{"_local_timestamp": "2026-01-25T23:35:54.533195+00:00", "data": {"market": "0xe99e19fc2d4afa4dffae980de0ed171656b994f7d3f39250d3f0f4967ee01f2b", "price_changes": [{"asset_id": "32160605956782177942193446994992871935715493116417878900855613409055227267247", "price": "0.141", "size": "200", "side": "BUY", "hash": "e1f69fd0a32b133b3175a715922f0081be1d5c21", "best_bid": "0.999", "best_ask": "1"}, {"asset_id": "20223974049029274630188730400535461483606889439141020195679089734448404926544", "price": "0.859", "size": "200", "side": "SELL", "hash": "6fa0ead8cf630a7ab5edcaa052ad0ad133ee47bf", "best_bid": "0", "best_ask": "0.001"}], "timestamp": "1769384154461", "event_type": "price_change"}}
{"_local_timestamp": "2026-01-25T23:35:56.238889+00:00", "data": {"market": "0xe99e19fc2d4afa4dffae980de0ed171656b994f7d3f39250d3f0f4967ee01f2b", "price_changes": [{"asset_id": "32160605956782177942193446994992871935715493116417878900855613409055227267247", "price": "0.087", "size": "500", "side": "BUY", "hash": "be14cac6de42186f6a3d0e3c6e69f7f5ecabaaf4", "best_bid": "0.999", "best_ask": "1"}, {"asset_id": "20223974049029274630188730400535461483606889439141020195679089734448404926544", "price": "0.913", "size": "500", "side": "SELL", "hash": "7f6dc6eeefe5a20d785c9246aebaae5bae8dab52", "best_bid": "0", "best_ask": "0.001"}], "timestamp": "1769384156173", "event_type": "price_change"}}
