{"_local_timestamp": "2026-01-25T23:34:05.742894+00:00", "data": [{"market": "0x061b417ecffabdaef99f01e20b42c9657c3a9ed4ff74d876adc8ee56b373e419", "asset_id": "71789784243720480962519746032777604054039058907248478301022365317992375906232", "timestamp": "1769382453098", "hash": "c1824dc955fcb17307d0e34c9fdea68b7c1f67b8", "bids": [{"price": "0.01", "size": "250"}, {"price": "0.02", "size": "875"}, {"price": "0.03", "size": "66"}, {"price": "0.04", "size": "195"}, {"price": "0.05", "size": "50"}], "asks": [{"price": "0.99", "size": "250"}, {"price": "0.98", "size": "175"}, {"price": "0.97", "size": "66"}, {"price": "0.96", "size": "37"}, {"price": "0.95", "size": "340"}, {"price": "0.94", "size": "200"}, {"price": "0.93", "size": "200"}, {"price": "0.89", "size": "81"}, {"price": "0.88", "size": "24.99"}, {"price": "0.87", "size": "15.47"}], "event_type": "book", "last_trade_price": ""}, {"market": "0xd2e1640894f2db08b70291e0a2a0d478086af829b60f329793ac95dd6f93dd9d", "asset_id": "102652485624535484291973019779918836481948185360825424186811045773177632968455", "timestamp": "1769383191361", "hash": "8c94bc78551de2b7860302098ac5968b9739a4e5", "bids": [{"price": "0.01", "size": "250"}, {"price": "0.02", "size": "650"}, {"price": "0.03", "size": "200"}, {"price": "0.04", "size": "100"}, {"price": "0.05", "size": "40"}, {"price": "0.06", "size": "88.07"}], "asks": [{"price": "0.99", "size": "250"}, {"price": "0.98", "size": "175"}, {"price": "0.96", "size": "500"}, {"price": "0.95", "size": "520"}, {"price": "0.94", "size": "349.66"}], "event_type": "book", "last_trade_price": ""}, {"market": "0x061b417ecffabdaef99f01e20b42c9657c3a9ed4ff74d876adc8ee56b373e419", "asset_id": "71611666935505931894482023296488986408759307325060453111542144581329630907465", "timestamp": "1769382453098", "hash": "aaef445c19073eeceed6649285f829944efc3329", "bids": [{"price": "0.01", "size": "250"}, {"price": "0.02", "size": "175"}, {"price": "0.03", "size": "66"}, {"price": "0.04", "size": "37"}, {"price": "0.05", "size": "340"}, {"price": "0.06", "size": "200"}, {"price": "0.07", "size": "200"}, {"price": "0.11", "size": "81"}, {"price": "0.12", "size": "24.99"}, {"price": "0.13", "size": "15.47"}], "asks": [{"price": "0.99", "size": "250"}, {"price": "0.98", "size": "875"}, {"price": "0.97", "size": "66"}, {"price": "0.96", "size": "195"}, {"price": "0.95", "size": "50"}], "event_type": "book", "last_trade_price": ""}, {"market": "0xd2e1640894f2db08b70291e0a2a0d478086af829b60f329793ac95dd6f93dd9d", "asset_id": "58702743253657689905487578234760396021162839387893899802444709361793569981762", "timestamp": "1769383191361", "hash": "1f01c963d68a474d50395d46b73f14b74bb2357b", "bids": [{"price": "0.01", "size": "250"}, {"price": "0.02", "size": "175"}, {"price": "0.04", "size": "500"}, {"price": "0.05", "size": "520"}, {"price": "0.06", "size": "349.66"}], "asks": [{"price": "0.99", "size": "250"}, {"price": "0.98", "size": "650"}, {"price": "0.97", "size": "200"}, {"price": "0.96", "size": "100"}, {"price": "0.95", "size": "40"}, {"price": "0.94", "size": "88.07"}], "event_type": "book", "last_trade_price": ""}, {"market": "0x4242566dddad01fc3739074b92bd7b2d463d9fc03b278dee954401663b6bdd18", "asset_id": "100294925122922058893636805817005004654982760691860592126118929749184709481256", "timestamp": "1769381048315", "hash": "02aaef80a81dd1c90ce6274d78e8f6c56b4f7bd1", "bids": [{"price": "0.01", "size": "250"}, {"price": "0.02", "size": "175"}, {"price": "0.04", "size": "625"}, {"price": "0.05", "size": "395"}, {"price": "0.06", "size": "349.66"}], "asks": [{"price": "0.99", "size": "250"}, {"price": "0.98", "size": "650"}, {"price": "0.97", "size": "200"}, {"price": "0.96", "size": "100"}, {"price": "0.95", "size": "40"}, {"price": "0.94", "size": "88.07"}], "event_type": "book", "last_trade_price": ""}, {"market": "0x4242566dddad01fc3739074b92bd7b2d463d9fc03b278dee954401663b6bdd18", "asset_id": "85100677699016875207960520306715576990450298127094834948383350950511470268978", "timestamp": "1769381048315", "hash": "874cda48c1e06fa4cc2a51ff8f4120e038efa2fa", "bids": [{"price": "0.01", "size": "250"}, {"price": "0.02", "size": "650"}, {"price": "0.03", "size": "200"}, {"price": "0.04", "size": "100"}, {"price": "0.05", "size": "40"}, {"price": "0.06", "size": "88.07"}], "asks": [{"price": "0.99", "size": "250"}, {"price": "0.98", "size": "175"}, {"price": "0.96", "size": "625"}, {"price": "0.95", "size": "395"}, {"price": "0.94", "size": "349.66"}], "event_type": "book", "last_trade_price": ""}]}
