{"_local_timestamp": "2026-01-25T23:41:10.834596+00:00", "data": [{"market": "0xcc3151513503418ae43c9b29b5eae6e73a808345d5dec2f134a6440f4c9a0281", "asset_id": "70058328794395962976113129798943720294817825420279031816662976782878964560850", "timestamp": "1769375604673", "hash": "d7bf84a9c6b20859a9ef307e886d1f6296265590", "bids": [{"price": "0.01", "size": "250"}, {"price": "0.03", "size": "28"}, {"price": "0.04", "size": "94.5"}, {"price": "0.05", "size": "54"}], "asks": [{"price": "0.99", "size": "250"}, {"price": "0.98", "size": "57"}, {"price": "0.95", "size": "40"}, {"price": "0.94", "size": "71.47"}], "event_type": "book", "last_trade_price": ""}, {"market": "0x7e993e97830519cd19f54c09e82ae3aae37d281cc76b293a078e60a22b3227fb", "asset_id": "109902683752183107894539606360786551881364754024993491584757822234489430447114", "timestamp": "1769375604673", "hash": "6a99c6d1b102114b6fe544cbd42720c64707ed63", "bids": [{"price": "0.01", "size": "150"}, {"price": "0.02", "size": "92"}], "asks": [{"price": "0.99", "size": "150"}, {"price": "0.98", "size": "75"}, {"price": "0.97", "size": "5.47"}], "event_type": "book", "last_trade_price": ""}, {"market": "0x0f1a47aabb7139a06fd00cb2840d4f1891e5c6431ac6ce5f56e8a8dc80f53f1c", "asset_id": "68384059084865136676121371619687524693678373327245261661033372702874978756384", "timestamp": "1769375604673", "hash": "74844684d7b44ceae544328e15b2e890de5fcc49", "bids": [{"price": "0.01", "size": "250"}, {"price": "0.02", "size": "125"}, {"price": "0.03", "size": "16"}, {"price": "0.04", "size": "87"}, {"price": "0.05", "size": "40"}], "asks": [{"price": "0.99", "size": "250"}, {"price": "0.98", "size": "125"}, {"price": "0.95", "size": "40"}, {"price": "0.94", "size": "71.47"}], "event_type": "book", "last_trade_price": ""}, {"market": "0x7e993e97830519cd19f54c09e82ae3aae37d281cc76b293a078e60a22b3227fb", "asset_id": "71665568365857528269808678747368438747484106753217860804339820140121020799612", "timestamp": "1769375604673", "hash": "5c2b211064bb0f35a2b5ac52b7c872452a657ec7", "bids": [{"price": "0.01", "size": "150"}, {"price": "0.02", "size": "75"}, {"price": "0.03", "size": "5.47"}], "asks": [{"price": "0.99", "size": "150"}, {"price": "0.98", "size": "92"}], "event_type": "book", "last_trade_price": ""}, {"market": "0x0f1a47aabb7139a06fd00cb2840d4f1891e5c6431ac6ce5f56e8a8dc80f53f1c", "asset_id": "97589401215971449298118549763847299119599257104401865312968752527332507119911", "timestamp": "1769375604673", "hash": "5542143e595679ccb39eca565a7855796726cd78", "bids": [{"price": "0.01", "size": "250"}, {"price": "0.02", "size": "125"}, {"price": "0.05", "size": "40"}, {"price": "0.06", "size": "71.47"}], "asks": [{"price": "0.99", "size": "250"}, {"price": "0.98", "size": "125"}, {"price": "0.97", "size": "16"}, {"price": "0.96", "size": "87"}, {"price": "0.95", "size": "40"}], "event_type": "book", "last_trade_price": ""}, {"market": "0xcc3151513503418ae43c9b29b5eae6e73a808345d5dec2f134a6440f4c9a0281", "asset_id": "67768228888224720486345655729184220845859612968375302771580074813794649171889", "timestamp": "1769375604673", "hash": "90dd79a109c5fa50e9feb00e0102743616d312f7", "bids": [{"price": "0.01", "size": "250"}, {"price": "0.02", "size": "57"}, {"price": "0.05", "size": "40"}, {"price": "0.06", "size": "71.47"}], "asks": [{"price": "0.99", "size": "250"}, {"price": "0.97", "size": "28"}, {"price": "0.96", "size": "94.5"}, {"price": "0.95", "size": "54"}], "event_type": "book", "last_trade_price": ""}]}
