{"_local_timestamp": "2026-01-25T23:34:05.892113+00:00", "data": [{"market": "0xb9216893579bfbb9967e7553b8ff72bc82adc4ab73b616d6fe99ad06732edbf9", "asset_id": "31515188529967849021218723902696457418601722771873324084466385006576014536466", "timestamp": "1769381444783", "hash": "6beafc85961c864e0d475ddae69e4d10a1763755", "bids": [{"price": "0.01", "size": "250"}, {"price": "0.02", "size": "150"}, {"price": "0.04", "size": "300"}, {"price": "0.05", "size": "365"}, {"price": "0.06", "size": "391"}, {"price": "0.07", "size": "316.66"}], "asks": [{"price": "0.99", "size": "250"}, {"price": "0.98", "size": "850"}, {"price": "0.95", "size": "93"}, {"price": "0.94", "size": "88.07"}], "event_type": "book", "last_trade_price": ""}, {"market": "0x8a01f980f97424c866d1dbbf725c16f49a53ff8b7003032d7cf644262452715f", "asset_id": "101180863203486337766993634867019901087796644747950331268086919677179776009365", "timestamp": "1769381254033", "hash": "eb299f214fa285d1b6d4c748b7ab48610f159045", "bids": [{"price": "0.01", "size": "250"}, {"price": "0.02", "size": "150"}, {"price": "0.04", "size": "625"}, {"price": "0.05", "size": "115"}, {"price": "0.06", "size": "248"}, {"price": "0.07", "size": "316.66"}], "asks": [{"price": "0.99", "size": "250"}, {"price": "0.98", "size": "850"}, {"price": "0.95", "size": "93"}, {"price": "0.94", "size": "88.07"}], "event_type": "book", "last_trade_price": ""}, {"market": "0xdb64d696437657c5ba66f29fec18c8d9dc120fed1ab41904f25732a8faf41ca4", "asset_id": "56156205393131826873336435189578663659241746237638323611656847583582509370185", "timestamp": "1769380948955", "hash": "2ca67f5d509769add91518c1cfb6df9aa6c5f94b", "bids": [{"price": "0.01", "size": "250"}, {"price": "0.02", "size": "175"}, {"price": "0.03", "size": "66"}, {"price": "0.04", "size": "537"}, {"price": "0.05", "size": "240"}, {"price": "0.06", "size": "199"}, {"price": "0.07", "size": "19"}], "asks": [{"price": "0.99", "size": "250"}, {"price": "0.98", "size": "675"}, {"price": "0.97", "size": "266"}, {"price": "0.96", "size": "250"}, {"price": "0.95", "size": "30"}, {"price": "0.94", "size": "38.47"}], "event_type": "book", "last_trade_price": ""}, {"market": "0xb9216893579bfbb9967e7553b8ff72bc82adc4ab73b616d6fe99ad06732edbf9", "asset_id": "43521901077924013961300191825221456077577705361216676995501265328883978741707", "timestamp": "1769381444783", "hash": "c805f44554d8a643c42efe33388acd4a1cca7318", "bids": [{"price": "0.01", "size": "250"}, {"price": "0.02", "size": "850"}, {"price": "0.05", "size": "93"}, {"price": "0.06", "size": "88.07"}], "asks": [{"price": "0.99", "size": "250"}, {"price": "0.98", "size": "150"}, {"price": "0.96", "size": "300"}, {"price": "0.95", "size": "365"}, {"price": "0.94", "size": "391"}, {"price": "0.93", "size": "316.66"}], "event_type": "book", "last_trade_price": ""}, {"market": "0xdb64d696437657c5ba66f29fec18c8d9dc120fed1ab41904f25732a8faf41ca4", "asset_id": "59360610681494580128675835489683488394267651946126472433410816270638074620185", "timestamp": "1769380948955", "hash": "5875f272b8423d52863d73bbb8e52b65579fcce1", "bids": [{"price": "0.01", "size": "250"}, {"price": "0.02", "size": "675"}, {"price": "0.03", "size": "266"}, {"price": "0.04", "size": "250"}, {"price": "0.05", "size": "30"}, {"price": "0.06", "size": "38.47"}], "asks": [{"price": "0.99", "size": "250"}, {"price": "0.98", "size": "175"}, {"price": "0.97", "size": "66"}, {"price": "0.96", "size": "537"}, {"price": "0.95", "size": "240"}, {"price": "0.94", "size": "199"}, {"price": "0.93", "size": "19"}], "event_type": "book", "last_trade_price": ""}, {"market": "0x8a01f980f97424c866d1dbbf725c16f49a53ff8b7003032d7cf644262452715f", "asset_id": "15185550996781879169051753273883044783289037280949652953579306562719631131286", "timestamp": "1769381254033", "hash": "39f6a9edfcb5b96a60717380cd1eb3c088ceee00", "bids": [{"price": "0.01", "size": "250"}, {"price": "0.02", "size": "850"}, {"price": "0.05", "size": "93"}, {"price": "0.06", "size": "88.07"}], "asks": [{"price": "0.99", "size": "250"}, {"price": "0.98", "size": "150"}, {"price": "0.96", "size": "625"}, {"price": "0.95", "size": "115"}, {"price": "0.94", "size": "248"}, {"price": "0.93", "size": "316.66"}], "event_type": "book", "last_trade_price": ""}]}
