{"_local_timestamp": "2026-01-25T23:41:15.188325+00:00", "data": [{"market": "0xafd29263612d33dafcfe1e48bfac1a46f77d215ae12311f01047c0f58e837623", "asset_id": "111097047826966574082127451499657123294766217285432271838054543218464178452785", "timestamp": "1769376487581", "hash": "bbeb5b776847b942b0964c4ffe5ea93107269988", "bids": [{"price": "0.01", "size": "300"}, {"price": "0.02", "size": "50"}, {"price": "0.05", "size": "40"}, {"price": "0.06", "size": "88.07"}], "asks": [{"price": "0.99", "size": "300"}, {"price": "0.97", "size": "75"}, {"price": "0.96", "size": "12"}, {"price": "0.95", "size": "30"}, {"price": "0.94", "size": "145"}], "event_type": "book", "last_trade_price": ""}, {"market": "0x1c60930feca7747136d16f637ed43966b243b5778fa85fee796c75286c473ded", "asset_id": "36243531695775067241879319169697503606632243424104138367057505635236550819015", "timestamp": "1769376487581", "hash": "b5740948584c2323e920fad98235d3edb6c4f35b", "bids": [{"price": "0.01", "size": "300"}, {"price": "0.03", "size": "75"}, {"price": "0.04", "size": "12"}, {"price": "0.05", "size": "30"}, {"price": "0.06", "size": "145"}], "asks": [{"price": "0.99", "size": "300"}, {"price": "0.98", "size": "75"}, {"price": "0.95", "size": "40"}, {"price": "0.94", "size": "71.47"}], "event_type": "book", "last_trade_price": ""}, {"market": "0x3db26c9e333bab5f40e8f4863f586967415a6b60d7839472c3b24bbab7329dab", "asset_id": "8125109771378360651410025729539647382770104583562603899746286373263007080346", "timestamp": "1769376487582", "hash": "9ed1aacfc65eacf0703441d71a1184dea5a55566", "bids": [{"price": "0.01", "size": "300"}, {"price": "0.03", "size": "75"}, {"price": "0.04", "size": "12"}, {"price": "0.05", "size": "30"}, {"price": "0.06", "size": "145"}], "asks": [{"price": "0.99", "size": "300"}, {"price": "0.98", "size": "50"}, {"price": "0.95", "size": "40"}, {"price": "0.94", "size": "88.07"}], "event_type": "book", "last_trade_price": ""}, {"market": "0x3db26c9e333bab5f40e8f4863f586967415a6b60d7839472c3b24bbab7329dab", "asset_id": "114708738820403487256081212619954951419243884943304497445802490445689161784491", "timestamp": "1769376487582", "hash": "47428fefaef2c6d07279f0a3005e7c7f4e362c43", "bids": [{"price": "0.01", "size": "300"}, {"price": "0.02", "size": "50"}, {"price": "0.05", "size": "40"}, {"price": "0.06", "size": "88.07"}], "asks": [{"price": "0.99", "size": "300"}, {"price": "0.97", "size": "75"}, {"price": "0.96", "size": "12"}, {"price": "0.95", "size": "30"}, {"price": "0.94", "size": "145"}], "event_type": "book", "last_trade_price": ""}, {"market": "0x1c60930feca7747136d16f637ed43966b243b5778fa85fee796c75286c473ded", "asset_id": "86116597108622042837163996560684143589973173467463330611458355127028913332706", "timestamp": "1769376487581", "hash": "bdbbc86211d799d26c20282f6f1923348eebd847", "bids": [{"price": "0.01", "size": "300"}, {"price": "0.02", "size": "75"}, {"price": "0.05", "size": "40"}, {"price": "0.06", "size": "71.47"}], "asks": [{"price": "0.99", "size": "300"}, {"price": "0.97", "size": "75"}, {"price": "0.96", "size": "12"}, {"price": "0.95", "size": "30"}, {"price": "0.94", "size": "145"}], "event_type": "book", "last_trade_price": ""}, {"market": "0xafd29263612d33dafcfe1e48bfac1a46f77d215ae12311f01047c0f58e837623", "asset_id": "49250880280972791978327097306168844165279054591543227865284927200065034499829", "timestamp": "1769376487581", "hash": "306f56f2b598190b8b6c64b8478d42e253099376", "bids": [{"price": "0.01", "size": "300"}, {"price": "0.03", "size": "75"}, {"price": "0.04", "size": "12"}, {"price": "0.05", "size": "30"}, {"price": "0.06", "size": "145"}], "asks": [{"price": "0.99", "size": "300"}, {"price": "0.98", "size": "50"}, {"price": "0.95", "size": "40"}, {"price": "0.94", "size": "88.07"}], "event_type": "book", "last_trade_price": ""}]}
