{"_local_timestamp": "2026-01-25T23:41:10.907383+00:00", "data": [{"market": "0xc26375789320345a2c3239bb74bbb7f763ad621fcb539bc94574fb6363997209", "asset_id": "12007594149137510912991226763769050016658520626284030151986106392982026629862", "timestamp": "1769381544949", "hash": "fe32c2b325508968e225e39832f32b8eb83ddccc", "bids": [{"price": "0.01", "size": "250"}, {"price": "0.02", "size": "25"}, {"price": "0.03", "size": "66"}, {"price": "0.04", "size": "37"}, {"price": "0.05", "size": "40"}, {"price": "0.07", "size": "79"}, {"price": "0.11", "size": "68.72"}], "asks": [{"price": "0.99", "size": "250"}, {"price": "0.98", "size": "25"}, {"price": "0.97", "size": "110"}, {"price": "0.96", "size": "37"}, {"price": "0.95", "size": "40"}, {"price": "0.93", "size": "49.42"}], "event_type": "book", "last_trade_price": ""}, {"market": "0xbe27720d1ea9390f188e4307f0c6d5decddfb19742230773030bce81eaa0328e", "asset_id": "75417510355401175292043810152478953495815746380220556286509933925935815030545", "timestamp": "1769376718542", "hash": "818bb234229f9b673eabb23a333f298943ee99b9", "bids": [{"price": "0.01", "size": "250"}, {"price": "0.02", "size": "25"}, {"price": "0.03", "size": "66"}, {"price": "0.04", "size": "37"}, {"price": "0.05", "size": "40"}, {"price": "0.07", "size": "79"}, {"price": "0.08", "size": "38.63"}, {"price": "0.09", "size": "79"}], "asks": [{"price": "0.99", "size": "250"}, {"price": "0.98", "size": "25"}, {"price": "0.97", "size": "110"}, {"price": "0.96", "size": "37"}, {"price": "0.95", "size": "40"}, {"price": "0.94", "size": "11.56"}], "event_type": "book", "last_trade_price": ""}, {"market": "0x317715bede22bc8ddd70633c91a8fb0961377aea472524c18db979e0f6f57ae4", "asset_id": "83525830747812870485119421270834236679015204804477798880435565374555830027908", "timestamp": "1769375604149", "hash": "7b341aad946e97bb3297b80540e455b8c7f7fe80", "bids": [{"price": "0.01", "size": "250"}, {"price": "0.02", "size": "25"}, {"price": "0.03", "size": "66"}, {"price": "0.04", "size": "37"}, {"price": "0.05", "size": "58"}, {"price": "0.06", "size": "158"}], "asks": [{"price": "0.99", "size": "250"}, {"price": "0.98", "size": "25"}, {"price": "0.97", "size": "110"}, {"price": "0.96", "size": "37"}, {"price": "0.95", "size": "50"}, {"price": "0.94", "size": "13.08"}], "event_type": "book", "last_trade_price": ""}, {"market": "0xbe27720d1ea9390f188e4307f0c6d5decddfb19742230773030bce81eaa0328e", "asset_id": "99486215661444355502673072229546435870377616759738219176926211375547189460402", "timestamp": "1769376718542", "hash": "267bf068d5e427bcff445f0b6ffc0d79b5d1e878", "bids": [{"price": "0.01", "size": "250"}, {"price": "0.02", "size": "25"}, {"price": "0.03", "size": "110"}, {"price": "0.04", "size": "37"}, {"price": "0.05", "size": "40"}, {"price": "0.06", "size": "11.56"}], "asks": [{"price": "0.99", "size": "250"}, {"price": "0.98", "size": "25"}, {"price": "0.97", "size": "66"}, {"price": "0.96", "size": "37"}, {"price": "0.95", "size": "40"}, {"price": "0.93", "size": "79"}, {"price": "0.92", "size": "38.63"}, {"price": "0.91", "size": "79"}], "event_type": "book", "last_trade_price": ""}, {"market": "0xc26375789320345a2c3239bb74bbb7f763ad621fcb539bc94574fb6363997209", "asset_id": "99763551194829471017189227409303346575738970127230032109290473360297816774546", "timestamp": "1769381544949", "hash": "c8d3b519e0072e1c07fccc2dff25405b1d00db8d", "bids": [{"price": "0.01", "size": "250"}, {"price": "0.02", "size": "25"}, {"price": "0.03", "size": "110"}, {"price": "0.04", "size": "37"}, {"price": "0.05", "size": "40"}, {"price": "0.07", "size": "49.42"}], "asks": [{"price": "0.99", "size": "250"}, {"price": "0.98", "size": "25"}, {"price": "0.97", "size": "66"}, {"price": "0.96", "size": "37"}, {"price": "0.95", "size": "40"}, {"price": "0.93", "size": "79"}, {"price": "0.89", "size": "68.72"}], "event_type": "book", "last_trade_price": ""}, {"market": "0x317715bede22bc8ddd70633c91a8fb0961377aea472524c18db979e0f6f57ae4", "asset_id": "93031258681817514670688833309383419183422969248940577585143894814803636864238", "timestamp": "1769375604149", "hash": "e4d18977c35d3d9219dfaa7c9af06b71fdbedcd7", "bids": [{"price": "0.01", "size": "250"}, {"price": "0.02", "size": "25"}, {"price": "0.03", "size": "110"}, {"price": "0.04", "size": "37"}, {"price": "0.05", "size": "50"}, {"price": "0.06", "size": "13.08"}], "asks": [{"price": "0.99", "size": "250"}, {"price": "0.98", "size": "25"}, {"price": "0.97", "size": "66"}, {"price": "0.96", "size": "37"}, {"price": "0.95", "size": "58"}, {"price": "0.94", "size": "158"}], "event_type": "book", "last_trade_price": ""}]}
