{"_local_timestamp": "2026-01-25T23:34:05.738631+00:00", "data": [{"market": "0xce6ed578bc7203c08f1059bd94886f40872db28fd3e7b4ff655b4e2365be2932", "asset_id": "24043946092075101353452399616073368709615157747268355669333506021072187185094", "timestamp": "1769382926946", "hash": "02049f4dcb92fade4f590a33f891cf0d51b1e04d", "bids": [{"price": "0.01", "size": "250"}, {"price": "0.02", "size": "175"}, {"price": "0.03", "size": "66"}, {"price": "0.04", "size": "537"}, {"price": "0.05", "size": "240"}, {"price": "0.06", "size": "245"}, {"price": "0.07", "size": "316.66"}], "asks": [{"price": "0.99", "size": "250"}, {"price": "0.98", "size": "675"}, {"price": "0.97", "size": "266"}, {"price": "0.96", "size": "250"}, {"price": "0.95", "size": "30"}, {"price": "0.94", "size": "38.47"}], "event_type": "book", "last_trade_price": ""}, {"market": "0x7e7b1399cdc7ab1f00d33bd1c1da1dbf2fbe475b26d2b74561307eb674e4aac4", "asset_id": "8323284245239883703211511662610022349717902474248728305340639900898517475871", "timestamp": "1769381451766", "hash": "5cb7809cd79bd6b7a4f19146762dcd630797608f", "bids": [{"price": "0.01", "size": "250"}, {"price": "0.02", "size": "850"}, {"price": "0.05", "size": "174"}, {"price": "0.06", "size": "81.57"}], "asks": [{"price": "0.99", "size": "250"}, {"price": "0.98", "size": "150"}, {"price": "0.96", "size": "625"}, {"price": "0.95", "size": "115"}, {"price": "0.94", "size": "248"}, {"price": "0.93", "size": "316.66"}], "event_type": "book", "last_trade_price": ""}, {"market": "0x49a80104a1ee88e46bd3b6f954bddaa9a814a438e8abb0a44124303fc526df20", "asset_id": "790237650642606925318805077452142764971179508260311762702613734298877445299", "timestamp": "1769383042432", "hash": "1b36013b6c7864146b7cc3f2fe9bda38fa71f2fb", "bids": [{"price": "0.01", "size": "250"}, {"price": "0.02", "size": "850"}, {"price": "0.05", "size": "168"}, {"price": "0.06", "size": "71.47"}], "asks": [{"price": "0.99", "size": "250"}, {"price": "0.98", "size": "150"}, {"price": "0.96", "size": "300"}, {"price": "0.95", "size": "365"}, {"price": "0.94", "size": "391"}, {"price": "0.93", "size": "316.66"}], "event_type": "book", "last_trade_price": ""}, {"market": "0x49a80104a1ee88e46bd3b6f954bddaa9a814a438e8abb0a44124303fc526df20", "asset_id": "37394936077946594903039116394378285668185356523551141609483669291494005835986", "timestamp": "1769383042432", "hash": "e1755161fd78203887b88b91948a0dfc7975c50f", "bids": [{"price": "0.01", "size": "250"}, {"price": "0.02", "size": "150"}, {"price": "0.04", "size": "300"}, {"price": "0.05", "size": "365"}, {"price": "0.06", "size": "391"}, {"price": "0.07", "size": "316.66"}], "asks": [{"price": "0.99", "size": "250"}, {"price": "0.98", "size": "850"}, {"price": "0.95", "size": "168"}, {"price": "0.94", "size": "71.47"}], "event_type": "book", "last_trade_price": ""}, {"market": "0xce6ed578bc7203c08f1059bd94886f40872db28fd3e7b4ff655b4e2365be2932", "asset_id": "78009354692322638461109406196282071546324908704072055144888299858102408056173", "timestamp": "1769382926946", "hash": "aa3cce168eff56cc93b1878d3e06addcd73d50c7", "bids": [{"price": "0.01", "size": "250"}, {"price": "0.02", "size": "675"}, {"price": "0.03", "size": "266"}, {"price": "0.04", "size": "250"}, {"price": "0.05", "size": "30"}, {"price": "0.06", "size": "38.47"}], "asks": [{"price": "0.99", "size": "250"}, {"price": "0.98", "size": "175"}, {"price": "0.97", "size": "66"}, {"price": "0.96", "size": "537"}, {"price": "0.95", "size": "240"}, {"price": "0.94", "size": "245"}, {"price": "0.93", "size": "316.66"}], "event_type": "book", "last_trade_price": ""}, {"market": "0x7e7b1399cdc7ab1f00d33bd1c1da1dbf2fbe475b26d2b74561307eb674e4aac4", "asset_id": "44558042608341751611680756039812005508832292409545351274253302514282132492607", "timestamp": "1769381451766", "hash": "a426b6df14d7682819a831b4134f19e4af506fcc", "bids": [{"price": "0.01", "size": "250"}, {"price": "0.02", "size": "150"}, {"price": "0.04", "size": "625"}, {"price": "0.05", "size": "115"}, {"price": "0.06", "size": "248"}, {"price": "0.07", "size": "316.66"}], "asks": [{"price": "0.99", "size": "250"}, {"price": "0.98", "size": "850"}, {"price": "0.95", "size": "174"}, {"price": "0.94", "size": "81.57"}], "event_type": "book", "last_trade_price": ""}]}
