{"_local_timestamp": "2026-01-25T23:34:05.707948+00:00", "data": [{"market": "0xf4a20f4519f4ed0e48f83e94851a2827b646d00c7839dbd09102dff070edde33", "asset_id": "27122373008892842961596616559019388260603649286626713676669266727037269271779", "timestamp": "1769375606150", "hash": "c1d18fa3f367bcf2f7aebdf9bd4f03268e22f9c2", "bids": [{"price": "0.01", "size": "250"}, {"price": "0.02", "size": "25"}, {"price": "0.03", "size": "110"}, {"price": "0.04", "size": "37"}, {"price": "0.05", "size": "49.03"}, {"price": "0.06", "size": "14.61"}], "asks": [{"price": "0.99", "size": "250"}, {"price": "0.98", "size": "25"}, {"price": "0.97", "size": "66"}, {"price": "0.96", "size": "37"}, {"price": "0.95", "size": "58"}, {"price": "0.94", "size": "158"}], "event_type": "book", "last_trade_price": ""}, {"market": "0x427f2ddf29938d9f2022bddfcc8e0855cfcef911616dd6bbb2c717e8abf3aad3", "asset_id": "33356047107035015984647481985072889874331854775737545011354284064401879840006", "timestamp": "1769375606150", "hash": "9062c68e69882840c543fcb0bef731e691d9a87a", "bids": [{"price": "0.01", "size": "250"}, {"price": "0.02", "size": "25"}, {"price": "0.03", "size": "66"}, {"price": "0.04", "size": "37"}, {"price": "0.05", "size": "58"}, {"price": "0.06", "size": "158"}], "asks": [{"price": "0.99", "size": "250"}, {"price": "0.98", "size": "25"}, {"price": "0.97", "size": "110"}, {"price": "0.95", "size": "30"}, {"price": "0.94", "size": "51.07"}], "event_type": "book", "last_trade_price": ""}, {"market": "0xb87f591caecab707eb46396d8ce47f678798b06658b109a17a1bbea61393c328", "asset_id": "43490167819842424091521199833525000128899591296787603000206364063326206890692", "timestamp": "1769375606150", "hash": "39867e3cb2c49e67c882a0ce6941abd435cb4e49", "bids": [{"price": "0.01", "size": "250"}, {"price": "0.02", "size": "25"}, {"price": "0.03", "size": "66"}, {"price": "0.04", "size": "37"}, {"price": "0.05", "size": "58"}, {"price": "0.06", "size": "158"}], "asks": [{"price": "0.99", "size": "250"}, {"price": "0.98", "size": "25"}, {"price": "0.97", "size": "110"}, {"price": "0.95", "size": "30"}, {"price": "0.94", "size": "38.47"}], "event_type": "book", "last_trade_price": ""}, {"market": "0xf4a20f4519f4ed0e48f83e94851a2827b646d00c7839dbd09102dff070edde33", "asset_id": "108851764113688605902530328624018389264945833776125922414294823954617705666365", "timestamp": "1769375606150", "hash": "ae0c8671cea10b7cf3e5635752cdbf1839cdf39e", "bids": [{"price": "0.01", "size": "250"}, {"price": "0.02", "size": "25"}, {"price": "0.03", "size": "66"}, {"price": "0.04", "size": "37"}, {"price": "0.05", "size": "58"}, {"price": "0.06", "size": "158"}], "asks": [{"price": "0.99", "size": "250"}, {"price": "0.98", "size": "25"}, {"price": "0.97", "size": "110"}, {"price": "0.96", "size": "37"}, {"price": "0.95", "size": "49.03"}, {"price": "0.94", "size": "14.61"}], "event_type": "book", "last_trade_price": ""}, {"market": "0x427f2ddf29938d9f2022bddfcc8e0855cfcef911616dd6bbb2c717e8abf3aad3", "asset_id": "76552888491940107118395742916586640324779025988495038820750281147198073646396", "timestamp": "1769375606150", "hash": "f2dd9790687e7026ff1d29cb2fe5b86594230ace", "bids": [{"price": "0.01", "size": "250"}, {"price": "0.02", "size": "25"}, {"price": "0.03", "size": "110"}, {"price": "0.05", "size": "30"}, {"price": "0.06", "size": "51.07"}], "asks": [{"price": "0.99", "size": "250"}, {"price": "0.98", "size": "25"}, {"price": "0.97", "size": "66"}, {"price": "0.96", "size": "37"}, {"price": "0.95", "size": "58"}, {"price": "0.94", "size": "158"}], "event_type": "book", "last_trade_price": ""}, {"market": "0xb87f591caecab707eb46396d8ce47f678798b06658b109a17a1bbea61393c328", "asset_id": "109837379468402569487485801949106233282355668057587949147985433438045001662244", "timestamp": "1769375606150", "hash": "615c8de147f34f0a5049f5a36bcbb8eb0af9e9ed", "bids": [{"price": "0.01", "size": "250"}, {"price": "0.02", "size": "25"}, {"price": "0.03", "size": "110"}, {"price": "0.05", "size": "30"}, {"price": "0.06", "size": "38.47"}], "asks": [{"price": "0.99", "size": "250"}, {"price": "0.98", "size": "25"}, {"price": "0.97", "size": "66"}, {"price": "0.96", "size": "37"}, {"price": "0.95", "size": "58"}, {"price": "0.94", "size": "158"}], "event_type": "book", "last_trade_price": ""}]}
