{"_local_timestamp": "2026-01-25T23:41:12.668038+00:00", "data": [{"market": "0x8b45e7c5d409e493e275ba9c545e9155b21feb8b977950e2e55649321c8bbff1", "asset_id": "103165608290414575845768548694543134770722775442466539274426542743200659228823", "timestamp": "1769375607620", "hash": "74f086dd17704c80f24b4fad1180bbb2eed1747f", "bids": [{"price": "0.01", "size": "250"}, {"price": "0.02", "size": "25"}, {"price": "0.03", "size": "66"}, {"price": "0.04", "size": "70"}, {"price": "0.05", "size": "119"}, {"price": "0.06", "size": "79"}], "asks": [{"price": "0.99", "size": "250"}, {"price": "0.98", "size": "25"}, {"price": "0.97", "size": "110"}, {"price": "0.96", "size": "42.85"}, {"price": "0.95", "size": "48"}, {"price": "0.94", "size": "11.56"}], "event_type": "book", "last_trade_price": ""}, {"market": "0x97a6e0897fc6d89da297e89063e2947923cf129078d0c90db77664d99b634f08", "asset_id": "26014138783422379345444096598665053871570866983181723424251305647990892093426", "timestamp": "1769375607620", "hash": "e01ea03d8977ac625f3aa55f7e8cd7aff1d60cda", "bids": [{"price": "0.01", "size": "250"}, {"price": "0.02", "size": "25"}, {"price": "0.03", "size": "66"}, {"price": "0.04", "size": "70"}, {"price": "0.05", "size": "119"}, {"price": "0.06", "size": "79"}], "asks": [{"price": "0.99", "size": "250"}, {"price": "0.98", "size": "25"}, {"price": "0.97", "size": "103"}, {"price": "0.96", "size": "37"}, {"price": "0.95", "size": "50"}, {"price": "0.94", "size": "13.08"}], "event_type": "book", "last_trade_price": ""}, {"market": "0x2682eafed0254e3b00f3f1d7b139c631093a4d750eee7e1183628c934bf4cde0", "asset_id": "6489063649865284184247480970382553153167999886257213031078538913623527793608", "timestamp": "1769375607620", "hash": "808d8844f9c2734a37481f528be09afe3c158811", "bids": [{"price": "0.01", "size": "250"}, {"price": "0.02", "size": "25"}, {"price": "0.03", "size": "66"}, {"price": "0.04", "size": "70"}, {"price": "0.05", "size": "119"}, {"price": "0.06", "size": "79"}], "asks": [{"price": "0.99", "size": "250"}, {"price": "0.98", "size": "25"}, {"price": "0.97", "size": "110"}, {"price": "0.96", "size": "37"}, {"price": "0.95", "size": "50"}, {"price": "0.94", "size": "13.08"}], "event_type": "book", "last_trade_price": ""}, {"market": "0x8b45e7c5d409e493e275ba9c545e9155b21feb8b977950e2e55649321c8bbff1", "asset_id": "47468736428203299671371345405443891515312935586388080605020892102286227031980", "timestamp": "1769375607620", "hash": "500e19acfe90dad7d9b3b61c31e1142801e1cb2b", "bids": [{"price": "0.01", "size": "250"}, {"price": "0.02", "size": "25"}, {"price": "0.03", "size": "110"}, {"price": "0.04", "size": "42.85"}, {"price": "0.05", "size": "48"}, {"price": "0.06", "size": "11.56"}], "asks": [{"price": "0.99", "size": "250"}, {"price": "0.98", "size": "25"}, {"price": "0.97", "size": "66"}, {"price": "0.96", "size": "70"}, {"price": "0.95", "size": "119"}, {"price": "0.94", "size": "79"}], "event_type": "book", "last_trade_price": ""}, {"market": "0x2682eafed0254e3b00f3f1d7b139c631093a4d750eee7e1183628c934bf4cde0", "asset_id": "89211322466644503190757206179123239309371010320066724679425465427513633360519", "timestamp": "1769375607620", "hash": "5af6200de10240763b079aa921185f6f619d288d", "bids": [{"price": "0.01", "size": "250"}, {"price": "0.02", "size": "25"}, {"price": "0.03", "size": "110"}, {"price": "0.04", "size": "37"}, {"price": "0.05", "size": "50"}, {"price": "0.06", "size": "13.08"}], "asks": [{"price": "0.99", "size": "250"}, {"price": "0.98", "size": "25"}, {"price": "0.97", "size": "66"}, {"price": "0.96", "size": "70"}, {"price": "0.95", "size": "119"}, {"price": "0.94", "size": "79"}], "event_type": "book", "last_trade_price": ""}, {"market": "0x97a6e0897fc6d89da297e89063e2947923cf129078d0c90db77664d99b634f08", "asset_id": "60961754856039443331898728622496508943915046840859661241506965383739822740245", "timestamp": "1769375607620", "hash": "20e312433edc566f446b30de77006da7b417f645", "bids": [{"price": "0.01", "size": "250"}, {"price": "0.02", "size": "25"}, {"price": "0.03", "size": "103"}, {"price": "0.04", "size": "37"}, {"price": "0.05", "size": "50"}, {"price": "0.06", "size": "13.08"}], "asks": [{"price": "0.99", "size": "250"}, {"price": "0.98", "size": "25"}, {"price": "0.97", "size": "66"}, {"price": "0.96", "size": "70"}, {"price": "0.95", "size": "119"}, {"price": "0.94", "size": "79"}], "event_type": "book", "last_trade_price": ""}]}
