{"_local_timestamp": "2026-01-25T23:41:12.764710+00:00", "data": [{"market": "0x60facdd583de646ced3d65a90418facf186c4b0a52a3e460710d16b219fde304", "asset_id": "9304948365082689585644440116122929780941472666421119539813360436291697658150", "timestamp": "1769376485658", "hash": "82216bb89924d1c93aeb5d4b54a4c36309842c0d", "bids": [{"price": "0.01", "size": "250"}, {"price": "0.02", "size": "25"}, {"price": "0.03", "size": "78"}, {"price": "0.04", "size": "37"}, {"price": "0.05", "size": "50"}, {"price": "0.06", "size": "13.08"}], "asks": [{"price": "0.99", "size": "250"}, {"price": "0.98", "size": "25"}, {"price": "0.97", "size": "66"}, {"price": "0.96", "size": "70"}, {"price": "0.95", "size": "198"}], "event_type": "book", "last_trade_price": ""}, {"market": "0x60facdd583de646ced3d65a90418facf186c4b0a52a3e460710d16b219fde304", "asset_id": "44456383983777426730876888021437158551956353472772518946441490318443410059240", "timestamp": "1769376485658", "hash": "3fad6b7afdc23b71f2fa52faded042118ede6176", "bids": [{"price": "0.01", "size": "250"}, {"price": "0.02", "size": "25"}, {"price": "0.03", "size": "66"}, {"price": "0.04", "size": "70"}, {"price": "0.05", "size": "198"}], "asks": [{"price": "0.99", "size": "250"}, {"price": "0.98", "size": "25"}, {"price": "0.97", "size": "78"}, {"price": "0.96", "size": "37"}, {"price": "0.95", "size": "50"}, {"price": "0.94", "size": "13.08"}], "event_type": "book", "last_trade_price": ""}, {"market": "0xc98a524863a958f435d7bbb980bd07065fc6ff8ade5f5ef6a7ac5f74da967489", "asset_id": "30990661969153930212263319282645314625957145602763165805966511701642476559503", "timestamp": "1769375608024", "hash": "721972a80c4a81ccb9b7e6a797601ca7b1828052", "bids": [{"price": "0.01", "size": "250"}, {"price": "0.02", "size": "25"}, {"price": "0.03", "size": "110"}, {"price": "0.05", "size": "30"}, {"price": "0.06", "size": "51.07"}], "asks": [{"price": "0.99", "size": "250"}, {"price": "0.98", "size": "25"}, {"price": "0.97", "size": "66"}, {"price": "0.96", "size": "70"}, {"price": "0.95", "size": "119"}, {"price": "0.92", "size": "79"}], "event_type": "book", "last_trade_price": ""}, {"market": "0xc98a524863a958f435d7bbb980bd07065fc6ff8ade5f5ef6a7ac5f74da967489", "asset_id": "73174787596849929512081389104524111122515013962511035365029128983479639140872", "timestamp": "1769375608024", "hash": "21b5c91fd5f016a42fbf992e1da09dc429798450", "bids": [{"price": "0.01", "size": "250"}, {"price": "0.02", "size": "25"}, {"price": "0.03", "size": "66"}, {"price": "0.04", "size": "70"}, {"price": "0.05", "size": "119"}, {"price": "0.08", "size": "79"}], "asks": [{"price": "0.99", "size": "250"}, {"price": "0.98", "size": "25"}, {"price": "0.97", "size": "110"}, {"price": "0.95", "size": "30"}, {"price": "0.94", "size": "51.07"}], "event_type": "book", "last_trade_price": ""}, {"market": "0x380129719c805095662adc3982092081c9460d5be6526d372fad82fd43d11cf0", "asset_id": "45664472188236141477359132961383319897934001439477146197857513208153405141481", "timestamp": "1769375608025", "hash": "bf620085096edbf23a43811589539eef6a728408", "bids": [{"price": "0.01", "size": "250"}, {"price": "0.02", "size": "25"}, {"price": "0.03", "size": "66"}, {"price": "0.04", "size": "37"}, {"price": "0.05", "size": "137"}, {"price": "0.08", "size": "79"}], "asks": [{"price": "0.99", "size": "250"}, {"price": "0.98", "size": "25"}, {"price": "0.97", "size": "141"}, {"price": "0.95", "size": "30"}, {"price": "0.94", "size": "54.27"}], "event_type": "book", "last_trade_price": ""}, {"market": "0x380129719c805095662adc3982092081c9460d5be6526d372fad82fd43d11cf0", "asset_id": "67511284314500287412441585682907781148882187140875411087179087640400918317585", "timestamp": "1769375608025", "hash": "f45a2ac9f5a1c17fdf6c5c87bed7a9052aeb0187", "bids": [{"price": "0.01", "size": "250"}, {"price": "0.02", "size": "25"}, {"price": "0.03", "size": "141"}, {"price": "0.05", "size": "30"}, {"price": "0.06", "size": "54.27"}], "asks": [{"price": "0.99", "size": "250"}, {"price": "0.98", "size": "25"}, {"price": "0.97", "size": "66"}, {"price": "0.96", "size": "37"}, {"price": "0.95", "size": "137"}, {"price": "0.92", "size": "79"}], "event_type": "book", "last_trade_price": ""}]}
