{"_local_timestamp": "2026-01-25T23:41:11.112667+00:00", "data": [{"market": "0x10dc82b9e3cbafbed4603d450e670129da8bdf748f82d4f071de61b4361037ae", "asset_id": "34674700198019749656694927108379460887961142624610940967580390474923641620263", "timestamp": "1769382932544", "hash": "6f6e2600a94478d2522e170b3ca382341a103f21", "bids": [{"price": "0.01", "size": "250"}, {"price": "0.02", "size": "800"}, {"price": "0.03", "size": "141"}, {"price": "0.05", "size": "158"}, {"price": "0.06", "size": "54.27"}], "asks": [{"price": "0.99", "size": "250"}, {"price": "0.98", "size": "175"}, {"price": "0.97", "size": "66"}, {"price": "0.96", "size": "337"}, {"price": "0.95", "size": "365"}, {"price": "0.94", "size": "325"}, {"price": "0.93", "size": "316.66"}], "event_type": "book", "last_trade_price": ""}, {"market": "0x1fbb54ab1a8a685236675f13534d0033cb0e7f0c111151b04d2bc8dba3541c19", "asset_id": "74276025740192099284642920919196773694318855577390497557720689072726313174506", "timestamp": "1769383259361", "hash": "e6c3cdd1cb83af79818bc8a077d637134a36ea37", "bids": [{"price": "0.01", "size": "250"}, {"price": "0.02", "size": "850"}, {"price": "0.05", "size": "168"}, {"price": "0.06", "size": "88.07"}], "asks": [{"price": "0.99", "size": "250"}, {"price": "0.98", "size": "150"}, {"price": "0.96", "size": "300"}, {"price": "0.95", "size": "365"}, {"price": "0.94", "size": "391"}, {"price": "0.93", "size": "316.66"}], "event_type": "book", "last_trade_price": ""}, {"market": "0x3e64008b86ede302eb9c22a9fa66ee629093d0eab8e5043dcadb317785b78f67", "asset_id": "66893063790457724176735106582386417500524495805996835656606258263115575260044", "timestamp": "1769383191362", "hash": "480246540869510525004f4fc1a728b37ebceb54", "bids": [{"price": "0.01", "size": "250"}, {"price": "0.02", "size": "850"}, {"price": "0.04", "size": "125"}, {"price": "0.05", "size": "40"}, {"price": "0.06", "size": "88.07"}], "asks": [{"price": "0.99", "size": "250"}, {"price": "0.98", "size": "150"}, {"price": "0.96", "size": "300"}, {"price": "0.95", "size": "365"}, {"price": "0.94", "size": "391"}, {"price": "0.93", "size": "316.66"}], "event_type": "book", "last_trade_price": ""}, {"market": "0x1fbb54ab1a8a685236675f13534d0033cb0e7f0c111151b04d2bc8dba3541c19", "asset_id": "30832615473066335177012928710767891871341111673401566913317516363443014773923", "timestamp": "1769383259361", "hash": "a9ceec02b2cc9aa2646d02d2dec06a2cd83c78a8", "bids": [{"price": "0.01", "size": "250"}, {"price": "0.02", "size": "150"}, {"price": "0.04", "size": "300"}, {"price": "0.05", "size": "365"}, {"price": "0.06", "size": "391"}, {"price": "0.07", "size": "316.66"}], "asks": [{"price": "0.99", "size": "250"}, {"price": "0.98", "size": "850"}, {"price": "0.95", "size": "168"}, {"price": "0.94", "size": "88.07"}], "event_type": "book", "last_trade_price": ""}, {"market": "0x3e64008b86ede302eb9c22a9fa66ee629093d0eab8e5043dcadb317785b78f67", "asset_id": "65785297881209150219466273108085688195346248186104185938217275489805809537382", "timestamp": "1769383191362", "hash": "b6d0aca8c01194cf39cb56748f18994f5047e378", "bids": [{"price": "0.01", "size": "250"}, {"price": "0.02", "size": "150"}, {"price": "0.04", "size": "300"}, {"price": "0.05", "size": "365"}, {"price": "0.06", "size": "391"}, {"price": "0.07", "size": "316.66"}], "asks": [{"price": "0.99", "size": "250"}, {"price": "0.98", "size": "850"}, {"price": "0.96", "size": "125"}, {"price": "0.95", "size": "40"}, {"price": "0.94", "size": "88.07"}], "event_type": "book", "last_trade_price": ""}, {"market": "0x10dc82b9e3cbafbed4603d450e670129da8bdf748f82d4f071de61b4361037ae", "asset_id": "68290370677350267682660683725418575107760803130072799425362922325844884046093", "timestamp": "1769382932544", "hash": "9d3bf19853f850abba5955e7a265de3363010bf4", "bids": [{"price": "0.01", "size": "250"}, {"price": "0.02", "size": "175"}, {"price": "0.03", "size": "66"}, {"price": "0.04", "size": "337"}, {"price": "0.05", "size": "365"}, {"price": "0.06", "size": "325"}, {"price": "0.07", "size": "316.66"}], "asks": [{"price": "0.99", "size": "250"}, {"price": "0.98", "size": "800"}, {"price": "0.97", "size": "141"}, {"price": "0.95", "size": "158"}, {"price": "0.94", "size": "54.27"}], "event_type": "book", "last_trade_price": ""}]}
