{"_local_timestamp": "2026-01-25T23:41:12.932609+00:00", "data": [{"market": "0x7523869fb2c5365c4a0bcd1ae94bd74fc6861b5ef3d1fbc5a781b63672a2979c", "asset_id": "91151530825013131441079137954330304624667024207431844029054520487813466383297", "timestamp": "1769375607620", "hash": "d024ad67fc6fd477bb25f29466908f71b36ff423", "bids": [{"price": "0.01", "size": "250"}, {"price": "0.02", "size": "25"}, {"price": "0.03", "size": "66"}, {"price": "0.04", "size": "70"}, {"price": "0.05", "size": "119"}, {"price": "0.08", "size": "79"}], "asks": [{"price": "0.99", "size": "250"}, {"price": "0.98", "size": "25"}, {"price": "0.97", "size": "110"}, {"price": "0.95", "size": "30"}, {"price": "0.94", "size": "55.07"}], "event_type": "book", "last_trade_price": ""}, {"market": "0x7523869fb2c5365c4a0bcd1ae94bd74fc6861b5ef3d1fbc5a781b63672a2979c", "asset_id": "106001390107949548582988841324307692630157693693804367905079301164921693072684", "timestamp": "1769375607620", "hash": "e13621f3891d94bfc9faa97ffde3f7f74053a773", "bids": [{"price": "0.01", "size": "250"}, {"price": "0.02", "size": "25"}, {"price": "0.03", "size": "110"}, {"price": "0.05", "size": "30"}, {"price": "0.06", "size": "55.07"}], "asks": [{"price": "0.99", "size": "250"}, {"price": "0.98", "size": "25"}, {"price": "0.97", "size": "66"}, {"price": "0.96", "size": "70"}, {"price": "0.95", "size": "119"}, {"price": "0.92", "size": "79"}], "event_type": "book", "last_trade_price": ""}, {"market": "0x5fe1e8c212f2d88fedc9a110d24bf3a49e0edbfb90add823f3696a747885410d", "asset_id": "68312273857820989276613767518015852546223591137250307206718802518159488333191", "timestamp": "1769375607620", "hash": "15d61b02480442f4d9ce2ffca91ce64ca98da3f9", "bids": [{"price": "0.01", "size": "250"}, {"price": "0.02", "size": "25"}, {"price": "0.03", "size": "66"}, {"price": "0.04", "size": "70"}, {"price": "0.05", "size": "119"}, {"price": "0.08", "size": "79"}], "asks": [{"price": "0.99", "size": "250"}, {"price": "0.98", "size": "25"}, {"price": "0.97", "size": "110"}, {"price": "0.96", "size": "42.85"}, {"price": "0.95", "size": "48"}, {"price": "0.94", "size": "11.56"}], "event_type": "book", "last_trade_price": ""}, {"market": "0x5dd1d0658644bf222a2a6cc7bed4e473cef64c6d1fb625f135e2a645c35b60b7", "asset_id": "75053213579559007502984001517679496796902657705905959227921656733993495091342", "timestamp": "1769375607620", "hash": "61acd1b5f467ba0c7e2abdb741295eacdb1be76a", "bids": [{"price": "0.01", "size": "250"}, {"price": "0.02", "size": "25"}, {"price": "0.03", "size": "110"}, {"price": "0.04", "size": "37"}, {"price": "0.05", "size": "40"}, {"price": "0.06", "size": "5.47"}], "asks": [{"price": "0.99", "size": "250"}, {"price": "0.98", "size": "25"}, {"price": "0.97", "size": "66"}, {"price": "0.96", "size": "70"}, {"price": "0.95", "size": "119"}, {"price": "0.92", "size": "79"}], "event_type": "book", "last_trade_price": ""}, {"market": "0x5fe1e8c212f2d88fedc9a110d24bf3a49e0edbfb90add823f3696a747885410d", "asset_id": "11758426085653091393594334088307386023218421515190197909920084106533005772524", "timestamp": "1769375607620", "hash": "564c697613647a9569a40fce6504cff62610aedf", "bids": [{"price": "0.01", "size": "250"}, {"price": "0.02", "size": "25"}, {"price": "0.03", "size": "110"}, {"price": "0.04", "size": "42.85"}, {"price": "0.05", "size": "48"}, {"price": "0.06", "size": "11.56"}], "asks": [{"price": "0.99", "size": "250"}, {"price": "0.98", "size": "25"}, {"price": "0.97", "size": "66"}, {"price": "0.96", "size": "70"}, {"price": "0.95", "size": "119"}, {"price": "0.92", "size": "79"}], "event_type": "book", "last_trade_price": ""}, {"market": "0x5dd1d0658644bf222a2a6cc7bed4e473cef64c6d1fb625f135e2a645c35b60b7", "asset_id": "53114230458749918925393767211405892574733741214114920029259685060874298720420", "timestamp": "1769375607620", "hash": "1fef1de6d598fa79b84ea2f3b6d5ce6176da8ee9", "bids": [{"price": "0.01", "size": "250"}, {"price": "0.02", "size": "25"}, {"price": "0.03", "size": "66"}, {"price": "0.04", "size": "70"}, {"price": "0.05", "size": "119"}, {"price": "0.08", "size": "79"}], "asks": [{"price": "0.99", "size": "250"}, {"price": "0.98", "size": "25"}, {"price": "0.97", "size": "110"}, {"price": "0.96", "size": "37"}, {"price": "0.95", "size": "40"}, {"price": "0.94", "size": "5.47"}], "event_type": "book", "last_trade_price": ""}]}
