{"_local_timestamp": "2026-01-25T23:41:12.653457+00:00", "data": [{"market": "0x344d66b3a2ef93f0ef6b55eabb03c93c12dbe40272d7152433b008b87e8fdebf", "asset_id": "33940293273829161771083776221322158168289802578338827184257913313364280050313", "timestamp": "1769383116875", "hash": "70f578f2ba4b4e7cb0343cf554ec79b86d4561b5", "bids": [{"price": "0.01", "size": "250"}, {"price": "0.02", "size": "850"}, {"price": "0.05", "size": "168"}, {"price": "0.06", "size": "88.07"}], "asks": [{"price": "0.99", "size": "250"}, {"price": "0.98", "size": "150"}, {"price": "0.96", "size": "500"}, {"price": "0.95", "size": "490"}, {"price": "0.94", "size": "382.66"}], "event_type": "book", "last_trade_price": ""}, {"market": "0x204b0cc9bd22058c1acc79abe6e425091b8176fdbfc09a410fb1047b3f6f6d6a", "asset_id": "19918081028783803663888518992811815128983600574208014947524925674980787412229", "timestamp": "1769383009115", "hash": "0140ee203000d23da7348c851d18aa6f3da24134", "bids": [{"price": "0.01", "size": "250"}, {"price": "0.02", "size": "150"}, {"price": "0.04", "size": "500"}, {"price": "0.05", "size": "490"}, {"price": "0.06", "size": "382.66"}], "asks": [{"price": "0.99", "size": "250"}, {"price": "0.98", "size": "850"}, {"price": "0.95", "size": "168"}, {"price": "0.94", "size": "88.07"}], "event_type": "book", "last_trade_price": ""}, {"market": "0x204b0cc9bd22058c1acc79abe6e425091b8176fdbfc09a410fb1047b3f6f6d6a", "asset_id": "11738302841536443413390275737369694927115428129548752260103344694726623049829", "timestamp": "1769383009115", "hash": "5c30da25de41d514b18a5ee962990e48aad02581", "bids": [{"price": "0.01", "size": "250"}, {"price": "0.02", "size": "850"}, {"price": "0.05", "size": "168"}, {"price": "0.06", "size": "88.07"}], "asks": [{"price": "0.99", "size": "250"}, {"price": "0.98", "size": "150"}, {"price": "0.96", "size": "500"}, {"price": "0.95", "size": "490"}, {"price": "0.94", "size": "382.66"}], "event_type": "book", "last_trade_price": ""}, {"market": "0xf4917af88fb2d442544aeb5f88b894c4e0dac3636fded4f2e5b639ff193cb618", "asset_id": "54327342315240656030985482547406891249194805462023741670057423993330046649091", "timestamp": "1769382926944", "hash": "32c853e11ee919c62a45a66dd283d8c059189b84", "bids": [{"price": "0.01", "size": "250"}, {"price": "0.02", "size": "525"}, {"price": "0.03", "size": "266"}, {"price": "0.04", "size": "250"}, {"price": "0.05", "size": "30"}, {"price": "0.06", "size": "38.47"}], "asks": [{"price": "0.99", "size": "250"}, {"price": "0.98", "size": "175"}, {"price": "0.97", "size": "66"}, {"price": "0.96", "size": "337"}, {"price": "0.95", "size": "533"}, {"price": "0.94", "size": "391.66"}], "event_type": "book", "last_trade_price": ""}, {"market": "0xf4917af88fb2d442544aeb5f88b894c4e0dac3636fded4f2e5b639ff193cb618", "asset_id": "44262059762194657766213074472629028697501651430670044848171367518332711043537", "timestamp": "1769382926944", "hash": "12df72429dff9d54faf7f7e88358bffb7088fd70", "bids": [{"price": "0.01", "size": "250"}, {"price": "0.02", "size": "175"}, {"price": "0.03", "size": "66"}, {"price": "0.04", "size": "337"}, {"price": "0.05", "size": "533"}, {"price": "0.06", "size": "391.66"}], "asks": [{"price": "0.99", "size": "250"}, {"price": "0.98", "size": "525"}, {"price": "0.97", "size": "266"}, {"price": "0.96", "size": "250"}, {"price": "0.95", "size": "30"}, {"price": "0.94", "size": "38.47"}], "event_type": "book", "last_trade_price": ""}, {"market": "0x344d66b3a2ef93f0ef6b55eabb03c93c12dbe40272d7152433b008b87e8fdebf", "asset_id": "15799862957317120007902464422999527451429534767114564798619061391999093803705", "timestamp": "1769383116875", "hash": "c9fca51ae852d09bb332cb4ec110a645f17c4128", "bids": [{"price": "0.01", "size": "250"}, {"price": "0.02", "size": "150"}, {"price": "0.04", "size": "500"}, {"price": "0.05", "size": "490"}, {"price": "0.06", "size": "382.66"}], "asks": [{"price": "0.99", "size": "250"}, {"price": "0.98", "size": "850"}, {"price": "0.95", "size": "168"}, {"price": "0.94", "size": "88.07"}], "event_type": "book", "last_trade_price": ""}]}
