{"_local_timestamp": "2026-01-25T23:41:11.005061+00:00", "data": [{"market": "0xf3b2e80610af21da43e62883a50fe5d5794c24f1a6a6d2de232eeb520a6e10da", "asset_id": "78649745727135599203318469502488219076670506884564134740323125553602545259074", "timestamp": "1769375605176", "hash": "b3717fd023804de194854c22755299102b92474d", "bids": [{"price": "0.01", "size": "250"}, {"price": "0.03", "size": "28"}, {"price": "0.04", "size": "87"}, {"price": "0.05", "size": "40"}], "asks": [{"price": "0.99", "size": "250"}, {"price": "0.98", "size": "57"}, {"price": "0.95", "size": "40"}, {"price": "0.94", "size": "71.47"}], "event_type": "book", "last_trade_price": ""}, {"market": "0xdf9d54af1694963647806e86aa5e5a49a3dd628cf751e335d5c62431bf359d01", "asset_id": "41995127439939594397650559399285027386450876760552101644427428111275092621984", "timestamp": "1769375605176", "hash": "69f4e88ea044ee9c255e44a25b5b397bbc58940b", "bids": [{"price": "0.01", "size": "150"}, {"price": "0.02", "size": "92"}], "asks": [{"price": "0.99", "size": "150"}, {"price": "0.98", "size": "79"}, {"price": "0.97", "size": "5.47"}], "event_type": "book", "last_trade_price": ""}, {"market": "0xf3b2e80610af21da43e62883a50fe5d5794c24f1a6a6d2de232eeb520a6e10da", "asset_id": "26331705030530378315239480686218577883567981736975137992727257892097257368915", "timestamp": "1769375605176", "hash": "5030f38eba87556a0cb996e6d68b2ad8813c51ed", "bids": [{"price": "0.01", "size": "250"}, {"price": "0.02", "size": "57"}, {"price": "0.05", "size": "40"}, {"price": "0.06", "size": "71.47"}], "asks": [{"price": "0.99", "size": "250"}, {"price": "0.97", "size": "28"}, {"price": "0.96", "size": "87"}, {"price": "0.95", "size": "40"}], "event_type": "book", "last_trade_price": ""}, {"market": "0x4a6a1f42d2992e9ff2ea537d64df00fac0e553ee7c9a429f80ae5862d514bd94", "asset_id": "80281553859859033569703464849842455128049978963980076874257673119096898424244", "timestamp": "1769375605176", "hash": "f0d0dbc0c2f8e3476b04f132eddc7a4eef872e35", "bids": [{"price": "0.01", "size": "250"}, {"price": "0.02", "size": "125"}, {"price": "0.05", "size": "40"}, {"price": "0.06", "size": "71.47"}], "asks": [{"price": "0.99", "size": "250"}, {"price": "0.98", "size": "125"}, {"price": "0.97", "size": "16"}, {"price": "0.96", "size": "87"}, {"price": "0.95", "size": "40"}], "event_type": "book", "last_trade_price": ""}, {"market": "0xdf9d54af1694963647806e86aa5e5a49a3dd628cf751e335d5c62431bf359d01", "asset_id": "36816914589217158351398586988559377809327152855095790660936272275630807586331", "timestamp": "1769375605176", "hash": "45aabc757d6d4d7d77f852c1bb029e26ed649294", "bids": [{"price": "0.01", "size": "150"}, {"price": "0.02", "size": "79"}, {"price": "0.03", "size": "5.47"}], "asks": [{"price": "0.99", "size": "150"}, {"price": "0.98", "size": "92"}], "event_type": "book", "last_trade_price": ""}, {"market": "0x4a6a1f42d2992e9ff2ea537d64df00fac0e553ee7c9a429f80ae5862d514bd94", "asset_id": "44544512339823652169569583204432573126064482138062774073295074206891359049808", "timestamp": "1769375605176", "hash": "9d0b3caf707473e4142f36eae230cb821b8a86cd", "bids": [{"price": "0.01", "size": "250"}, {"price": "0.02", "size": "125"}, {"price": "0.03", "size": "16"}, {"price": "0.04", "size": "87"}, {"price": "0.05", "size": "40"}], "asks": [{"price": "0.99", "size": "250"}, {"price": "0.98", "size": "125"}, {"price": "0.95", "size": "40"}, {"price": "0.94", "size": "71.47"}], "event_type": "book", "last_trade_price": ""}]}
