{"_local_timestamp": "2026-01-25T23:34:06.333936+00:00", "data": [{"market": "0xb656f973da47ebb6774563ea7d2913717f94312f108824599f5cacbb5a275ef8", "asset_id": "50808191444574902590009882133788538150779483377013010285700271718369707441510", "timestamp": "1769383568124", "hash": "033881950845e67d5cd640470eede0885093b0b3", "bids": [{"price": "0.01", "size": "250"}, {"price": "0.02", "size": "150"}, {"price": "0.04", "size": "312"}, {"price": "0.05", "size": "430"}, {"price": "0.06", "size": "316"}, {"price": "0.07", "size": "316.66"}], "asks": [{"price": "0.99", "size": "250"}, {"price": "0.98", "size": "650"}, {"price": "0.97", "size": "200"}, {"price": "0.96", "size": "100"}, {"price": "0.95", "size": "40"}, {"price": "0.94", "size": "88.07"}], "event_type": "book", "last_trade_price": ""}, {"market": "0xae1415defba0e2569be16f078929cdb1751af440dd691d16e3db9def881bd74c", "asset_id": "70348981147278752861761339059393137722733454678764947593754718103568765059127", "timestamp": "1769381113704", "hash": "e56bb81e3a213d18ca859e90253e235bce2ac7c7", "bids": [{"price": "0.01", "size": "250"}, {"price": "0.02", "size": "150"}, {"price": "0.04", "size": "512"}, {"price": "0.05", "size": "230"}, {"price": "0.06", "size": "306"}, {"price": "0.07", "size": "316.66"}], "asks": [{"price": "0.99", "size": "250"}, {"price": "0.98", "size": "850"}, {"price": "0.95", "size": "143"}, {"price": "0.94", "size": "88.07"}], "event_type": "book", "last_trade_price": ""}, {"market": "0xae1415defba0e2569be16f078929cdb1751af440dd691d16e3db9def881bd74c", "asset_id": "408905809872030655131644906613887373807635591001972140167073843306695975119", "timestamp": "1769381113704", "hash": "874a8054467f0a3dfec7f749a078716bcb3b35af", "bids": [{"price": "0.01", "size": "250"}, {"price": "0.02", "size": "850"}, {"price": "0.05", "size": "143"}, {"price": "0.06", "size": "88.07"}], "asks": [{"price": "0.99", "size": "250"}, {"price": "0.98", "size": "150"}, {"price": "0.96", "size": "512"}, {"price": "0.95", "size": "230"}, {"price": "0.94", "size": "306"}, {"price": "0.93", "size": "316.66"}], "event_type": "book", "last_trade_price": ""}, {"market": "0x73845e29005eb57dfe5c1b2de3b1078701d1e11485174a9f85827f6654f27bdd", "asset_id": "94606539679685461781167866152740730099612812372646858285602139310379116644283", "timestamp": "1769383140448", "hash": "52ee3e51db31ca6be8b871b50b1d1e1466966a24", "bids": [{"price": "0.01", "size": "250"}, {"price": "0.02", "size": "175"}, {"price": "0.03", "size": "566"}, {"price": "0.04", "size": "237"}, {"price": "0.05", "size": "283"}, {"price": "0.06", "size": "316.66"}], "asks": [{"price": "0.99", "size": "250"}, {"price": "0.98", "size": "675"}, {"price": "0.97", "size": "266"}, {"price": "0.96", "size": "292.85"}, {"price": "0.95", "size": "48"}, {"price": "0.94", "size": "11.56"}], "event_type": "book", "last_trade_price": ""}, {"market": "0x73845e29005eb57dfe5c1b2de3b1078701d1e11485174a9f85827f6654f27bdd", "asset_id": "32297112929912038617794362409292730187963896596606234767449425086814820406776", "timestamp": "1769383140448", "hash": "a52565c3d44e51490bed6ea2260a8a74bc10f5b0", "bids": [{"price": "0.01", "size": "250"}, {"price": "0.02", "size": "675"}, {"price": "0.03", "size": "266"}, {"price": "0.04", "size": "292.85"}, {"price": "0.05", "size": "48"}, {"price": "0.06", "size": "11.56"}], "asks": [{"price": "0.99", "size": "250"}, {"price": "0.98", "size": "175"}, {"price": "0.97", "size": "566"}, {"price": "0.96", "size": "237"}, {"price": "0.95", "size": "283"}, {"price": "0.94", "size": "316.66"}], "event_type": "book", "last_trade_price": ""}, {"market": "0xb656f973da47ebb6774563ea7d2913717f94312f108824599f5cacbb5a275ef8", "asset_id": "13803980566439083888156006002958844919368531538534837068465941313098712730653", "timestamp": "1769383568124", "hash": "bd92d0c19dc11ef5847d34737f4580a098db5f8d", "bids": [{"price": "0.01", "size": "250"}, {"price": "0.02", "size": "650"}, {"price": "0.03", "size": "200"}, {"price": "0.04", "size": "100"}, {"price": "0.05", "size": "40"}, {"price": "0.06", "size": "88.07"}], "asks": [{"price": "0.99", "size": "250"}, {"price": "0.98", "size": "150"}, {"price": "0.96", "size": "312"}, {"price": "0.95", "size": "430"}, {"price": "0.94", "size": "316"}, {"price": "0.93", "size": "316.66"}], "event_type": "book", "last_trade_price": ""}]}
