{"_local_timestamp": "2026-01-25T23:41:12.710184+00:00", "data": [{"market": "0x348e6bad6436ff92ebe0efeece6ba3d4045c02dc1d88b3beaec0842a1a90dfae", "asset_id": "19654785432871262784098457875104702757069839461852210773881810648114588634944", "timestamp": "1769383191360", "hash": "fc008d817b97f331ae00b0d909b322f1e56765fa", "bids": [{"price": "0.01", "size": "250"}, {"price": "0.02", "size": "850"}, {"price": "0.05", "size": "168"}, {"price": "0.06", "size": "86.67"}], "asks": [{"price": "0.99", "size": "250"}, {"price": "0.98", "size": "150"}, {"price": "0.96", "size": "312"}, {"price": "0.95", "size": "430"}, {"price": "0.94", "size": "316"}, {"price": "0.93", "size": "316.66"}], "event_type": "book", "last_trade_price": ""}, {"market": "0x6ab7e6db6098ba2e8a9e22642e8beac07d3534cb01f52c566c18c9c0b3053d98", "asset_id": "104489916935910564939265594148695113554476114614979809447316089657644229425736", "timestamp": "1769383568120", "hash": "03dcf92d6b920d88439221f62da35ebcdf42fa10", "bids": [{"price": "0.01", "size": "250"}, {"price": "0.02", "size": "175"}, {"price": "0.03", "size": "66"}, {"price": "0.04", "size": "537"}, {"price": "0.05", "size": "240"}, {"price": "0.06", "size": "120"}, {"price": "0.07", "size": "316.66"}], "asks": [{"price": "0.99", "size": "250"}, {"price": "0.98", "size": "675"}, {"price": "0.97", "size": "266"}, {"price": "0.96", "size": "297.6"}, {"price": "0.95", "size": "46"}, {"price": "0.94", "size": "5.47"}], "event_type": "book", "last_trade_price": ""}, {"market": "0x348e6bad6436ff92ebe0efeece6ba3d4045c02dc1d88b3beaec0842a1a90dfae", "asset_id": "42543159053552942994690717683802984197262827140063563207132083546142076022653", "timestamp": "1769383191360", "hash": "c99160a111c86664fdd22e8aaa3624c2616e5c12", "bids": [{"price": "0.01", "size": "250"}, {"price": "0.02", "size": "150"}, {"price": "0.04", "size": "312"}, {"price": "0.05", "size": "430"}, {"price": "0.06", "size": "316"}, {"price": "0.07", "size": "316.66"}], "asks": [{"price": "0.99", "size": "250"}, {"price": "0.98", "size": "850"}, {"price": "0.95", "size": "168"}, {"price": "0.94", "size": "86.67"}], "event_type": "book", "last_trade_price": ""}, {"market": "0x6e40624a2fedbbbe0c6845fe2a63b41386eb0aad8d5d35c3a94363a4631ef313", "asset_id": "81974316634348488369999581933660038608085042855621620792346958773357478037640", "timestamp": "1769382595346", "hash": "82fa77ecafa9a3035b2f20c27123f152e8f8ee08", "bids": [{"price": "0.01", "size": "250"}, {"price": "0.02", "size": "850"}, {"price": "0.05", "size": "168"}, {"price": "0.06", "size": "86.67"}], "asks": [{"price": "0.99", "size": "250"}, {"price": "0.98", "size": "150"}, {"price": "0.96", "size": "512"}, {"price": "0.95", "size": "230"}, {"price": "0.94", "size": "306"}, {"price": "0.93", "size": "316.66"}], "event_type": "book", "last_trade_price": ""}, {"market": "0x6e40624a2fedbbbe0c6845fe2a63b41386eb0aad8d5d35c3a94363a4631ef313", "asset_id": "6667045865844124476034873277790063774540385231862936100158048532474281786859", "timestamp": "1769382595346", "hash": "39119023238e09a187a3d6e2844360d22befa186", "bids": [{"price": "0.01", "size": "250"}, {"price": "0.02", "size": "150"}, {"price": "0.04", "size": "512"}, {"price": "0.05", "size": "230"}, {"price": "0.06", "size": "306"}, {"price": "0.07", "size": "316.66"}], "asks": [{"price": "0.99", "size": "250"}, {"price": "0.98", "size": "850"}, {"price": "0.95", "size": "168"}, {"price": "0.94", "size": "86.67"}], "event_type": "book", "last_trade_price": ""}, {"market": "0x6ab7e6db6098ba2e8a9e22642e8beac07d3534cb01f52c566c18c9c0b3053d98", "asset_id": "81157720061671171574958981328939749529118565819096205883985004722879844346913", "timestamp": "1769383568120", "hash": "4a67e9b3fdae88fe21d8756fbf22dc7805e4688d", "bids": [{"price": "0.01", "size": "250"}, {"price": "0.02", "size": "675"}, {"price": "0.03", "size": "266"}, {"price": "0.04", "size": "297.6"}, {"price": "0.05", "size": "46"}, {"price": "0.06", "size": "5.47"}], "asks": [{"price": "0.99", "size": "250"}, {"price": "0.98", "size": "175"}, {"price": "0.97", "size": "66"}, {"price": "0.96", "size": "537"}, {"price": "0.95", "size": "240"}, {"price": "0.94", "size": "120"}, {"price": "0.93", "size": "316.66"}], "event_type": "book", "last_trade_price": ""}]}
