{"_local_timestamp": "2026-01-25T23:41:12.605207+00:00", "data": [{"market": "0x8e226a804ecb143cdb6809562e28d45008874a0de8ff59f667c8dc18d1968d68", "asset_id": "97275242980059304770792887772994586403096150210436910165564417457547199828941", "timestamp": "1769375607620", "hash": "a4a9506fc3c850f93de8eb54edf7aa893d12c4cd", "bids": [{"price": "0.01", "size": "250"}, {"price": "0.02", "size": "50"}, {"price": "0.04", "size": "12"}, {"price": "0.05", "size": "70"}, {"price": "0.06", "size": "38.47"}], "asks": [{"price": "0.99", "size": "250"}, {"price": "0.98", "size": "50"}, {"price": "0.97", "size": "16"}, {"price": "0.96", "size": "87"}, {"price": "0.95", "size": "40"}], "event_type": "book", "last_trade_price": ""}, {"market": "0x8e226a804ecb143cdb6809562e28d45008874a0de8ff59f667c8dc18d1968d68", "asset_id": "99971997678442874692582906915029554224232704557207998247989692675086236238594", "timestamp": "1769375607620", "hash": "5635b393b50a27723277daa148993227344fd5f4", "bids": [{"price": "0.01", "size": "250"}, {"price": "0.02", "size": "50"}, {"price": "0.03", "size": "16"}, {"price": "0.04", "size": "87"}, {"price": "0.05", "size": "40"}], "asks": [{"price": "0.99", "size": "250"}, {"price": "0.98", "size": "50"}, {"price": "0.96", "size": "12"}, {"price": "0.95", "size": "70"}, {"price": "0.94", "size": "38.47"}], "event_type": "book", "last_trade_price": ""}, {"market": "0x08e0d3cc4a0eb413ed8a1332ceac5dc4e6429b26decf6caa1011a7f92ed3e1c3", "asset_id": "68123378311256508354424552282995353121230595098357217957789240012617789237126", "timestamp": "1769381559762", "hash": "323450367d9db357354b0781fff61de36649ec2f", "bids": [{"price": "0.01", "size": "150"}, {"price": "0.02", "size": "75"}, {"price": "0.06", "size": "20"}, {"price": "0.07", "size": "40.47"}], "asks": [{"price": "0.99", "size": "170"}, {"price": "0.98", "size": "135"}], "event_type": "book", "last_trade_price": ""}, {"market": "0x6ecf7383d3343ea5de269d7a1bee4a09b73ea32f953bcf8eae3944d1e8c557a2", "asset_id": "297700927258309327522938514470799991781085760428483588558781051178719739387", "timestamp": "1769375607620", "hash": "b6d52741820c11c33106455037ec62d0ae9d03b2", "bids": [{"price": "0.01", "size": "250"}, {"price": "0.02", "size": "50"}, {"price": "0.03", "size": "16"}, {"price": "0.04", "size": "87"}, {"price": "0.05", "size": "40"}], "asks": [{"price": "0.99", "size": "250"}, {"price": "0.98", "size": "50"}, {"price": "0.96", "size": "12"}, {"price": "0.95", "size": "70"}, {"price": "0.94", "size": "38.47"}], "event_type": "book", "last_trade_price": ""}, {"market": "0x6ecf7383d3343ea5de269d7a1bee4a09b73ea32f953bcf8eae3944d1e8c557a2", "asset_id": "89913549956326958130463265687785132383858386731284243316455622562939366318073", "timestamp": "1769375607620", "hash": "536f595a03e1f22d1b3e182cc392e6f9244232f5", "bids": [{"price": "0.01", "size": "250"}, {"price": "0.02", "size": "50"}, {"price": "0.04", "size": "12"}, {"price": "0.05", "size": "70"}, {"price": "0.06", "size": "38.47"}], "asks": [{"price": "0.99", "size": "250"}, {"price": "0.98", "size": "50"}, {"price": "0.97", "size": "16"}, {"price": "0.96", "size": "87"}, {"price": "0.95", "size": "40"}], "event_type": "book", "last_trade_price": ""}, {"market": "0x08e0d3cc4a0eb413ed8a1332ceac5dc4e6429b26decf6caa1011a7f92ed3e1c3", "asset_id": "67240184168225099199066240588409736169848089283337488955831300124760584804279", "timestamp": "1769381559762", "hash": "81aefae5c54b8850a837c11d49f6c5686c48217f", "bids": [{"price": "0.01", "size": "170"}, {"price": "0.02", "size": "135"}], "asks": [{"price": "0.99", "size": "150"}, {"price": "0.98", "size": "75"}, {"price": "0.94", "size": "20"}, {"price": "0.93", "size": "40.47"}], "event_type": "book", "last_trade_price": ""}]}
