{"_local_timestamp": "2026-01-25T23:34:05.853746+00:00", "data": [{"market": "0x6cafdbc0413829a155db573e938d3e15608b2c1b1b0b80ea6f6f9ce426418b32", "asset_id": "78638759020885104758326230731146611866078055193472143344286378635135246324145", "timestamp": "1769375607620", "hash": "bdbe09476d4c5759943552444344693855c5a508", "bids": [{"price": "0.01", "size": "250"}, {"price": "0.02", "size": "50"}, {"price": "0.04", "size": "12"}, {"price": "0.05", "size": "70"}, {"price": "0.06", "size": "38.47"}], "asks": [{"price": "0.99", "size": "250"}, {"price": "0.98", "size": "50"}, {"price": "0.97", "size": "16"}, {"price": "0.96", "size": "87"}, {"price": "0.95", "size": "40"}], "event_type": "book", "last_trade_price": ""}, {"market": "0x9f0d0c067b4ca7d16f0b7490b8b5d6df13800161d0529c7d1b7010aa7ba2eb71", "asset_id": "12256270956503506124238048767559535592019607906978527719930902053766482700114", "timestamp": "1769375607620", "hash": "b521dc1c63791e6ef23d3f208cc8ff5173c8268b", "bids": [{"price": "0.01", "size": "250"}, {"price": "0.02", "size": "50"}, {"price": "0.04", "size": "12"}, {"price": "0.05", "size": "70"}, {"price": "0.06", "size": "38.47"}], "asks": [{"price": "0.99", "size": "250"}, {"price": "0.98", "size": "50"}, {"price": "0.97", "size": "16"}, {"price": "0.96", "size": "87"}, {"price": "0.95", "size": "40"}], "event_type": "book", "last_trade_price": ""}, {"market": "0x6cafdbc0413829a155db573e938d3e15608b2c1b1b0b80ea6f6f9ce426418b32", "asset_id": "86569313053213604916765904663951497409959890161241419954159160259646348678318", "timestamp": "1769375607620", "hash": "543c5779c0a1ea7369a09b8079075973ca3ea01e", "bids": [{"price": "0.01", "size": "250"}, {"price": "0.02", "size": "50"}, {"price": "0.03", "size": "16"}, {"price": "0.04", "size": "87"}, {"price": "0.05", "size": "40"}], "asks": [{"price": "0.99", "size": "250"}, {"price": "0.98", "size": "50"}, {"price": "0.96", "size": "12"}, {"price": "0.95", "size": "70"}, {"price": "0.94", "size": "38.47"}], "event_type": "book", "last_trade_price": ""}, {"market": "0x9f0d0c067b4ca7d16f0b7490b8b5d6df13800161d0529c7d1b7010aa7ba2eb71", "asset_id": "18280440565473214285134346929211670878153673285419808519145351212562164817846", "timestamp": "1769375607620", "hash": "50a2c16ec81e060db2d387ad4e40569bc237dfa6", "bids": [{"price": "0.01", "size": "250"}, {"price": "0.02", "size": "50"}, {"price": "0.03", "size": "16"}, {"price": "0.04", "size": "87"}, {"price": "0.05", "size": "40"}], "asks": [{"price": "0.99", "size": "250"}, {"price": "0.98", "size": "50"}, {"price": "0.96", "size": "12"}, {"price": "0.95", "size": "70"}, {"price": "0.94", "size": "38.47"}], "event_type": "book", "last_trade_price": ""}, {"market": "0xff08fcf00f9b5d1ebce8bcb971a4345a10bb31e9844d0bfe2f831c23c2344f49", "asset_id": "81625264711283333727354282313481818082958072154187074633776745648634650507256", "timestamp": "1769375607178", "hash": "71fd35ed784f93d0b631b5ff01b1fbd6bfe0a802", "bids": [{"price": "0.01", "size": "150"}, {"price": "0.02", "size": "75"}, {"price": "0.03", "size": "5.47"}], "asks": [{"price": "0.99", "size": "150"}, {"price": "0.98", "size": "92"}], "event_type": "book", "last_trade_price": ""}, {"market": "0xff08fcf00f9b5d1ebce8bcb971a4345a10bb31e9844d0bfe2f831c23c2344f49", "asset_id": "84160555312972346311295684727322449396233779006167666935682890434178764531309", "timestamp": "1769375607178", "hash": "d071c1160a66f2ef6790b5226b67d8d9b12c0bce", "bids": [{"price": "0.01", "size": "150"}, {"price": "0.02", "size": "92"}], "asks": [{"price": "0.99", "size": "150"}, {"price": "0.98", "size": "75"}, {"price": "0.97", "size": "5.47"}], "event_type": "book", "last_trade_price": ""}]}
