{"_local_timestamp": "2026-01-25T23:41:11.175706+00:00", "data": [{"market": "0xacd43154732a41d517dfd349d334d990cf5b370f04ced80ba02fcfe075fa6ca8", "asset_id": "83429559345283505940391597046761647899469809710704522991259392017479199996172", "timestamp": "1769383128894", "hash": "b78fe79a3708e9130a4a24785c6deef4a037a194", "bids": [{"price": "0.01", "size": "250"}, {"price": "0.02", "size": "850"}, {"price": "0.05", "size": "168"}, {"price": "0.06", "size": "88.07"}], "asks": [{"price": "0.99", "size": "250"}, {"price": "0.98", "size": "150"}, {"price": "0.96", "size": "312"}, {"price": "0.95", "size": "355"}, {"price": "0.94", "size": "391"}, {"price": "0.93", "size": "316.66"}], "event_type": "book", "last_trade_price": ""}, {"market": "0xacd43154732a41d517dfd349d334d990cf5b370f04ced80ba02fcfe075fa6ca8", "asset_id": "76331736239116612268774239305711133893441641102778913888173563948400729791578", "timestamp": "1769383128894", "hash": "3511a368948a0938773cbdf3fd6a344bc0845230", "bids": [{"price": "0.01", "size": "250"}, {"price": "0.02", "size": "150"}, {"price": "0.04", "size": "312"}, {"price": "0.05", "size": "355"}, {"price": "0.06", "size": "391"}, {"price": "0.07", "size": "316.66"}], "asks": [{"price": "0.99", "size": "250"}, {"price": "0.98", "size": "850"}, {"price": "0.95", "size": "168"}, {"price": "0.94", "size": "88.07"}], "event_type": "book", "last_trade_price": ""}, {"market": "0xf7d740fda4b843e42f082d76580c5d6b597c276080188fdab687e33c177d8626", "asset_id": "19696981069811512784597477328752480368216424670331143572728665620299463182627", "timestamp": "1769383260544", "hash": "117188bb48bad89cb2b70c59a9bef9fcbdd32dd5", "bids": [{"price": "0.01", "size": "250"}, {"price": "0.02", "size": "675"}, {"price": "0.03", "size": "266"}, {"price": "0.04", "size": "37"}, {"price": "0.05", "size": "125"}, {"price": "0.06", "size": "316.66"}], "asks": [{"price": "0.99", "size": "250"}, {"price": "0.98", "size": "800"}, {"price": "0.97", "size": "141"}, {"price": "0.96", "size": "70"}, {"price": "0.95", "size": "30"}, {"price": "0.94", "size": "55.07"}], "event_type": "book", "last_trade_price": ""}, {"market": "0xf7d740fda4b843e42f082d76580c5d6b597c276080188fdab687e33c177d8626", "asset_id": "67172526936215373276924607144132424690873441038820870661292060905705058581810", "timestamp": "1769383260544", "hash": "3f3b634a8cf3124c1593e0f76fbcd6554ce095f7", "bids": [{"price": "0.01", "size": "250"}, {"price": "0.02", "size": "800"}, {"price": "0.03", "size": "141"}, {"price": "0.04", "size": "70"}, {"price": "0.05", "size": "30"}, {"price": "0.06", "size": "55.07"}], "asks": [{"price": "0.99", "size": "250"}, {"price": "0.98", "size": "675"}, {"price": "0.97", "size": "266"}, {"price": "0.96", "size": "37"}, {"price": "0.95", "size": "125"}, {"price": "0.94", "size": "316.66"}], "event_type": "book", "last_trade_price": ""}, {"market": "0xe934618ffb58e20cab2c67f474b7edcb24f5ad620d856f4071d41105f0c06b40", "asset_id": "79896856490155060002678084469815554523835461106578947548978844731425050706320", "timestamp": "1769382722537", "hash": "3f9f67bf322af678b47eab20847f5c19fac78f1c", "bids": [{"price": "0.01", "size": "250"}, {"price": "0.02", "size": "150"}, {"price": "0.04", "size": "312"}, {"price": "0.05", "size": "355"}, {"price": "0.06", "size": "391"}, {"price": "0.07", "size": "316.66"}], "asks": [{"price": "0.99", "size": "250"}, {"price": "0.98", "size": "850"}, {"price": "0.95", "size": "168"}, {"price": "0.94", "size": "88.07"}], "event_type": "book", "last_trade_price": ""}, {"market": "0xe934618ffb58e20cab2c67f474b7edcb24f5ad620d856f4071d41105f0c06b40", "asset_id": "67554107601998432036301722549210772878946564145198534877263922854455231821838", "timestamp": "1769382722537", "hash": "4dd06386d39eafa6e2b0498af3d4f4d3b75e1c2f", "bids": [{"price": "0.01", "size": "250"}, {"price": "0.02", "size": "850"}, {"price": "0.05", "size": "168"}, {"price": "0.06", "size": "88.07"}], "asks": [{"price": "0.99", "size": "250"}, {"price": "0.98", "size": "150"}, {"price": "0.96", "size": "312"}, {"price": "0.95", "size": "355"}, {"price": "0.94", "size": "391"}, {"price": "0.93", "size": "316.66"}], "event_type": "book", "last_trade_price": ""}]}
