{"_local_timestamp": "2026-01-25T23:34:04.518437+00:00", "data": [{"market": "0x7fb28a14e3785f584597614a3c2b446bcb030d848930c90af7e4053a4160aba6", "asset_id": "29181637890072717051371207016352108210293037597132170581182984702422667402421", "timestamp": "1769376363531", "hash": "e15b8181717810dcc583180df24f46110e853590", "bids": [{"price": "0.01", "size": "250"}, {"price": "0.02", "size": "25"}, {"price": "0.03", "size": "66"}, {"price": "0.04", "size": "37"}, {"price": "0.05", "size": "119"}, {"price": "0.07", "size": "79"}, {"price": "0.08", "size": "19"}], "asks": [{"price": "0.99", "size": "250"}, {"price": "0.98", "size": "25"}, {"price": "0.97", "size": "110"}, {"price": "0.95", "size": "30"}, {"price": "0.94", "size": "54.27"}], "event_type": "book", "last_trade_price": ""}, {"market": "0x61ed0fa504298d251fc739bddc8462cfefbfdf515ba56d0425f3a04bf795b5a8", "asset_id": "67479216756191244543683515921016546056473270243670200307011384570956204707488", "timestamp": "1769376363531", "hash": "c0ae12116453b8dc59839cdf82b27fe4a8b69e46", "bids": [{"price": "0.01", "size": "250"}, {"price": "0.02", "size": "25"}, {"price": "0.03", "size": "110"}, {"price": "0.05", "size": "30"}, {"price": "0.06", "size": "54.27"}], "asks": [{"price": "0.99", "size": "250"}, {"price": "0.98", "size": "25"}, {"price": "0.97", "size": "66"}, {"price": "0.96", "size": "37"}, {"price": "0.95", "size": "119"}, {"price": "0.93", "size": "79"}, {"price": "0.92", "size": "19"}], "event_type": "book", "last_trade_price": ""}, {"market": "0x7fb28a14e3785f584597614a3c2b446bcb030d848930c90af7e4053a4160aba6", "asset_id": "36578086791961522031340029266009807012070342090221505865821749853399297031516", "timestamp": "1769376363531", "hash": "28c17c462b1eeb8c22c0b2d829d8ca3ff4c8486c", "bids": [{"price": "0.01", "size": "250"}, {"price": "0.02", "size": "25"}, {"price": "0.03", "size": "110"}, {"price": "0.05", "size": "30"}, {"price": "0.06", "size": "54.27"}], "asks": [{"price": "0.99", "size": "250"}, {"price": "0.98", "size": "25"}, {"price": "0.97", "size": "66"}, {"price": "0.96", "size": "37"}, {"price": "0.95", "size": "119"}, {"price": "0.93", "size": "79"}, {"price": "0.92", "size": "19"}], "event_type": "book", "last_trade_price": ""}, {"market": "0x1154126a88453cd3b755675b3e2ef5a9e31b732ade15256cfdb88cb21dea8feb", "asset_id": "2339373964440189893897745744694389978896002738740801536409886381404592884721", "timestamp": "1769375605650", "hash": "a1843a651737592358fdef898f430b0baa0f4e58", "bids": [{"price": "0.01", "size": "250"}, {"price": "0.02", "size": "25"}, {"price": "0.03", "size": "66"}, {"price": "0.04", "size": "37"}, {"price": "0.05", "size": "119"}, {"price": "0.07", "size": "79"}, {"price": "0.08", "size": "19"}], "asks": [{"price": "0.99", "size": "250"}, {"price": "0.98", "size": "25"}, {"price": "0.97", "size": "110"}, {"price": "0.95", "size": "30"}, {"price": "0.94", "size": "51.07"}], "event_type": "book", "last_trade_price": ""}, {"market": "0x61ed0fa504298d251fc739bddc8462cfefbfdf515ba56d0425f3a04bf795b5a8", "asset_id": "106868900083705172868857681585817947535987789572292167744379194625872523221835", "timestamp": "1769376363531", "hash": "c1a7a1a2e9750fa593ca6e5c4554f61f86320b15", "bids": [{"price": "0.01", "size": "250"}, {"price": "0.02", "size": "25"}, {"price": "0.03", "size": "66"}, {"price": "0.04", "size": "37"}, {"price": "0.05", "size": "119"}, {"price": "0.07", "size": "79"}, {"price": "0.08", "size": "19"}], "asks": [{"price": "0.99", "size": "250"}, {"price": "0.98", "size": "25"}, {"price": "0.97", "size": "110"}, {"price": "0.95", "size": "30"}, {"price": "0.94", "size": "54.27"}], "event_type": "book", "last_trade_price": ""}, {"market": "0x1154126a88453cd3b755675b3e2ef5a9e31b732ade15256cfdb88cb21dea8feb", "asset_id": "12920208748290697383880713025353603181178292480954332221225994420500503048129", "timestamp": "1769375605650", "hash": "d5421c6ef65156e49b6467bf6b9401bc103a2b17", "bids": [{"price": "0.01", "size": "250"}, {"price": "0.02", "size": "25"}, {"price": "0.03", "size": "110"}, {"price": "0.05", "size": "30"}, {"price": "0.06", "size": "51.07"}], "asks": [{"price": "0.99", "size": "250"}, {"price": "0.98", "size": "25"}, {"price": "0.97", "size": "66"}, {"price": "0.96", "size": "37"}, {"price": "0.95", "size": "119"}, {"price": "0.93", "size": "79"}, {"price": "0.92", "size": "19"}], "event_type": "book", "last_trade_price": ""}]}
