{"_local_timestamp": "2026-01-25T23:34:04.174259+00:00", "data": [{"market": "0x8cf7e2edcf21241f24a02c2f69142911e34b32cab04693a260eb1e4304c1dc78", "asset_id": "28850369241854011049222642031588803216120280238287469410718750369236901160895", "timestamp": "1769375604149", "hash": "7a492d9085ac14613052e026223e12341eabf0bb", "bids": [{"price": "0.01", "size": "250"}, {"price": "0.03", "size": "28"}, {"price": "0.04", "size": "87"}, {"price": "0.05", "size": "46"}], "asks": [{"price": "0.99", "size": "250"}, {"price": "0.98", "size": "57"}, {"price": "0.95", "size": "40"}, {"price": "0.94", "size": "71.47"}], "event_type": "book", "last_trade_price": ""}, {"market": "0x8cf7e2edcf21241f24a02c2f69142911e34b32cab04693a260eb1e4304c1dc78", "asset_id": "64583906272045458996323211555671592752086855938364901098109005509699957318710", "timestamp": "1769375604149", "hash": "6adc76512d8b7cfa390859bf188fed5265f0403a", "bids": [{"price": "0.01", "size": "250"}, {"price": "0.02", "size": "57"}, {"price": "0.05", "size": "40"}, {"price": "0.06", "size": "71.47"}], "asks": [{"price": "0.99", "size": "250"}, {"price": "0.97", "size": "28"}, {"price": "0.96", "size": "87"}, {"price": "0.95", "size": "46"}], "event_type": "book", "last_trade_price": ""}, {"market": "0xc650e18e31ae113e6ee24f226be7f50b848cf857dfa1ab4f228438d7b6783a38", "asset_id": "75645024019845785545797317389782890602265313768922076771435105895782169544224", "timestamp": "1769375604149", "hash": "b08791d194c5bddd5d33aa6f8be4966ea85136db", "bids": [{"price": "0.01", "size": "150"}, {"price": "0.02", "size": "75"}, {"price": "0.03", "size": "5.47"}], "asks": [{"price": "0.99", "size": "150"}, {"price": "0.98", "size": "92"}], "event_type": "book", "last_trade_price": ""}, {"market": "0xcdfb2d80af29489c93d60e22cee00e7edbb6ace9f43de2a233ea0c60e571ae40", "asset_id": "66454464041885564264834331758258910178845553568795780055945619540913321130722", "timestamp": "1769375604149", "hash": "8b8d6c6629a519cbc9efcb35c32327c929e55545", "bids": [{"price": "0.01", "size": "250"}, {"price": "0.03", "size": "28"}, {"price": "0.04", "size": "99.7"}, {"price": "0.05", "size": "40"}], "asks": [{"price": "0.99", "size": "250"}, {"price": "0.98", "size": "57"}, {"price": "0.95", "size": "40"}, {"price": "0.94", "size": "71.47"}], "event_type": "book", "last_trade_price": ""}, {"market": "0xc650e18e31ae113e6ee24f226be7f50b848cf857dfa1ab4f228438d7b6783a38", "asset_id": "101274100145679745426074911172892490213899925896436600439107154099410383772881", "timestamp": "1769375604149", "hash": "2f0197293b3ce982c5049998bee0003ad9ad6a39", "bids": [{"price": "0.01", "size": "150"}, {"price": "0.02", "size": "92"}], "asks": [{"price": "0.99", "size": "150"}, {"price": "0.98", "size": "75"}, {"price": "0.97", "size": "5.47"}], "event_type": "book", "last_trade_price": ""}, {"market": "0xcdfb2d80af29489c93d60e22cee00e7edbb6ace9f43de2a233ea0c60e571ae40", "asset_id": "96571572965076284027314660962832191147293621823938452985923693517344702279591", "timestamp": "1769375604149", "hash": "0b4182dc22cd34bcc1102c6283ce06594e740284", "bids": [{"price": "0.01", "size": "250"}, {"price": "0.02", "size": "57"}, {"price": "0.05", "size": "40"}, {"price": "0.06", "size": "71.47"}], "asks": [{"price": "0.99", "size": "250"}, {"price": "0.97", "size": "28"}, {"price": "0.96", "size": "99.7"}, {"price": "0.95", "size": "40"}], "event_type": "book", "last_trade_price": ""}]}
