{"_local_timestamp": "2026-01-25T23:34:05.769666+00:00", "data": [{"market": "0x2c419503469215daf4ed864985e53e4b290a333f74f7ac24e50186172e6a4477", "asset_id": "55080464567372909626088211905058619044785493893552492316591636931290696641624", "timestamp": "1769377054913", "hash": "91d9246da93d7c9713bfd920340f2cfa0c04b603", "bids": [{"price": "0.01", "size": "250"}, {"price": "0.02", "size": "25"}, {"price": "0.03", "size": "110"}, {"price": "0.04", "size": "37"}, {"price": "0.05", "size": "49.03"}, {"price": "0.06", "size": "14.61"}], "asks": [{"price": "0.99", "size": "250"}, {"price": "0.98", "size": "25"}, {"price": "0.97", "size": "66"}, {"price": "0.96", "size": "37"}, {"price": "0.95", "size": "58"}, {"price": "0.94", "size": "158"}], "event_type": "book", "last_trade_price": ""}, {"market": "0xf45f41e8511b5a7f46b51d807918ff743e56f7a0a78f68cf94ca0a6f8163470b", "asset_id": "68289196033774972503990320462042678232769889453641347160703732496082753179105", "timestamp": "1769375607178", "hash": "9ed001b5493a241ac2abe19c211f77e84c94afb3", "bids": [{"price": "0.01", "size": "250"}, {"price": "0.02", "size": "25"}, {"price": "0.03", "size": "103"}, {"price": "0.04", "size": "42.85"}, {"price": "0.05", "size": "48"}, {"price": "0.06", "size": "11.56"}], "asks": [{"price": "0.99", "size": "250"}, {"price": "0.98", "size": "25"}, {"price": "0.97", "size": "66"}, {"price": "0.96", "size": "70"}, {"price": "0.95", "size": "119"}, {"price": "0.94", "size": "79"}], "event_type": "book", "last_trade_price": ""}, {"market": "0x21586c3b1cccf80957b1e5fb90f68b83559a9d2efdd02a89c32f92770c32c04a", "asset_id": "5428038729657025707419738146328749835797733219941626625703824618014553273389", "timestamp": "1769375607178", "hash": "2826b4dbe12bf95f7420675a7e35f553c6742e96", "bids": [{"price": "0.01", "size": "250"}, {"price": "0.02", "size": "25"}, {"price": "0.03", "size": "110"}, {"price": "0.04", "size": "42.85"}, {"price": "0.05", "size": "48"}, {"price": "0.06", "size": "11.56"}], "asks": [{"price": "0.99", "size": "250"}, {"price": "0.98", "size": "25"}, {"price": "0.97", "size": "66"}, {"price": "0.96", "size": "70"}, {"price": "0.95", "size": "119"}, {"price": "0.94", "size": "79"}], "event_type": "book", "last_trade_price": ""}, {"market": "0x2c419503469215daf4ed864985e53e4b290a333f74f7ac24e50186172e6a4477", "asset_id": "100160643844709650024704877289345498350302783411666799036164527683602496010400", "timestamp": "1769377054913", "hash": "dc7f2e7e131ac9ba1975aa44293032550f287d4d", "bids": [{"price": "0.01", "size": "250"}, {"price": "0.02", "size": "25"}, {"price": "0.03", "size": "66"}, {"price": "0.04", "size": "37"}, {"price": "0.05", "size": "58"}, {"price": "0.06", "size": "158"}], "asks": [{"price": "0.99", "size": "250"}, {"price": "0.98", "size": "25"}, {"price": "0.97", "size": "110"}, {"price": "0.96", "size": "37"}, {"price": "0.95", "size": "49.03"}, {"price": "0.94", "size": "14.61"}], "event_type": "book", "last_trade_price": ""}, {"market": "0xf45f41e8511b5a7f46b51d807918ff743e56f7a0a78f68cf94ca0a6f8163470b", "asset_id": "58370219520988155323569741808804296471805228087380210337647978785885733618498", "timestamp": "1769375607178", "hash": "f7b201953843fd170eaa9e9d34f2c16d9e3ad07b", "bids": [{"price": "0.01", "size": "250"}, {"price": "0.02", "size": "25"}, {"price": "0.03", "size": "66"}, {"price": "0.04", "size": "70"}, {"price": "0.05", "size": "119"}, {"price": "0.06", "size": "79"}], "asks": [{"price": "0.99", "size": "250"}, {"price": "0.98", "size": "25"}, {"price": "0.97", "size": "103"}, {"price": "0.96", "size": "42.85"}, {"price": "0.95", "size": "48"}, {"price": "0.94", "size": "11.56"}], "event_type": "book", "last_trade_price": ""}, {"market": "0x21586c3b1cccf80957b1e5fb90f68b83559a9d2efdd02a89c32f92770c32c04a", "asset_id": "108866867264454684036023904350482087613333379568149532592772082014134177010741", "timestamp": "1769375607178", "hash": "57917a99e9d3d6323b8dd7f22fb664df1e6e7bf8", "bids": [{"price": "0.01", "size": "250"}, {"price": "0.02", "size": "25"}, {"price": "0.03", "size": "66"}, {"price": "0.04", "size": "70"}, {"price": "0.05", "size": "119"}, {"price": "0.06", "size": "79"}], "asks": [{"price": "0.99", "size": "250"}, {"price": "0.98", "size": "25"}, {"price": "0.97", "size": "110"}, {"price": "0.96", "size": "42.85"}, {"price": "0.95", "size": "48"}, {"price": "0.94", "size": "11.56"}], "event_type": "book", "last_trade_price": ""}]}
