{"_local_timestamp": "2026-01-25T23:41:12.641513+00:00", "data": [{"market": "0xddfd6e2daa542066aa2bf2bfb7d6ddbb5dc582e1837dea5ef16f6df8837e4385", "asset_id": "73791929717732762778511187476678767013229711427408445497539328347698985699210", "timestamp": "1769375607179", "hash": "928dedc9d5b299f6cd1cb5a25616fe6b9ece4e92", "bids": [{"price": "0.01", "size": "250"}, {"price": "0.02", "size": "25"}, {"price": "0.03", "size": "66"}, {"price": "0.04", "size": "109"}, {"price": "0.05", "size": "119"}], "asks": [{"price": "0.99", "size": "250"}, {"price": "0.98", "size": "25"}, {"price": "0.97", "size": "110"}, {"price": "0.95", "size": "30"}, {"price": "0.94", "size": "55.07"}], "event_type": "book", "last_trade_price": ""}, {"market": "0xb78a1978099226078e8c2a55519b9bf88f3cb89b8ccdc1c740e42cb08203fe97", "asset_id": "39660006385948173993158582589283547361652516527289284114289115291020738063074", "timestamp": "1769375607179", "hash": "e853eca97836741d56ed3667434f9e46d379e26b", "bids": [{"price": "0.01", "size": "250"}, {"price": "0.02", "size": "25"}, {"price": "0.03", "size": "66"}, {"price": "0.04", "size": "37"}, {"price": "0.05", "size": "40"}, {"price": "0.07", "size": "79"}, {"price": "0.08", "size": "39"}], "asks": [{"price": "0.99", "size": "250"}, {"price": "0.98", "size": "25"}, {"price": "0.97", "size": "103"}, {"price": "0.95", "size": "30"}, {"price": "0.94", "size": "51.07"}], "event_type": "book", "last_trade_price": ""}, {"market": "0xb78a1978099226078e8c2a55519b9bf88f3cb89b8ccdc1c740e42cb08203fe97", "asset_id": "114106104363131784435280560995604244956230187156711236191953594318215893557674", "timestamp": "1769375607179", "hash": "c30763415142418aed843b387c6671f6e5561100", "bids": [{"price": "0.01", "size": "250"}, {"price": "0.02", "size": "25"}, {"price": "0.03", "size": "103"}, {"price": "0.05", "size": "30"}, {"price": "0.06", "size": "51.07"}], "asks": [{"price": "0.99", "size": "250"}, {"price": "0.98", "size": "25"}, {"price": "0.97", "size": "66"}, {"price": "0.96", "size": "37"}, {"price": "0.95", "size": "40"}, {"price": "0.93", "size": "79"}, {"price": "0.92", "size": "39"}], "event_type": "book", "last_trade_price": ""}, {"market": "0xddfd6e2daa542066aa2bf2bfb7d6ddbb5dc582e1837dea5ef16f6df8837e4385", "asset_id": "9216494905917518637882828258251258082637368346010270639475946618832874269735", "timestamp": "1769375607179", "hash": "a3c9d19380ad8184e5f2a4a342fd5b76a6e94c9d", "bids": [{"price": "0.01", "size": "250"}, {"price": "0.02", "size": "25"}, {"price": "0.03", "size": "110"}, {"price": "0.05", "size": "30"}, {"price": "0.06", "size": "55.07"}], "asks": [{"price": "0.99", "size": "250"}, {"price": "0.98", "size": "25"}, {"price": "0.97", "size": "66"}, {"price": "0.96", "size": "109"}, {"price": "0.95", "size": "119"}], "event_type": "book", "last_trade_price": ""}, {"market": "0x73310e6e72a6717059d082b9ab0f7db8f5f00e5ffe849b9309ca63a5db457b97", "asset_id": "70473223099994345309183920753980226536915480250364837568100617991863400441034", "timestamp": "1769376363312", "hash": "fd69da186443453f77ee939ca06686848fdc0950", "bids": [{"price": "0.01", "size": "250"}, {"price": "0.02", "size": "25"}, {"price": "0.03", "size": "110"}, {"price": "0.05", "size": "30"}, {"price": "0.06", "size": "52.17"}], "asks": [{"price": "0.99", "size": "250"}, {"price": "0.98", "size": "25"}, {"price": "0.97", "size": "66"}, {"price": "0.96", "size": "37"}, {"price": "0.95", "size": "119"}, {"price": "0.93", "size": "79"}, {"price": "0.92", "size": "19"}], "event_type": "book", "last_trade_price": ""}, {"market": "0x73310e6e72a6717059d082b9ab0f7db8f5f00e5ffe849b9309ca63a5db457b97", "asset_id": "37184670730247872903799871287877503647330220766875676841905507469804763388823", "timestamp": "1769376363312", "hash": "9bc83c3c96698e8a9e4291c200b04633a5906965", "bids": [{"price": "0.01", "size": "250"}, {"price": "0.02", "size": "25"}, {"price": "0.03", "size": "66"}, {"price": "0.04", "size": "37"}, {"price": "0.05", "size": "119"}, {"price": "0.07", "size": "79"}, {"price": "0.08", "size": "19"}], "asks": [{"price": "0.99", "size": "250"}, {"price": "0.98", "size": "25"}, {"price": "0.97", "size": "110"}, {"price": "0.95", "size": "30"}, {"price": "0.94", "size": "52.17"}], "event_type": "book", "last_trade_price": ""}]}
