{"_local_timestamp": "2026-01-25T23:34:21.546370+00:00", "data": [{"market": "0x530047ac6a6fb94e2af41601e0b20d222a07039e3030c7e2bc43643a48572f48", "asset_id": "81977135636498810079811103211312474502296185993064520304881753279979991430579", "timestamp": "1769375710787", "hash": "e2dbebf5b34d531013645a962d8009e7b5f1ceb0", "bids": [{"price": "0.01", "size": "200"}, {"price": "0.03", "size": "66"}, {"price": "0.04", "size": "33"}, {"price": "0.05", "size": "60"}, {"price": "0.06", "size": "191"}], "asks": [{"price": "0.99", "size": "200"}, {"price": "0.98", "size": "100"}, {"price": "0.96", "size": "50"}, {"price": "0.95", "size": "50"}, {"price": "0.94", "size": "38.47"}], "event_type": "book", "last_trade_price": ""}, {"market": "0x64de50d57debdbf3c2c4b937e6aa459c848357f77956b56dc98371db5fcb42c9", "asset_id": "66687183394960049896826939817160916574098336085779292585208046479300408475476", "timestamp": "1769375711142", "hash": "01811fb945f71824d7b3052f41dfb71b1d74c03a", "bids": [{"price": "0.01", "size": "200"}, {"price": "0.02", "size": "100"}, {"price": "0.04", "size": "50"}, {"price": "0.05", "size": "50"}, {"price": "0.06", "size": "38.47"}], "asks": [{"price": "0.99", "size": "200"}, {"price": "0.97", "size": "66"}, {"price": "0.96", "size": "33"}, {"price": "0.95", "size": "60"}, {"price": "0.94", "size": "191"}], "event_type": "book", "last_trade_price": ""}, {"market": "0x64de50d57debdbf3c2c4b937e6aa459c848357f77956b56dc98371db5fcb42c9", "asset_id": "10641549739946999050277019325352284270522489992374629317146412985955361671937", "timestamp": "1769375711142", "hash": "8d89e4980d598878fecbe4011058187449dc1c73", "bids": [{"price": "0.01", "size": "200"}, {"price": "0.03", "size": "66"}, {"price": "0.04", "size": "33"}, {"price": "0.05", "size": "60"}, {"price": "0.06", "size": "191"}], "asks": [{"price": "0.99", "size": "200"}, {"price": "0.98", "size": "100"}, {"price": "0.96", "size": "50"}, {"price": "0.95", "size": "50"}, {"price": "0.94", "size": "38.47"}], "event_type": "book", "last_trade_price": ""}, {"market": "0x964bba69174e7ffe52c8d7a0a5e7ca14c24c56d527a33931a810736e1bbffa9e", "asset_id": "7803952500436241804004430409406640828918474764303497347357426097663363348428", "timestamp": "1769375711141", "hash": "41bc08f52d3d9d4d2610be37d97f4fa613bccdf5", "bids": [{"price": "0.01", "size": "200"}, {"price": "0.03", "size": "66"}, {"price": "0.04", "size": "33"}, {"price": "0.05", "size": "60"}, {"price": "0.06", "size": "191"}], "asks": [{"price": "0.99", "size": "200"}, {"price": "0.98", "size": "100"}, {"price": "0.96", "size": "50"}, {"price": "0.95", "size": "50"}, {"price": "0.94", "size": "38.47"}], "event_type": "book", "last_trade_price": ""}, {"market": "0x964bba69174e7ffe52c8d7a0a5e7ca14c24c56d527a33931a810736e1bbffa9e", "asset_id": "42053455916279743224716648578924770110973571856202443971927642862331966859710", "timestamp": "1769375711141", "hash": "12c8e61064559f44e09bb06ddf022495cc826db1", "bids": [{"price": "0.01", "size": "200"}, {"price": "0.02", "size": "100"}, {"price": "0.04", "size": "50"}, {"price": "0.05", "size": "50"}, {"price": "0.06", "size": "38.47"}], "asks": [{"price": "0.99", "size": "200"}, {"price": "0.97", "size": "66"}, {"price": "0.96", "size": "33"}, {"price": "0.95", "size": "60"}, {"price": "0.94", "size": "191"}], "event_type": "book", "last_trade_price": ""}, {"market": "0x530047ac6a6fb94e2af41601e0b20d222a07039e3030c7e2bc43643a48572f48", "asset_id": "29039721486185997461658685872408313799069965241854188704384652251296106961477", "timestamp": "1769375710787", "hash": "4e3cbac9cb3a0ad4cc6e863b3dd0caf3291b3600", "bids": [{"price": "0.01", "size": "200"}, {"price": "0.02", "size": "100"}, {"price": "0.04", "size": "50"}, {"price": "0.05", "size": "50"}, {"price": "0.06", "size": "38.47"}], "asks": [{"price": "0.99", "size": "200"}, {"price": "0.97", "size": "66"}, {"price": "0.96", "size": "33"}, {"price": "0.95", "size": "60"}, {"price": "0.94", "size": "191"}], "event_type": "book", "last_trade_price": ""}]}
