{"_local_timestamp": "2026-01-25T23:41:15.170559+00:00", "data": [{"market": "0xcc3d65d51e70c852ece7d000ff21208227c51cf5fa57737656812bd4341688b5", "asset_id": "55370117809334614769507455865040628523287411741312361140234902786760618017344", "timestamp": "1769377056990", "hash": "4564f9dec50a863f5e52500f7b7c190f8e1672d9", "bids": [{"price": "0.01", "size": "300"}, {"price": "0.02", "size": "40"}, {"price": "0.05", "size": "40"}, {"price": "0.06", "size": "88.07"}], "asks": [{"price": "0.99", "size": "300"}, {"price": "0.95", "size": "40"}, {"price": "0.94", "size": "86"}, {"price": "0.93", "size": "158"}], "event_type": "book", "last_trade_price": ""}, {"market": "0xc980e637a1ca0066861b6cf07f42d0c9ca2834cdd03bc468ce490c833490d841", "asset_id": "6731870414364133958095594977075068197436515597284605315270448447191846611649", "timestamp": "1769376487581", "hash": "a16727e6d7704970fed147e4dd4180267a0adff6", "bids": [{"price": "0.01", "size": "300"}, {"price": "0.02", "size": "50"}, {"price": "0.05", "size": "40"}, {"price": "0.06", "size": "88.07"}], "asks": [{"price": "0.99", "size": "300"}, {"price": "0.95", "size": "40"}, {"price": "0.94", "size": "86"}, {"price": "0.93", "size": "158"}], "event_type": "book", "last_trade_price": ""}, {"market": "0xcc3d65d51e70c852ece7d000ff21208227c51cf5fa57737656812bd4341688b5", "asset_id": "41287594682389413584666399376706652758926602905073920851158154353515690991405", "timestamp": "1769377056990", "hash": "f15ebe5aab55365fc65c9f92a4362a911aba424b", "bids": [{"price": "0.01", "size": "300"}, {"price": "0.05", "size": "40"}, {"price": "0.06", "size": "86"}, {"price": "0.07", "size": "158"}], "asks": [{"price": "0.99", "size": "300"}, {"price": "0.98", "size": "40"}, {"price": "0.95", "size": "40"}, {"price": "0.94", "size": "88.07"}], "event_type": "book", "last_trade_price": ""}, {"market": "0x4fa6ee983056e1e670bd4b03760026bc8f3386dc8159730d695efebbbdf5dbd4", "asset_id": "73575527148111700863909645129523154436918117059966698758428993400938671971138", "timestamp": "1769376487581", "hash": "555d25923bd8e483d659a96224121d5db3d949d3", "bids": [{"price": "0.01", "size": "300"}, {"price": "0.05", "size": "40"}, {"price": "0.06", "size": "86"}, {"price": "0.07", "size": "158"}], "asks": [{"price": "0.99", "size": "300"}, {"price": "0.98", "size": "40"}, {"price": "0.95", "size": "40"}, {"price": "0.94", "size": "88.07"}], "event_type": "book", "last_trade_price": ""}, {"market": "0x4fa6ee983056e1e670bd4b03760026bc8f3386dc8159730d695efebbbdf5dbd4", "asset_id": "77802923273718498807016316762976584082117156554468847133706412924995978678516", "timestamp": "1769376487581", "hash": "73c9021240f51a0a59dd1704af2462ba538acc67", "bids": [{"price": "0.01", "size": "300"}, {"price": "0.02", "size": "40"}, {"price": "0.05", "size": "40"}, {"price": "0.06", "size": "88.07"}], "asks": [{"price": "0.99", "size": "300"}, {"price": "0.95", "size": "40"}, {"price": "0.94", "size": "86"}, {"price": "0.93", "size": "158"}], "event_type": "book", "last_trade_price": ""}, {"market": "0xc980e637a1ca0066861b6cf07f42d0c9ca2834cdd03bc468ce490c833490d841", "asset_id": "111650632138025582750765537770897436339552011015465276647425199570133096526022", "timestamp": "1769376487581", "hash": "08dc7fa5eacf5df06101f988fa3b660eb428a632", "bids": [{"price": "0.01", "size": "300"}, {"price": "0.05", "size": "40"}, {"price": "0.06", "size": "86"}, {"price": "0.07", "size": "158"}], "asks": [{"price": "0.99", "size": "300"}, {"price": "0.98", "size": "50"}, {"price": "0.95", "size": "40"}, {"price": "0.94", "size": "88.07"}], "event_type": "book", "last_trade_price": ""}]}
