{"_local_timestamp": "2026-01-25T23:34:04.206151+00:00", "data": [{"market": "0x5b4e9597f0498366b87db33e0b992bd1447bd3cf8b5b856c10ad0859079631a2", "asset_id": "99333536507182947076248580106658058782779922407340821221973695451941488171239", "timestamp": "1769383550556", "hash": "b5fbbb8dc58bf80606ff1b01374ee53616458ffa", "bids": [{"price": "0.01", "size": "250"}, {"price": "0.02", "size": "150"}, {"price": "0.03", "size": "16"}, {"price": "0.04", "size": "300"}, {"price": "0.05", "size": "395"}, {"price": "0.06", "size": "358"}, {"price": "0.07", "size": "316.66"}], "asks": [{"price": "0.99", "size": "250"}, {"price": "0.98", "size": "450"}, {"price": "0.97", "size": "400"}, {"price": "0.95", "size": "168"}, {"price": "0.94", "size": "86.67"}], "event_type": "book", "last_trade_price": ""}, {"market": "0x53c0a8534bc405b860fe491b81d478fd1feec6a716154e9e8c04c599cee828bf", "asset_id": "14556356222062065970866654377557190874691334431131135424785460399132604479775", "timestamp": "1769380947783", "hash": "186ffd7be633ef5b391cb6f451c2524788217c84", "bids": [{"price": "0.01", "size": "250"}, {"price": "0.02", "size": "675"}, {"price": "0.03", "size": "266"}, {"price": "0.04", "size": "195"}, {"price": "0.05", "size": "30"}, {"price": "0.06", "size": "38.47"}], "asks": [{"price": "0.99", "size": "250"}, {"price": "0.98", "size": "175"}, {"price": "0.97", "size": "66"}, {"price": "0.96", "size": "537"}, {"price": "0.95", "size": "490"}, {"price": "0.94", "size": "316.66"}], "event_type": "book", "last_trade_price": ""}, {"market": "0x5b4e9597f0498366b87db33e0b992bd1447bd3cf8b5b856c10ad0859079631a2", "asset_id": "110558423723347616467551559571156094679506910926317667999365862170246860700653", "timestamp": "1769383550556", "hash": "c3bbdae289f0943cf2d9bdefeff66538b61d40fd", "bids": [{"price": "0.01", "size": "250"}, {"price": "0.02", "size": "450"}, {"price": "0.03", "size": "400"}, {"price": "0.05", "size": "168"}, {"price": "0.06", "size": "86.67"}], "asks": [{"price": "0.99", "size": "250"}, {"price": "0.98", "size": "150"}, {"price": "0.97", "size": "16"}, {"price": "0.96", "size": "300"}, {"price": "0.95", "size": "395"}, {"price": "0.94", "size": "358"}, {"price": "0.93", "size": "316.66"}], "event_type": "book", "last_trade_price": ""}, {"market": "0x53c0a8534bc405b860fe491b81d478fd1feec6a716154e9e8c04c599cee828bf", "asset_id": "58995612092614749694393255738665986451541802436883165780760866923845904777301", "timestamp": "1769380947783", "hash": "32932bffdb49ddd0bcf346a50ce62d6a187e1784", "bids": [{"price": "0.01", "size": "250"}, {"price": "0.02", "size": "175"}, {"price": "0.03", "size": "66"}, {"price": "0.04", "size": "537"}, {"price": "0.05", "size": "490"}, {"price": "0.06", "size": "316.66"}], "asks": [{"price": "0.99", "size": "250"}, {"price": "0.98", "size": "675"}, {"price": "0.97", "size": "266"}, {"price": "0.96", "size": "195"}, {"price": "0.95", "size": "30"}, {"price": "0.94", "size": "38.47"}], "event_type": "book", "last_trade_price": ""}, {"market": "0x02f75588dd3e65c59987d907ef335016d18afc28b7b40a51404b1c173e08d15e", "asset_id": "29977021962741318925150181502829378821160784197012403422102280944501154770081", "timestamp": "1769383098401", "hash": "4c00609507464307362debd1acee8dec2428155a", "bids": [{"price": "0.01", "size": "250"}, {"price": "0.02", "size": "650"}, {"price": "0.03", "size": "200"}, {"price": "0.04", "size": "62"}, {"price": "0.05", "size": "40"}, {"price": "0.06", "size": "71.47"}], "asks": [{"price": "0.99", "size": "250"}, {"price": "0.98", "size": "150"}, {"price": "0.97", "size": "16"}, {"price": "0.96", "size": "300"}, {"price": "0.95", "size": "355"}, {"price": "0.94", "size": "391"}, {"price": "0.93", "size": "316.66"}], "event_type": "book", "last_trade_price": ""}, {"market": "0x02f75588dd3e65c59987d907ef335016d18afc28b7b40a51404b1c173e08d15e", "asset_id": "9061210736142639796982456843390963851418471157476916982531035464427888902263", "timestamp": "1769383098401", "hash": "8ca71e6dd9c2a7ea185a4962eab7ff2c21776a7c", "bids": [{"price": "0.01", "size": "250"}, {"price": "0.02", "size": "150"}, {"price": "0.03", "size": "16"}, {"price": "0.04", "size": "300"}, {"price": "0.05", "size": "355"}, {"price": "0.06", "size": "391"}, {"price": "0.07", "size": "316.66"}], "asks": [{"price": "0.99", "size": "250"}, {"price": "0.98", "size": "650"}, {"price": "0.97", "size": "200"}, {"price": "0.96", "size": "62"}, {"price": "0.95", "size": "40"}, {"price": "0.94", "size": "71.47"}], "event_type": "book", "last_trade_price": ""}]}
