{"_local_timestamp": "2026-01-25T23:34:05.725689+00:00", "data": [{"market": "0x17385075a35a858847f98d43b60b91cadde9189e7cc08e2af35aa3051d843dd9", "asset_id": "105335556117401593864828990309224284885413149247914680909587034607109816374737", "timestamp": "1769375606677", "hash": "dbfb75ae7503162b619282204325153cb51bd3cc", "bids": [{"price": "0.01", "size": "150"}, {"price": "0.02", "size": "92"}], "asks": [{"price": "0.99", "size": "150"}, {"price": "0.98", "size": "75"}, {"price": "0.97", "size": "5.47"}], "event_type": "book", "last_trade_price": ""}, {"market": "0xb4e8dec70a7ddc8475dcb2bc97a970f328fb5524d98876346256e5aa06ea0b8c", "asset_id": "67131446349340372988597447223606459856039276392805568399856917372509254039032", "timestamp": "1769375606677", "hash": "96d4ccc99c1b43035dafb1b125c1bae697a40e0e", "bids": [{"price": "0.01", "size": "250"}, {"price": "0.02", "size": "75"}, {"price": "0.03", "size": "66"}, {"price": "0.04", "size": "37"}, {"price": "0.05", "size": "40"}, {"price": "0.06", "size": "5.47"}], "asks": [{"price": "0.99", "size": "300"}, {"price": "0.98", "size": "250"}, {"price": "0.97", "size": "66"}], "event_type": "book", "last_trade_price": ""}, {"market": "0xb7dacd0b8b18bb4cc32b0a22aa4b1d96245f563b5f0f712b3c6d0db23778b2c6", "asset_id": "7487035509884142852036181461981057380345773235247730220332511610600101382445", "timestamp": "1769375606677", "hash": "7eb803f99499ceece0339760afbffd51b203de69", "bids": [{"price": "0.01", "size": "300"}, {"price": "0.02", "size": "250"}, {"price": "0.03", "size": "66"}], "asks": [{"price": "0.99", "size": "250"}, {"price": "0.98", "size": "75"}, {"price": "0.97", "size": "66"}, {"price": "0.96", "size": "37"}, {"price": "0.95", "size": "40"}, {"price": "0.94", "size": "5.47"}], "event_type": "book", "last_trade_price": ""}, {"market": "0x17385075a35a858847f98d43b60b91cadde9189e7cc08e2af35aa3051d843dd9", "asset_id": "93701995349449032998466771942794721333294065045182261548409280309748419618238", "timestamp": "1769375606677", "hash": "5762aa27939718d14048f5e4ba89e0884d1db1aa", "bids": [{"price": "0.01", "size": "150"}, {"price": "0.02", "size": "75"}, {"price": "0.03", "size": "5.47"}], "asks": [{"price": "0.99", "size": "150"}, {"price": "0.98", "size": "92"}], "event_type": "book", "last_trade_price": ""}, {"market": "0xb7dacd0b8b18bb4cc32b0a22aa4b1d96245f563b5f0f712b3c6d0db23778b2c6", "asset_id": "79511073011788597901294697418450847393444983974225824311004307762682148845204", "timestamp": "1769375606677", "hash": "d782ce2172b877145ce3f6b5df5c9d2655220b4e", "bids": [{"price": "0.01", "size": "250"}, {"price": "0.02", "size": "75"}, {"price": "0.03", "size": "66"}, {"price": "0.04", "size": "37"}, {"price": "0.05", "size": "40"}, {"price": "0.06", "size": "5.47"}], "asks": [{"price": "0.99", "size": "300"}, {"price": "0.98", "size": "250"}, {"price": "0.97", "size": "66"}], "event_type": "book", "last_trade_price": ""}, {"market": "0xb4e8dec70a7ddc8475dcb2bc97a970f328fb5524d98876346256e5aa06ea0b8c", "asset_id": "34166695300810613277949193939158150094588704360673399615607369720804832369209", "timestamp": "1769375606677", "hash": "14da60c6e4d3350f9e54d66b6d6e69e1ec6d5244", "bids": [{"price": "0.01", "size": "300"}, {"price": "0.02", "size": "250"}, {"price": "0.03", "size": "66"}], "asks": [{"price": "0.99", "size": "250"}, {"price": "0.98", "size": "75"}, {"price": "0.97", "size": "66"}, {"price": "0.96", "size": "37"}, {"price": "0.95", "size": "40"}, {"price": "0.94", "size": "5.47"}], "event_type": "book", "last_trade_price": ""}]}
