{"_local_timestamp": "2026-01-25T23:34:05.746436+00:00", "data": [{"market": "0x4050ffd15115642ed1944e1c74f9d92d1daed3a27485d354deac9f0d1bf08347", "asset_id": "71473365146710947696439371437688271236288317455558996659946165024982456829656", "timestamp": "1769375606150", "hash": "5207d588ffbb9dcfe86d7f91ab5a8a7a5ee5a715", "bids": [{"price": "0.01", "size": "250"}, {"price": "0.02", "size": "25"}, {"price": "0.03", "size": "110"}, {"price": "0.04", "size": "37"}, {"price": "0.05", "size": "40"}, {"price": "0.06", "size": "5.47"}], "asks": [{"price": "0.99", "size": "300"}, {"price": "0.98", "size": "325"}, {"price": "0.97", "size": "66"}], "event_type": "book", "last_trade_price": ""}, {"market": "0x53f43bf44e103224352919de6f648974b67aba73659a8819196539a2cb0ac411", "asset_id": "17264811796417618227149022962794359341575289866302212025139814051303600243724", "timestamp": "1769375606150", "hash": "1a617a0435d0cab01496e340630b479d6f22fa8c", "bids": [{"price": "0.01", "size": "150"}, {"price": "0.02", "size": "92"}], "asks": [{"price": "0.99", "size": "150"}, {"price": "0.98", "size": "79"}, {"price": "0.97", "size": "5.47"}], "event_type": "book", "last_trade_price": ""}, {"market": "0x25813087dc4676a15c81296ee6f83f76c99cdad899a66214b51634632ac619ae", "asset_id": "48017018130716709198862732195500875386974955260844428640353786832025093898060", "timestamp": "1769375606150", "hash": "384d7393b48aca47795b94d4a4541e045b4b4f32", "bids": [{"price": "0.01", "size": "300"}, {"price": "0.02", "size": "325"}, {"price": "0.03", "size": "66"}], "asks": [{"price": "0.99", "size": "250"}, {"price": "0.98", "size": "25"}, {"price": "0.97", "size": "110"}, {"price": "0.96", "size": "37"}, {"price": "0.95", "size": "40"}, {"price": "0.94", "size": "5.47"}], "event_type": "book", "last_trade_price": ""}, {"market": "0x25813087dc4676a15c81296ee6f83f76c99cdad899a66214b51634632ac619ae", "asset_id": "44392883539332888324530908097275007748588809044560051267921296316975806420805", "timestamp": "1769375606150", "hash": "9489d784c9d025ab7e38215f71fbd1c22670fa52", "bids": [{"price": "0.01", "size": "250"}, {"price": "0.02", "size": "25"}, {"price": "0.03", "size": "110"}, {"price": "0.04", "size": "37"}, {"price": "0.05", "size": "40"}, {"price": "0.06", "size": "5.47"}], "asks": [{"price": "0.99", "size": "300"}, {"price": "0.98", "size": "325"}, {"price": "0.97", "size": "66"}], "event_type": "book", "last_trade_price": ""}, {"market": "0x53f43bf44e103224352919de6f648974b67aba73659a8819196539a2cb0ac411", "asset_id": "21833510431387495679679096231671628062827010662492174437111221918264807106278", "timestamp": "1769375606150", "hash": "04991d7ab07c8ed89a530ce03a14897908a947c0", "bids": [{"price": "0.01", "size": "150"}, {"price": "0.02", "size": "79"}, {"price": "0.03", "size": "5.47"}], "asks": [{"price": "0.99", "size": "150"}, {"price": "0.98", "size": "92"}], "event_type": "book", "last_trade_price": ""}, {"market": "0x4050ffd15115642ed1944e1c74f9d92d1daed3a27485d354deac9f0d1bf08347", "asset_id": "61669243926937614128720660766685240276530411427159199521040157817298948038153", "timestamp": "1769375606150", "hash": "e8b9d4a3c4971149043d14ae54a1905bb6ecd43f", "bids": [{"price": "0.01", "size": "300"}, {"price": "0.02", "size": "325"}, {"price": "0.03", "size": "66"}], "asks": [{"price": "0.99", "size": "250"}, {"price": "0.98", "size": "25"}, {"price": "0.97", "size": "110"}, {"price": "0.96", "size": "37"}, {"price": "0.95", "size": "40"}, {"price": "0.94", "size": "5.47"}], "event_type": "book", "last_trade_price": ""}]}
