{"_local_timestamp": "2026-01-25T23:41:10.919571+00:00", "data": [{"market": "0x481e0977fbeab39458f4521901c684abbe7ea320205149138cc71728c77fe2c5", "asset_id": "50606674589105817112725357078115459414522778482430630102782123197261708227803", "timestamp": "1769383503536", "hash": "4c9792ec560d394f72cd37c44773fe8d242d701b", "bids": [{"price": "0.01", "size": "250"}, {"price": "0.02", "size": "650"}, {"price": "0.03", "size": "200"}, {"price": "0.04", "size": "125"}, {"price": "0.05", "size": "40"}, {"price": "0.06", "size": "88.07"}], "asks": [{"price": "0.99", "size": "250"}, {"price": "0.98", "size": "150"}, {"price": "0.97", "size": "625"}, {"price": "0.96", "size": "87"}, {"price": "0.95", "size": "73"}, {"price": "0.94", "size": "66"}, {"price": "0.93", "size": "316.66"}], "event_type": "book", "last_trade_price": ""}, {"market": "0xcf1a5f4b60168d8c3c095de85fef9413d981502cbaa85d95aade5de12c64702e", "asset_id": "58847367781309257605193193861851094193363027620989297076645590707316672776161", "timestamp": "1769383072688", "hash": "a25a4fe756abd8b0ab86e98031bebcac00ccc908", "bids": [{"price": "0.01", "size": "250"}, {"price": "0.02", "size": "150"}, {"price": "0.03", "size": "625"}, {"price": "0.04", "size": "87"}, {"price": "0.05", "size": "73"}, {"price": "0.06", "size": "66"}, {"price": "0.07", "size": "316.66"}], "asks": [{"price": "0.99", "size": "250"}, {"price": "0.98", "size": "650"}, {"price": "0.97", "size": "200"}, {"price": "0.96", "size": "125"}, {"price": "0.95", "size": "40"}, {"price": "0.94", "size": "88.07"}], "event_type": "book", "last_trade_price": ""}, {"market": "0x481e0977fbeab39458f4521901c684abbe7ea320205149138cc71728c77fe2c5", "asset_id": "12933429992295190270213078292964422685794704729505705652008081015140390218722", "timestamp": "1769383503536", "hash": "a9af24265a202d5c46341cba7d88f2e9e1b79a45", "bids": [{"price": "0.01", "size": "250"}, {"price": "0.02", "size": "150"}, {"price": "0.03", "size": "625"}, {"price": "0.04", "size": "87"}, {"price": "0.05", "size": "73"}, {"price": "0.06", "size": "66"}, {"price": "0.07", "size": "316.66"}], "asks": [{"price": "0.99", "size": "250"}, {"price": "0.98", "size": "650"}, {"price": "0.97", "size": "200"}, {"price": "0.96", "size": "125"}, {"price": "0.95", "size": "40"}, {"price": "0.94", "size": "88.07"}], "event_type": "book", "last_trade_price": ""}, {"market": "0x088666b50665fcc1fb28c7f90c3b86332c0dd1a10d727d1e142dadb3228d29c0", "asset_id": "36538958087621960190815386713075664508951019367788043820756035568063339466732", "timestamp": "1769383503537", "hash": "5ac9aac5bed2f955485400304dfe08e05391a4df", "bids": [{"price": "0.01", "size": "250"}, {"price": "0.02", "size": "675"}, {"price": "0.03", "size": "266"}, {"price": "0.04", "size": "170"}, {"price": "0.05", "size": "40"}, {"price": "0.06", "size": "5.47"}], "asks": [{"price": "0.99", "size": "250"}, {"price": "0.98", "size": "175"}, {"price": "0.97", "size": "691"}, {"price": "0.96", "size": "112"}, {"price": "0.95", "size": "135"}, {"price": "0.94", "size": "316.66"}], "event_type": "book", "last_trade_price": ""}, {"market": "0xcf1a5f4b60168d8c3c095de85fef9413d981502cbaa85d95aade5de12c64702e", "asset_id": "106870469035043141325033271727035688822823073560397279363439684182697477845038", "timestamp": "1769383072688", "hash": "a467a3b4e5c9066b8e3ea4efbddfe1287191a881", "bids": [{"price": "0.01", "size": "250"}, {"price": "0.02", "size": "650"}, {"price": "0.03", "size": "200"}, {"price": "0.04", "size": "125"}, {"price": "0.05", "size": "40"}, {"price": "0.06", "size": "88.07"}], "asks": [{"price": "0.99", "size": "250"}, {"price": "0.98", "size": "150"}, {"price": "0.97", "size": "625"}, {"price": "0.96", "size": "87"}, {"price": "0.95", "size": "73"}, {"price": "0.94", "size": "66"}, {"price": "0.93", "size": "316.66"}], "event_type": "book", "last_trade_price": ""}, {"market": "0x088666b50665fcc1fb28c7f90c3b86332c0dd1a10d727d1e142dadb3228d29c0", "asset_id": "11793930997762399993507201332537241963369969642009859663044159751907505792948", "timestamp": "1769383503537", "hash": "1ae25750dd0c74cafb3f7602342e69581d25e39d", "bids": [{"price": "0.01", "size": "250"}, {"price": "0.02", "size": "175"}, {"price": "0.03", "size": "691"}, {"price": "0.04", "size": "112"}, {"price": "0.05", "size": "135"}, {"price": "0.06", "size": "316.66"}], "asks": [{"price": "0.99", "size": "250"}, {"price": "0.98", "size": "675"}, {"price": "0.97", "size": "266"}, {"price": "0.96", "size": "170"}, {"price": "0.95", "size": "40"}, {"price": "0.94", "size": "5.47"}], "event_type": "book", "last_trade_price": ""}]}
{"_local_timestamp": "2026-01-25T23:43:08.167724+00:00", "data": {"market": "0xcf1a5f4b60168d8c3c095de85fef9413d981502cbaa85d95aade5de12c64702e", "price_changes": [{"asset_id": "106870469035043141325033271727035688822823073560397279363439684182697477845038", "price": "0.02", "size": "500", "side": "BUY", "hash": "1ece776567bd890855d0ef92e86b0327e0bd6442", "best_bid": "0.06", "best_ask": "0.93"}, {"asset_id": "58847367781309257605193193861851094193363027620989297076645590707316672776161", "price": "0.98", "size": "500", "side": "SELL", "hash": "de69a759f94824fe978ef03b2980ef01d8fca8b1", "best_bid": "0.07", "best_ask": "0.94"}], "timestamp": "1769384588005", "event_type": "price_change"}}
{"_local_timestamp": "2026-01-25T23:43:20.903284+00:00", "data": {"market": "0xcf1a5f4b60168d8c3c095de85fef9413d981502cbaa85d95aade5de12c64702e", "price_changes": [{"asset_id": "106870469035043141325033271727035688822823073560397279363439684182697477845038", "price": "0.02", "size": "650", "side": "BUY", "hash": "ed5df5a8f5448b9df50cad5a5c7fd5d57b46d62f", "best_bid": "0.06", "best_ask": "0.93"}, {"asset_id": "58847367781309257605193193861851094193363027620989297076645590707316672776161", "price": "0.98", "size": "650", "side": "SELL", "hash": "f3d3ac34933b73db2afb17496d3467ec482e470b", "best_bid": "0.07", "best_ask": "0.94"}], "timestamp": "1769384600762", "event_type": "price_change"}}
