{"_local_timestamp": "2026-01-25T23:34:18.392428+00:00", "data": [{"market": "0x65c4ae222d9bad28f3c075d103378c25409ffda986349e17c2d007191397b3f9", "asset_id": "56635123801206651356036214943942159803881505085326793660632700026623077071394", "timestamp": "1769376493131", "hash": "60b531ff81b4e0d929aa625de4d6fb38f955a85e", "bids": [{"price": "0.01", "size": "200"}, {"price": "0.04", "size": "25"}, {"price": "0.05", "size": "80"}, {"price": "0.06", "size": "73"}, {"price": "0.07", "size": "158"}], "asks": [{"price": "0.99", "size": "200"}, {"price": "0.97", "size": "57"}, {"price": "0.95", "size": "100"}, {"price": "0.94", "size": "54.27"}], "event_type": "book", "last_trade_price": ""}, {"market": "0x32ba214f343ba0f2593471f0ff591cdde958f0a0033ecc8da276c3409b23c8bb", "asset_id": "51532181224151458217427929832020888998614254515773895698296568528037318721956", "timestamp": "1769376493132", "hash": "117079378b57351e43fa784ca63ac01ebfacef78", "bids": [{"price": "0.01", "size": "200"}, {"price": "0.02", "size": "40"}, {"price": "0.05", "size": "70"}, {"price": "0.06", "size": "55.07"}], "asks": [{"price": "0.99", "size": "200"}, {"price": "0.96", "size": "25"}, {"price": "0.95", "size": "80"}, {"price": "0.94", "size": "73"}, {"price": "0.93", "size": "158"}], "event_type": "book", "last_trade_price": ""}, {"market": "0xb0f507a107cb8b5b7acd0bb7dfcc1d00094152101c2cd055c7d5770c17ac0332", "asset_id": "104853672638465690639045174260477817876925882961275124966973216878868032239518", "timestamp": "1769375696688", "hash": "d8d0a2d9815829fce68611ed71d7f4f27c9f75dd", "bids": [{"price": "0.01", "size": "200"}, {"price": "0.03", "size": "57"}, {"price": "0.04", "size": "37"}, {"price": "0.05", "size": "70"}, {"price": "0.06", "size": "55.07"}], "asks": [{"price": "0.99", "size": "200"}, {"price": "0.95", "size": "100"}, {"price": "0.94", "size": "83"}, {"price": "0.93", "size": "142"}], "event_type": "book", "last_trade_price": ""}, {"market": "0x65c4ae222d9bad28f3c075d103378c25409ffda986349e17c2d007191397b3f9", "asset_id": "38206409025798191354526177474506540698343877806141549146898800552090905962961", "timestamp": "1769376493131", "hash": "db438728731a543f776f5bb52c878c99a7178227", "bids": [{"price": "0.01", "size": "200"}, {"price": "0.03", "size": "57"}, {"price": "0.05", "size": "100"}, {"price": "0.06", "size": "54.27"}], "asks": [{"price": "0.99", "size": "200"}, {"price": "0.96", "size": "25"}, {"price": "0.95", "size": "80"}, {"price": "0.94", "size": "73"}, {"price": "0.93", "size": "158"}], "event_type": "book", "last_trade_price": ""}, {"market": "0x32ba214f343ba0f2593471f0ff591cdde958f0a0033ecc8da276c3409b23c8bb", "asset_id": "70148824522883797074654442278735258180572828887575490463112024447071740358956", "timestamp": "1769376493132", "hash": "fe6ea37f205907d9fd37ccda3fe6b0c1200f8542", "bids": [{"price": "0.01", "size": "200"}, {"price": "0.04", "size": "25"}, {"price": "0.05", "size": "80"}, {"price": "0.06", "size": "73"}, {"price": "0.07", "size": "158"}], "asks": [{"price": "0.99", "size": "200"}, {"price": "0.98", "size": "40"}, {"price": "0.95", "size": "70"}, {"price": "0.94", "size": "55.07"}], "event_type": "book", "last_trade_price": ""}, {"market": "0xb0f507a107cb8b5b7acd0bb7dfcc1d00094152101c2cd055c7d5770c17ac0332", "asset_id": "21550302856998653099438107465128183330352278331280693901690340677156700103125", "timestamp": "1769375696688", "hash": "c9482913af9ca03af2e39c287296e5854e389092", "bids": [{"price": "0.01", "size": "200"}, {"price": "0.05", "size": "100"}, {"price": "0.06", "size": "83"}, {"price": "0.07", "size": "142"}], "asks": [{"price": "0.99", "size": "200"}, {"price": "0.97", "size": "57"}, {"price": "0.96", "size": "37"}, {"price": "0.95", "size": "70"}, {"price": "0.94", "size": "55.07"}], "event_type": "book", "last_trade_price": ""}]}
