{"_local_timestamp": "2026-01-25T23:41:12.654819+00:00", "data": [{"market": "0x3d3f683957dd39f35949c84dbda32e90d294eb430f4010afccc066ff4471056a", "asset_id": "20631677806895760483701155678905507824016380421702120014388813286308669266296", "timestamp": "1769375606678", "hash": "062aea8ea28b5658b82274e48a3a20b3a0289534", "bids": [{"price": "0.01", "size": "300"}, {"price": "0.02", "size": "325"}, {"price": "0.03", "size": "72.6"}], "asks": [{"price": "0.99", "size": "250"}, {"price": "0.98", "size": "25"}, {"price": "0.97", "size": "110"}, {"price": "0.96", "size": "37"}, {"price": "0.95", "size": "40"}, {"price": "0.94", "size": "5.47"}], "event_type": "book", "last_trade_price": ""}, {"market": "0xbfd9ceb8196ae27ff0f63d43e511dd45166bf358205a5ab8c0ec33c83216cff0", "asset_id": "15065048800205662072589445489201109561564972493332638154391545572811574990305", "timestamp": "1769375606677", "hash": "0859db5ca34f3a0657bcb7040f3992f15fc8f02c", "bids": [{"price": "0.01", "size": "300"}, {"price": "0.02", "size": "250"}, {"price": "0.03", "size": "82.8"}], "asks": [{"price": "0.99", "size": "250"}, {"price": "0.98", "size": "25"}, {"price": "0.97", "size": "110"}, {"price": "0.96", "size": "37"}, {"price": "0.95", "size": "40"}, {"price": "0.94", "size": "5.47"}], "event_type": "book", "last_trade_price": ""}, {"market": "0x3429901260e3d0061cd704c20d6c550d63c73ec215e9630e58bc32abbd55ca05", "asset_id": "86909902748994892531241457839073035197983639544758491904869821786692973879854", "timestamp": "1769375606677", "hash": "948bf3ecff010de5f18a11e97493430e973d2911", "bids": [{"price": "0.01", "size": "150"}, {"price": "0.02", "size": "75"}, {"price": "0.03", "size": "5.47"}], "asks": [{"price": "0.99", "size": "150"}, {"price": "0.98", "size": "92"}], "event_type": "book", "last_trade_price": ""}, {"market": "0x3d3f683957dd39f35949c84dbda32e90d294eb430f4010afccc066ff4471056a", "asset_id": "37106270253065698587044313253492237185796165721182536471198355282986637742693", "timestamp": "1769375606678", "hash": "2cb4d4d1e255caeb39933d079a37426cae0f0d8c", "bids": [{"price": "0.01", "size": "250"}, {"price": "0.02", "size": "25"}, {"price": "0.03", "size": "110"}, {"price": "0.04", "size": "37"}, {"price": "0.05", "size": "40"}, {"price": "0.06", "size": "5.47"}], "asks": [{"price": "0.99", "size": "300"}, {"price": "0.98", "size": "325"}, {"price": "0.97", "size": "72.6"}], "event_type": "book", "last_trade_price": ""}, {"market": "0xbfd9ceb8196ae27ff0f63d43e511dd45166bf358205a5ab8c0ec33c83216cff0", "asset_id": "4993277728754175553138075795221105722136039156258463712670984249059662160849", "timestamp": "1769375606677", "hash": "6f915371e11fbd391f786f1ffa3f61c9eee038bc", "bids": [{"price": "0.01", "size": "250"}, {"price": "0.02", "size": "25"}, {"price": "0.03", "size": "110"}, {"price": "0.04", "size": "37"}, {"price": "0.05", "size": "40"}, {"price": "0.06", "size": "5.47"}], "asks": [{"price": "0.99", "size": "300"}, {"price": "0.98", "size": "250"}, {"price": "0.97", "size": "82.8"}], "event_type": "book", "last_trade_price": ""}, {"market": "0x3429901260e3d0061cd704c20d6c550d63c73ec215e9630e58bc32abbd55ca05", "asset_id": "36575843393965528400119887125757712656656530266957406156427545519322648124581", "timestamp": "1769375606677", "hash": "9cc7a389cbf04163bbabe597809ce8db24eea872", "bids": [{"price": "0.01", "size": "150"}, {"price": "0.02", "size": "92"}], "asks": [{"price": "0.99", "size": "150"}, {"price": "0.98", "size": "75"}, {"price": "0.97", "size": "5.47"}], "event_type": "book", "last_trade_price": ""}]}
