{"_local_timestamp": "2026-01-25T23:34:04.200289+00:00", "data": [{"market": "0xb0889adf9279e769b65a7152abba0e88003a4f9725ea9f85458d30ffaa44c19c", "asset_id": "54081502438958707327135164945384360066479094933217793177399507874134916412571", "timestamp": "1769375604673", "hash": "203410d5466f8b765d8ed411b6d3b7aac52b1e8e", "bids": [{"price": "0.01", "size": "250"}, {"price": "0.02", "size": "25"}, {"price": "0.03", "size": "66"}, {"price": "0.04", "size": "70"}, {"price": "0.05", "size": "119"}, {"price": "0.08", "size": "79"}], "asks": [{"price": "0.99", "size": "250"}, {"price": "0.98", "size": "25"}, {"price": "0.97", "size": "110"}, {"price": "0.96", "size": "42.85"}, {"price": "0.95", "size": "48"}, {"price": "0.94", "size": "11.56"}], "event_type": "book", "last_trade_price": ""}, {"market": "0x1128413e6068cca5cfe5859cac112b0b30b8d24adb1bf7aec9af968e2a1317e9", "asset_id": "96340207982252121394714905944279642170127068940585737784299168466747105447884", "timestamp": "1769375604673", "hash": "2b2c15d4a0954286502666ffae0e9dc7b61ce0a1", "bids": [{"price": "0.01", "size": "250"}, {"price": "0.02", "size": "25"}, {"price": "0.03", "size": "66"}, {"price": "0.04", "size": "70"}, {"price": "0.05", "size": "119"}, {"price": "0.06", "size": "79"}], "asks": [{"price": "0.99", "size": "250"}, {"price": "0.98", "size": "25"}, {"price": "0.97", "size": "110"}, {"price": "0.95", "size": "30"}, {"price": "0.94", "size": "55.07"}], "event_type": "book", "last_trade_price": ""}, {"market": "0xb0889adf9279e769b65a7152abba0e88003a4f9725ea9f85458d30ffaa44c19c", "asset_id": "8726404757402987834875394442748074912205150301745271802228060245014546007840", "timestamp": "1769375604673", "hash": "4b06747856f4004a527e405990d564f9705eb643", "bids": [{"price": "0.01", "size": "250"}, {"price": "0.02", "size": "25"}, {"price": "0.03", "size": "110"}, {"price": "0.04", "size": "42.85"}, {"price": "0.05", "size": "48"}, {"price": "0.06", "size": "11.56"}], "asks": [{"price": "0.99", "size": "250"}, {"price": "0.98", "size": "25"}, {"price": "0.97", "size": "66"}, {"price": "0.96", "size": "70"}, {"price": "0.95", "size": "119"}, {"price": "0.92", "size": "79"}], "event_type": "book", "last_trade_price": ""}, {"market": "0x6a63c56e4c89802fd52397ffb728c22c787514e476d38258e7505ac7066aefbe", "asset_id": "45077343916432105410628715565530392103832248364089607857641645740275179391324", "timestamp": "1769375604674", "hash": "985a35e17eea417a45ae42de6e9657394b35b7df", "bids": [{"price": "0.01", "size": "250"}, {"price": "0.02", "size": "25"}, {"price": "0.03", "size": "110"}, {"price": "0.04", "size": "42.85"}, {"price": "0.05", "size": "48"}, {"price": "0.06", "size": "11.56"}], "asks": [{"price": "0.99", "size": "250"}, {"price": "0.98", "size": "25"}, {"price": "0.97", "size": "66"}, {"price": "0.96", "size": "70"}, {"price": "0.95", "size": "119"}, {"price": "0.92", "size": "79"}], "event_type": "book", "last_trade_price": ""}, {"market": "0x1128413e6068cca5cfe5859cac112b0b30b8d24adb1bf7aec9af968e2a1317e9", "asset_id": "110235681144657582640586760889366141352600534101080669702557616618605262559299", "timestamp": "1769375604673", "hash": "e790cec0ef46a7154fbb013c6fdd7b62bde14f70", "bids": [{"price": "0.01", "size": "250"}, {"price": "0.02", "size": "25"}, {"price": "0.03", "size": "110"}, {"price": "0.05", "size": "30"}, {"price": "0.06", "size": "55.07"}], "asks": [{"price": "0.99", "size": "250"}, {"price": "0.98", "size": "25"}, {"price": "0.97", "size": "66"}, {"price": "0.96", "size": "70"}, {"price": "0.95", "size": "119"}, {"price": "0.94", "size": "79"}], "event_type": "book", "last_trade_price": ""}, {"market": "0x6a63c56e4c89802fd52397ffb728c22c787514e476d38258e7505ac7066aefbe", "asset_id": "25143470976636484230627538818083423984214855146023538133173582611498207147917", "timestamp": "1769375604674", "hash": "5c6e0058e3ac6f8e6e372f334d2d4d2fd4710d6a", "bids": [{"price": "0.01", "size": "250"}, {"price": "0.02", "size": "25"}, {"price": "0.03", "size": "66"}, {"price": "0.04", "size": "70"}, {"price": "0.05", "size": "119"}, {"price": "0.08", "size": "79"}], "asks": [{"price": "0.99", "size": "250"}, {"price": "0.98", "size": "25"}, {"price": "0.97", "size": "110"}, {"price": "0.96", "size": "42.85"}, {"price": "0.95", "size": "48"}, {"price": "0.94", "size": "11.56"}], "event_type": "book", "last_trade_price": ""}]}
