{"_local_timestamp": "2026-01-25T23:41:12.619780+00:00", "data": [{"market": "0x3fc36350669428c94903da1dacf4a160475a1433a8cafa31302c7f7aa8c48754", "asset_id": "22076738504034804665485133417744227064612010745492345058239722937972927842884", "timestamp": "1769375606678", "hash": "bd000a22f2674156a3b2c3fe794476b9732dd201", "bids": [{"price": "0.01", "size": "250"}, {"price": "0.02", "size": "25"}, {"price": "0.03", "size": "110"}, {"price": "0.04", "size": "42.85"}, {"price": "0.05", "size": "48"}, {"price": "0.06", "size": "11.56"}], "asks": [{"price": "0.99", "size": "250"}, {"price": "0.98", "size": "25"}, {"price": "0.97", "size": "66"}, {"price": "0.96", "size": "70"}, {"price": "0.95", "size": "119"}, {"price": "0.92", "size": "79"}], "event_type": "book", "last_trade_price": ""}, {"market": "0x279c68f7217f065f92143d472912c921eea4275302423888657607e202c7684d", "asset_id": "69244524013555090630649400998291768769166809892818624022226730151317828778031", "timestamp": "1769375606677", "hash": "fa6ac943e43aa4f548f83933dc474155862fe43d", "bids": [{"price": "0.01", "size": "250"}, {"price": "0.02", "size": "25"}, {"price": "0.03", "size": "110"}, {"price": "0.04", "size": "42.85"}, {"price": "0.05", "size": "48"}, {"price": "0.06", "size": "11.56"}], "asks": [{"price": "0.99", "size": "250"}, {"price": "0.98", "size": "25"}, {"price": "0.97", "size": "66"}, {"price": "0.96", "size": "70"}, {"price": "0.95", "size": "119"}, {"price": "0.92", "size": "79"}], "event_type": "book", "last_trade_price": ""}, {"market": "0xcca75656dadcde675d5c53384b892a3092c8517ac69718747bf7351d205312f9", "asset_id": "34804904713399846132683986185621460103052514027389587084521989680144830508202", "timestamp": "1769375606677", "hash": "3ccd57d2ae895f7a90c4d935f8161d66e689bca4", "bids": [{"price": "0.01", "size": "250"}, {"price": "0.02", "size": "25"}, {"price": "0.03", "size": "110"}, {"price": "0.05", "size": "30"}, {"price": "0.06", "size": "54.27"}], "asks": [{"price": "0.99", "size": "250"}, {"price": "0.98", "size": "25"}, {"price": "0.97", "size": "66"}, {"price": "0.96", "size": "70"}, {"price": "0.95", "size": "119"}, {"price": "0.94", "size": "79"}], "event_type": "book", "last_trade_price": ""}, {"market": "0x3fc36350669428c94903da1dacf4a160475a1433a8cafa31302c7f7aa8c48754", "asset_id": "115500826018710778107604350332006265195824070347092616418324063918101779232381", "timestamp": "1769375606678", "hash": "f1140ee630053cbc207ad99228ec7d564a609678", "bids": [{"price": "0.01", "size": "250"}, {"price": "0.02", "size": "25"}, {"price": "0.03", "size": "66"}, {"price": "0.04", "size": "70"}, {"price": "0.05", "size": "119"}, {"price": "0.08", "size": "79"}], "asks": [{"price": "0.99", "size": "250"}, {"price": "0.98", "size": "25"}, {"price": "0.97", "size": "110"}, {"price": "0.96", "size": "42.85"}, {"price": "0.95", "size": "48"}, {"price": "0.94", "size": "11.56"}], "event_type": "book", "last_trade_price": ""}, {"market": "0xcca75656dadcde675d5c53384b892a3092c8517ac69718747bf7351d205312f9", "asset_id": "100431314305039812180361031283862436590368804761541296430671968262605504718527", "timestamp": "1769375606677", "hash": "c6793cdc7eea095198a7639ee79e0ad1d1efddbf", "bids": [{"price": "0.01", "size": "250"}, {"price": "0.02", "size": "25"}, {"price": "0.03", "size": "66"}, {"price": "0.04", "size": "70"}, {"price": "0.05", "size": "119"}, {"price": "0.06", "size": "79"}], "asks": [{"price": "0.99", "size": "250"}, {"price": "0.98", "size": "25"}, {"price": "0.97", "size": "110"}, {"price": "0.95", "size": "30"}, {"price": "0.94", "size": "54.27"}], "event_type": "book", "last_trade_price": ""}, {"market": "0x279c68f7217f065f92143d472912c921eea4275302423888657607e202c7684d", "asset_id": "13463968633487476413811909491078296604305718173095224552588621866328649163967", "timestamp": "1769375606677", "hash": "535492a461aa48f25050f5938603b5b1c1ce7421", "bids": [{"price": "0.01", "size": "250"}, {"price": "0.02", "size": "25"}, {"price": "0.03", "size": "66"}, {"price": "0.04", "size": "70"}, {"price": "0.05", "size": "119"}, {"price": "0.08", "size": "79"}], "asks": [{"price": "0.99", "size": "250"}, {"price": "0.98", "size": "25"}, {"price": "0.97", "size": "110"}, {"price": "0.96", "size": "42.85"}, {"price": "0.95", "size": "48"}, {"price": "0.94", "size": "11.56"}], "event_type": "book", "last_trade_price": ""}]}
