{"_local_timestamp": "2026-01-25T23:41:12.790635+00:00", "data": [{"market": "0x09b039fd00b24f0eae1aa8ddf560a202600344c7471425097a3d3242ae7bf489", "asset_id": "107125139550653930932561076649188586352032086759795994841991399989359955384087", "timestamp": "1769381548760", "hash": "295e75bb2af6ec679d990bf95739954b964b7af0", "bids": [{"price": "0.01", "size": "250"}, {"price": "0.02", "size": "50"}, {"price": "0.04", "size": "12"}, {"price": "0.05", "size": "70"}, {"price": "0.06", "size": "33"}, {"price": "0.07", "size": "15.47"}], "asks": [{"price": "0.99", "size": "250"}, {"price": "0.98", "size": "50"}, {"price": "0.97", "size": "16"}, {"price": "0.96", "size": "87"}, {"price": "0.95", "size": "50"}], "event_type": "book", "last_trade_price": ""}, {"market": "0x376c84594edc3bc0dc1d7a66d11a31baacd6ae7be13434022bca4f716ff2b9ad", "asset_id": "82819570712495536550400475063665198174064138366731142603010920453675233456023", "timestamp": "1769375608024", "hash": "4bbb56ac223693cf6e207dcb52ce86cdb599fe1a", "bids": [{"price": "0.01", "size": "250"}, {"price": "0.02", "size": "50"}, {"price": "0.03", "size": "16"}, {"price": "0.04", "size": "87"}, {"price": "0.05", "size": "52"}], "asks": [{"price": "0.99", "size": "250"}, {"price": "0.98", "size": "50"}, {"price": "0.96", "size": "12"}, {"price": "0.95", "size": "70"}, {"price": "0.94", "size": "38.47"}], "event_type": "book", "last_trade_price": ""}, {"market": "0x284fc5a568496b5d684ad2c7e65d60ab6f9541f4c8b2f2a9eb8f9d353a8e4491", "asset_id": "29087062898630074032873583064673984267819021289195940149208048897021651926426", "timestamp": "1769381551913", "hash": "50b9106dab240aee71e838f0d1d7b564066b9065", "bids": [{"price": "0.01", "size": "150"}, {"price": "0.02", "size": "25"}, {"price": "0.06", "size": "35.47"}], "asks": [{"price": "0.99", "size": "170"}, {"price": "0.98", "size": "25"}, {"price": "0.97", "size": "41.66"}], "event_type": "book", "last_trade_price": ""}, {"market": "0x376c84594edc3bc0dc1d7a66d11a31baacd6ae7be13434022bca4f716ff2b9ad", "asset_id": "7393333175564253342943117596021382927335904510323390480733726202020148359431", "timestamp": "1769375608024", "hash": "ad795975158d6480350406c748376bbf0fca1ca5", "bids": [{"price": "0.01", "size": "250"}, {"price": "0.02", "size": "50"}, {"price": "0.04", "size": "12"}, {"price": "0.05", "size": "70"}, {"price": "0.06", "size": "38.47"}], "asks": [{"price": "0.99", "size": "250"}, {"price": "0.98", "size": "50"}, {"price": "0.97", "size": "16"}, {"price": "0.96", "size": "87"}, {"price": "0.95", "size": "52"}], "event_type": "book", "last_trade_price": ""}, {"market": "0x284fc5a568496b5d684ad2c7e65d60ab6f9541f4c8b2f2a9eb8f9d353a8e4491", "asset_id": "107244696005163028330206092423220029337272763586798661497024791388290960978966", "timestamp": "1769381551913", "hash": "8ae49f948027770094ccc12fed6b21d0899906fe", "bids": [{"price": "0.01", "size": "170"}, {"price": "0.02", "size": "25"}, {"price": "0.03", "size": "41.66"}], "asks": [{"price": "0.99", "size": "150"}, {"price": "0.98", "size": "25"}, {"price": "0.94", "size": "35.47"}], "event_type": "book", "last_trade_price": ""}, {"market": "0x09b039fd00b24f0eae1aa8ddf560a202600344c7471425097a3d3242ae7bf489", "asset_id": "115144611766085769954239902996237451416660853742101040363490469608651282278647", "timestamp": "1769381548760", "hash": "c39e8274c5910c4bd0de2270e51616d7364d005c", "bids": [{"price": "0.01", "size": "250"}, {"price": "0.02", "size": "50"}, {"price": "0.03", "size": "16"}, {"price": "0.04", "size": "87"}, {"price": "0.05", "size": "50"}], "asks": [{"price": "0.99", "size": "250"}, {"price": "0.98", "size": "50"}, {"price": "0.96", "size": "12"}, {"price": "0.95", "size": "70"}, {"price": "0.94", "size": "33"}, {"price": "0.93", "size": "15.47"}], "event_type": "book", "last_trade_price": ""}]}
