{"_local_timestamp": "2026-01-25T23:41:08.859934+00:00", "data": [{"market": "0x8e27b658dc390ba1f8b30d33c4484976b43bf1b8c30081f8978fc0eb7a964bc6", "asset_id": "96683125852195120123107459753574036245660708252181619186419846159217717658881", "timestamp": "1769381555829", "hash": "269c663933bc3865db2e312f97a2aa7311116a58", "bids": [{"price": "0.01", "size": "250"}, {"price": "0.02", "size": "125"}, {"price": "0.04", "size": "37"}, {"price": "0.05", "size": "40"}, {"price": "0.07", "size": "65.47"}], "asks": [{"price": "0.99", "size": "250"}, {"price": "0.98", "size": "225"}], "event_type": "book", "last_trade_price": ""}, {"market": "0x27990caee5f49f719632e8850acc9706a886ce4d0eb56867091143564ce07ee5", "asset_id": "83568645514252197158492243448119604248851015927217027505194725390149908585566", "timestamp": "1769381113814", "hash": "4573a185e2ea81ddbda447e7c8102b84a804f994", "bids": [{"price": "0.01", "size": "150"}, {"price": "0.02", "size": "5.47"}], "asks": [{"price": "0.99", "size": "150"}], "event_type": "book", "last_trade_price": ""}, {"market": "0x8e27b658dc390ba1f8b30d33c4484976b43bf1b8c30081f8978fc0eb7a964bc6", "asset_id": "55400780302205558758324935093448223716816364083744275542046694628839762093155", "timestamp": "1769381555829", "hash": "db5b16da127394e34c9759aa7c2b336c6f0bc7ec", "bids": [{"price": "0.01", "size": "250"}, {"price": "0.02", "size": "225"}], "asks": [{"price": "0.99", "size": "250"}, {"price": "0.98", "size": "125"}, {"price": "0.96", "size": "37"}, {"price": "0.95", "size": "40"}, {"price": "0.93", "size": "65.47"}], "event_type": "book", "last_trade_price": ""}, {"market": "0x644cbba1356d6a54b17bc10b1184ff9564dde594d8f78434c513ef968832bec4", "asset_id": "106068201286280369722426191399405661592659085969121444178208373813424875062685", "timestamp": "1769384419154", "hash": "248f451a29e7c7307f2b0e4038fdb9714596c74d", "bids": [{"price": "0.01", "size": "750"}, {"price": "0.03", "size": "1000"}, {"price": "0.08", "size": "500"}, {"price": "0.1", "size": "50"}, {"price": "0.14", "size": "200"}, {"price": "0.31", "size": "300"}, {"price": "0.35", "size": "200"}, {"price": "0.38", "size": "125"}, {"price": "0.41", "size": "945.13"}, {"price": "0.43", "size": "50"}, {"price": "0.5", "size": "100"}, {"price": "0.6", "size": "100"}, {"price": "0.61", "size": "300"}, {"price": "0.63", "size": "33.11"}, {"price": "0.65", "size": "15"}, {"price": "0.67", "size": "26.57"}, {"price": "0.68", "size": "81.58"}], "asks": [{"price": "0.99", "size": "750"}, {"price": "0.98", "size": "200"}, {"price": "0.97", "size": "200"}, {"price": "0.96", "size": "50"}, {"price": "0.95", "size": "80"}, {"price": "0.94", "size": "50"}, {"price": "0.93", "size": "50"}, {"price": "0.92", "size": "320"}, {"price": "0.91", "size": "220"}, {"price": "0.9", "size": "220"}, {"price": "0.89", "size": "20"}, {"price": "0.88", "size": "1020"}, {"price": "0.87", "size": "70"}, {"price": "0.86", "size": "70"}, {"price": "0.85", "size": "170"}, {"price": "0.84", "size": "321"}, {"price": "0.83", "size": "80"}, {"price": "0.81", "size": "24.77"}, {"price": "0.8", "size": "40"}], "event_type": "book", "last_trade_price": "0.360"}, {"market": "0x27990caee5f49f719632e8850acc9706a886ce4d0eb56867091143564ce07ee5", "asset_id": "1020316771167013439433933395283756060556737083729604001620308182254069961768", "timestamp": "1769381113814", "hash": "6d9bbc24f8f15156f98aea1fbf675efeb85a2119", "bids": [{"price": "0.01", "size": "150"}], "asks": [{"price": "0.99", "size": "150"}, {"price": "0.98", "size": "5.47"}], "event_type": "book", "last_trade_price": ""}, {"market": "0x644cbba1356d6a54b17bc10b1184ff9564dde594d8f78434c513ef968832bec4", "asset_id": "80395444732157816057260370374147975476189854950409333213083806704109588217447", "timestamp": "1769384419154", "hash": "70954758a376bc1091e04ec8b7574b1c22625a0a", "bids": [{"price": "0.01", "size": "750"}, {"price": "0.02", "size": "200"}, {"price": "0.03", "size": "200"}, {"price": "0.04", "size": "50"}, {"price": "0.05", "size": "80"}, {"price": "0.06", "size": "50"}, {"price": "0.07", "size": "50"}, {"price": "0.08", "size": "320"}, {"price": "0.09", "size": "220"}, {"price": "0.1", "size": "220"}, {"price": "0.11", "size": "20"}, {"price": "0.12", "size": "1020"}, {"price": "0.13", "size": "70"}, {"price": "0.14", "size": "70"}, {"price": "0.15", "size": "170"}, {"price": "0.16", "size": "321"}, {"price": "0.17", "size": "80"}, {"price": "0.19", "size": "24.77"}, {"price": "0.2", "size": "40"}], "asks": [{"price": "0.99", "size": "750"}, {"price": "0.97", "size": "1000"}, {"price": "0.92", "size": "500"}, {"price": "0.9", "size": "50"}, {"price": "0.86", "size": "200"}, {"price": "0.69", "size": "300"}, {"price": "0.65", "size": "200"}, {"price": "0.62", "size": "125"}, {"price": "0.59", "size": "945.13"}, {"price": "0.57", "size": "50"}, {"price": "0.5", "size": "100"}, {"price": "0.4", "size": "100"}, {"price": "0.39", "size": "300"}, {"price": "0.37", "size": "33.11"}, {"price": "0.35", "size": "15"}, {"price": "0.33", "size": "26.57"}, {"price": "0.32", "size": "81.58"}], "event_type": "book", "last_trade_price": "0.360"}]}
{"_local_timestamp": "2026-01-25T23:41:49.727766+00:00", "data": {"market": "0x27990caee5f49f719632e8850acc9706a886ce4d0eb56867091143564ce07ee5", "price_changes": [{"asset_id": "83568645514252197158492243448119604248851015927217027505194725390149908585566", "price": "0.03", "size": "50", "side": "BUY", "hash": "6d1afe73d1c78252200bc117c6a3a9dc25eb5d3e", "best_bid": "0.03", "best_ask": "0.99"}, {"asset_id": "1020316771167013439433933395283756060556737083729604001620308182254069961768", "price": "0.97", "size": "50", "side": "SELL", "hash": "baa2b82d0198d6e61a08c171705b34c5397441c4", "best_bid": "0.01", "best_ask": "0.97"}], "timestamp": "1769384509661", "event_type": "price_change"}}
{"_local_timestamp": "2026-01-25T23:41:51.412478+00:00", "data": {"market": "0x27990caee5f49f719632e8850acc9706a886ce4d0eb56867091143564ce07ee5", "price_changes": [{"asset_id": "83568645514252197158492243448119604248851015927217027505194725390149908585566", "price": "0.02", "size": "0", "side": "BUY", "hash": "9efe5a9a543cf9664b22852a7a6bf092895b9179", "best_bid": "0.03", "best_ask": "0.99"}, {"asset_id": "1020316771167013439433933395283756060556737083729604001620308182254069961768", "price": "0.98", "size": "0", "side": "SELL", "hash": "880b70f6ac86959dfa298abae2bb23bcbada9307", "best_bid": "0.01", "best_ask": "0.97"}], "timestamp": "1769384511345", "event_type": "price_change"}}
{"_local_timestamp": "2026-01-25T23:41:51.452709+00:00", "data": {"market": "0x27990caee5f49f719632e8850acc9706a886ce4d0eb56867091143564ce07ee5", "price_changes": [{"asset_id": "83568645514252197158492243448119604248851015927217027505194725390149908585566", "price": "0.04", "size": "5.47", "side": "BUY", "hash": "8fbced88f3cfeb35438c9201e1656594abe7f999", "best_bid": "0.04", "best_ask": "0.99"}, {"asset_id": "1020316771167013439433933395283756060556737083729604001620308182254069961768", "price": "0.96", "size": "5.47", "side": "SELL", "hash": "6a53a46ae2ed0b997e3d2f15f671995704b8598a", "best_bid": "0.01", "best_ask": "0.96"}], "timestamp": "1769384511378", "event_type": "price_change"}}
{"_local_timestamp": "2026-01-25T23:42:07.326004+00:00", "data": {"market": "0x27990caee5f49f719632e8850acc9706a886ce4d0eb56867091143564ce07ee5", "price_changes": [{"asset_id": "1020316771167013439433933395283756060556737083729604001620308182254069961768", "price": "0.03", "size": "50", "side": "BUY", "hash": "46d2399cc385773ec8cbf249c403079cdafdb6d1", "best_bid": "0.03", "best_ask": "0.96"}, {"asset_id": "83568645514252197158492243448119604248851015927217027505194725390149908585566", "price": "0.97", "size": "50", "side": "SELL", "hash": "f0e74814f7772b7a90fa9e20eb46e7f796a6deda", "best_bid": "0.04", "best_ask": "0.97"}], "timestamp": "1769384527259", "event_type": "price_change"}}
{"_local_timestamp": "2026-01-25T23:42:21.319348+00:00", "data": {"market": "0x27990caee5f49f719632e8850acc9706a886ce4d0eb56867091143564ce07ee5", "price_changes": [{"asset_id": "83568645514252197158492243448119604248851015927217027505194725390149908585566", "price": "0.06", "size": "50", "side": "BUY", "hash": "d22fb8ccfd57375479d23a94e00433713f60145d", "best_bid": "0.06", "best_ask": "0.97"}, {"asset_id": "1020316771167013439433933395283756060556737083729604001620308182254069961768", "price": "0.94", "size": "50", "side": "SELL", "hash": "7ac9e96e3db4237756dfcbbaad96ff24534a9ae7", "best_bid": "0.03", "best_ask": "0.94"}], "timestamp": "1769384541220", "event_type": "price_change"}}
{"_local_timestamp": "2026-01-25T23:42:24.436393+00:00", "data": {"market": "0x27990caee5f49f719632e8850acc9706a886ce4d0eb56867091143564ce07ee5", "price_changes": [{"asset_id": "83568645514252197158492243448119604248851015927217027505194725390149908585566", "price": "0.04", "size": "0", "side": "BUY", "hash": "ec2a414dbb13959882c0cf6929ce36ed27c8177e", "best_bid": "0.06", "best_ask": "0.97"}, {"asset_id": "1020316771167013439433933395283756060556737083729604001620308182254069961768", "price": "0.96", "size": "0", "side": "SELL", "hash": "3d5c884fccdaf6243768302d3ab290d3f30671f8", "best_bid": "0.03", "best_ask": "0.94"}], "timestamp": "1769384544344", "event_type": "price_change"}}
{"_local_timestamp": "2026-01-25T23:42:24.491926+00:00", "data": {"market": "0x27990caee5f49f719632e8850acc9706a886ce4d0eb56867091143564ce07ee5", "price_changes": [{"asset_id": "83568645514252197158492243448119604248851015927217027505194725390149908585566", "price": "0.06", "size": "55.47", "side": "BUY", "hash": "34cee2e00ed7f5b891dd7198f2a950e2655bea5e", "best_bid": "0.06", "best_ask": "0.97"}, {"asset_id": "1020316771167013439433933395283756060556737083729604001620308182254069961768", "price": "0.94", "size": "55.47", "side": "SELL", "hash": "e2769fc6c25f71e7807c66b6e956ef60ef01166f", "best_bid": "0.03", "best_ask": "0.94"}], "timestamp": "1769384544393", "event_type": "price_change"}}
{"_local_timestamp": "2026-01-25T23:42:36.102935+00:00", "data": {"market": "0x27990caee5f49f719632e8850acc9706a886ce4d0eb56867091143564ce07ee5", "price_changes": [{"asset_id": "1020316771167013439433933395283756060556737083729604001620308182254069961768", "price": "0.03", "size": "0", "side": "BUY", "hash": "f84322e548653541aa15ccc782c22c027a72c5be", "best_bid": "0.01", "best_ask": "0.94"}, {"asset_id": "83568645514252197158492243448119604248851015927217027505194725390149908585566", "price": "0.97", "size": "0", "side": "SELL", "hash": "d48310e75d2315a589845a93fc1183d713953edf", "best_bid": "0.06", "best_ask": "0.99"}], "timestamp": "1769384555994", "event_type": "price_change"}}
{"_local_timestamp": "2026-01-25T23:42:42.784139+00:00", "data": {"market": "0x27990caee5f49f719632e8850acc9706a886ce4d0eb56867091143564ce07ee5", "price_changes": [{"asset_id": "83568645514252197158492243448119604248851015927217027505194725390149908585566", "price": "0.03", "size": "0", "side": "BUY", "hash": "c0b4673d39d0e175c74b47df81d77b93c874cceb", "best_bid": "0.06", "best_ask": "0.99"}, {"asset_id": "1020316771167013439433933395283756060556737083729604001620308182254069961768", "price": "0.97", "size": "0", "side": "SELL", "hash": "dfd8f89aa725082658acf6bbeec36f00e1828ae8", "best_bid": "0.01", "best_ask": "0.94"}], "timestamp": "1769384562671", "event_type": "price_change"}}
{"_local_timestamp": "2026-01-25T23:42:57.303111+00:00", "data": {"market": "0x27990caee5f49f719632e8850acc9706a886ce4d0eb56867091143564ce07ee5", "price_changes": [{"asset_id": "1020316771167013439433933395283756060556737083729604001620308182254069961768", "price": "0.03", "size": "50", "side": "BUY", "hash": "bec5618476a2792413b8c796b337f9e99b0f69f7", "best_bid": "0.03", "best_ask": "0.94"}, {"asset_id": "83568645514252197158492243448119604248851015927217027505194725390149908585566", "price": "0.97", "size": "50", "side": "SELL", "hash": "cde2d2e975d68f45fcfb4f7035dc761c12d6b316", "best_bid": "0.06", "best_ask": "0.97"}], "timestamp": "1769384577212", "event_type": "price_change"}}
