{"_local_timestamp": "2026-01-25T23:34:04.183579+00:00", "data": [{"market": "0xf0e3dbd649c26f2c4374344697a5eae3194ba456b792699a579ac5c332bcaf45", "asset_id": "31519016417987062244644345434926030820346886268005109944161276442543620051554", "timestamp": "1769375605176", "hash": "39b50ee10ebfee028477d1a92213f2f9b711ce13", "bids": [{"price": "0.01", "size": "250"}, {"price": "0.02", "size": "25"}, {"price": "0.03", "size": "66"}, {"price": "0.04", "size": "70"}, {"price": "0.05", "size": "40"}, {"price": "0.06", "size": "158"}], "asks": [{"price": "0.99", "size": "250"}, {"price": "0.98", "size": "25"}, {"price": "0.97", "size": "110"}, {"price": "0.96", "size": "37"}, {"price": "0.95", "size": "49.03"}, {"price": "0.94", "size": "14.61"}], "event_type": "book", "last_trade_price": ""}, {"market": "0x1da917c8dc7091a1750fca01a9b75c8f08318d1c84403352867083cf5cb0d255", "asset_id": "10797213358350230056399153569039187754847561116965978877687749867004365275141", "timestamp": "1769375605176", "hash": "a770c6881ee7c590004e45ae41665ad792ffea5f", "bids": [{"price": "0.01", "size": "250"}, {"price": "0.02", "size": "25"}, {"price": "0.03", "size": "110"}, {"price": "0.05", "size": "30"}, {"price": "0.06", "size": "51.07"}], "asks": [{"price": "0.99", "size": "250"}, {"price": "0.98", "size": "25"}, {"price": "0.97", "size": "66"}, {"price": "0.96", "size": "70"}, {"price": "0.95", "size": "40"}, {"price": "0.94", "size": "158"}], "event_type": "book", "last_trade_price": ""}, {"market": "0x1da917c8dc7091a1750fca01a9b75c8f08318d1c84403352867083cf5cb0d255", "asset_id": "40440451002358263582970435740905783992021210543842944121595249338605028441405", "timestamp": "1769375605176", "hash": "d88b308c1b08e30960b7390017428fe4f2289901", "bids": [{"price": "0.01", "size": "250"}, {"price": "0.02", "size": "25"}, {"price": "0.03", "size": "66"}, {"price": "0.04", "size": "70"}, {"price": "0.05", "size": "40"}, {"price": "0.06", "size": "158"}], "asks": [{"price": "0.99", "size": "250"}, {"price": "0.98", "size": "25"}, {"price": "0.97", "size": "110"}, {"price": "0.95", "size": "30"}, {"price": "0.94", "size": "51.07"}], "event_type": "book", "last_trade_price": ""}, {"market": "0x199385662bbe93d8813e4d1f36538f8a157e02075d06afc6a556d28bd7b3e187", "asset_id": "39787647691321126870766101260081265836552304713872381858947423857900899738781", "timestamp": "1769375605177", "hash": "83f978e4f14f797b8fa9aced7f012798828d8439", "bids": [{"price": "0.01", "size": "250"}, {"price": "0.02", "size": "25"}, {"price": "0.03", "size": "110"}, {"price": "0.04", "size": "37"}, {"price": "0.05", "size": "40"}, {"price": "0.06", "size": "11.56"}], "asks": [{"price": "0.99", "size": "250"}, {"price": "0.98", "size": "25"}, {"price": "0.97", "size": "66"}, {"price": "0.96", "size": "37"}, {"price": "0.95", "size": "58"}, {"price": "0.94", "size": "158"}], "event_type": "book", "last_trade_price": ""}, {"market": "0xf0e3dbd649c26f2c4374344697a5eae3194ba456b792699a579ac5c332bcaf45", "asset_id": "77006551134813863777039349336088492620910232480278979552951148164418240056177", "timestamp": "1769375605176", "hash": "6a4c23522578533c72772c6df2e56ad51d99412a", "bids": [{"price": "0.01", "size": "250"}, {"price": "0.02", "size": "25"}, {"price": "0.03", "size": "110"}, {"price": "0.04", "size": "37"}, {"price": "0.05", "size": "49.03"}, {"price": "0.06", "size": "14.61"}], "asks": [{"price": "0.99", "size": "250"}, {"price": "0.98", "size": "25"}, {"price": "0.97", "size": "66"}, {"price": "0.96", "size": "70"}, {"price": "0.95", "size": "40"}, {"price": "0.94", "size": "158"}], "event_type": "book", "last_trade_price": ""}, {"market": "0x199385662bbe93d8813e4d1f36538f8a157e02075d06afc6a556d28bd7b3e187", "asset_id": "82758429082158559629152131300776246093568976785847694501211934576041872990089", "timestamp": "1769375605177", "hash": "020145f84d3e104d8d5433c6a69ac5b8f67a4056", "bids": [{"price": "0.01", "size": "250"}, {"price": "0.02", "size": "25"}, {"price": "0.03", "size": "66"}, {"price": "0.04", "size": "37"}, {"price": "0.05", "size": "58"}, {"price": "0.06", "size": "158"}], "asks": [{"price": "0.99", "size": "250"}, {"price": "0.98", "size": "25"}, {"price": "0.97", "size": "110"}, {"price": "0.96", "size": "37"}, {"price": "0.95", "size": "40"}, {"price": "0.94", "size": "11.56"}], "event_type": "book", "last_trade_price": ""}]}
