{"_local_timestamp": "2026-01-25T23:41:06.760780+00:00", "data": [{"market": "0x87123f8fbea092706dd7f87788e55ac3f15f2de4984b6aeb08a327de2c8139bb", "asset_id": "84337982424465811937834928273033807023438214119145044994322256804911658989674", "timestamp": "1769375592841", "hash": "a5cd99fbe755d6add51025d9e5fac62c503dade4", "bids": [{"price": "0.01", "size": "250"}, {"price": "0.02", "size": "75"}, {"price": "0.05", "size": "36"}, {"price": "0.06", "size": "11.56"}], "asks": [{"price": "0.99", "size": "250"}, {"price": "0.98", "size": "125"}, {"price": "0.97", "size": "49"}, {"price": "0.96", "size": "79"}], "event_type": "book", "last_trade_price": ""}, {"market": "0x87123f8fbea092706dd7f87788e55ac3f15f2de4984b6aeb08a327de2c8139bb", "asset_id": "41926192932647658006477920893356442490124609643514632159515499787328448483638", "timestamp": "1769375592841", "hash": "dea2f23a84b42a91e36fc3a2ae2e44b8b9d7b80f", "bids": [{"price": "0.01", "size": "250"}, {"price": "0.02", "size": "125"}, {"price": "0.03", "size": "49"}, {"price": "0.04", "size": "79"}], "asks": [{"price": "0.99", "size": "250"}, {"price": "0.98", "size": "75"}, {"price": "0.95", "size": "36"}, {"price": "0.94", "size": "11.56"}], "event_type": "book", "last_trade_price": ""}, {"market": "0xd1dcbc31e912e91069145b201bd5ea1a5e559d7fba1d916669dab659d54d6aba", "asset_id": "47217908072742343875710447807890603622420359914600319842073052537985379386036", "timestamp": "1769381487320", "hash": "9155074e54ab11194c2a227a780d10ee936c7471", "bids": [{"price": "0.01", "size": "250"}, {"price": "0.02", "size": "75"}, {"price": "0.05", "size": "37.5"}, {"price": "0.06", "size": "13.08"}], "asks": [{"price": "0.99", "size": "250"}, {"price": "0.97", "size": "49"}, {"price": "0.95", "size": "79"}, {"price": "0.94", "size": "15.8"}], "event_type": "book", "last_trade_price": ""}, {"market": "0x092d58bb6dca25daf673764f11024d87d911398f880c08ef55a9b0a08a508e45", "asset_id": "65277589857431161624131150377283132845171109502646943357639660580649054172421", "timestamp": "1769381554545", "hash": "9355bd2e94f2a379b91e68de85a836a53f650429", "bids": [{"price": "0.01", "size": "250"}, {"price": "0.03", "size": "49"}, {"price": "0.04", "size": "24"}, {"price": "0.1", "size": "16.62"}, {"price": "0.11", "size": "38.48"}], "asks": [{"price": "0.99", "size": "255"}, {"price": "0.98", "size": "75"}, {"price": "0.97", "size": "22.13"}], "event_type": "book", "last_trade_price": ""}, {"market": "0xd1dcbc31e912e91069145b201bd5ea1a5e559d7fba1d916669dab659d54d6aba", "asset_id": "98671633337130348315547600387257452278994098144122302760464098136926385950364", "timestamp": "1769381487320", "hash": "1cc1c09b7097ac61ce4d7cb217f11a6ef259f265", "bids": [{"price": "0.01", "size": "250"}, {"price": "0.03", "size": "49"}, {"price": "0.05", "size": "79"}, {"price": "0.06", "size": "15.8"}], "asks": [{"price": "0.99", "size": "250"}, {"price": "0.98", "size": "75"}, {"price": "0.95", "size": "37.5"}, {"price": "0.94", "size": "13.08"}], "event_type": "book", "last_trade_price": ""}, {"market": "0x092d58bb6dca25daf673764f11024d87d911398f880c08ef55a9b0a08a508e45", "asset_id": "92012030475703900816057788890186805094594289438801380634419088435468299397893", "timestamp": "1769381554545", "hash": "22ea60bbc864998f937ec60455064437f238df62", "bids": [{"price": "0.01", "size": "255"}, {"price": "0.02", "size": "75"}, {"price": "0.03", "size": "22.13"}], "asks": [{"price": "0.99", "size": "250"}, {"price": "0.97", "size": "49"}, {"price": "0.96", "size": "24"}, {"price": "0.9", "size": "16.62"}, {"price": "0.89", "size": "38.48"}], "event_type": "book", "last_trade_price": ""}]}
