{"_local_timestamp": "2026-01-25T23:34:04.113599+00:00", "data": [{"market": "0x43a17c6bff2fbb030ccb3128400160c861c4407b5358fa8c40f42429e105da05", "asset_id": "40664885061971666232971782046644571367265437609847704609406377100364743431586", "timestamp": "1769381547852", "hash": "070fd06f58f3e0eb2f80952917639852b0be2dbe", "bids": [{"price": "0.01", "size": "150"}, {"price": "0.02", "size": "75"}, {"price": "0.06", "size": "22.87"}], "asks": [{"price": "0.99", "size": "150"}, {"price": "0.98", "size": "75"}, {"price": "0.91", "size": "23.33"}, {"price": "0.9", "size": "55.87"}, {"price": "0.89", "size": "15"}], "event_type": "book", "last_trade_price": ""}, {"market": "0x43a17c6bff2fbb030ccb3128400160c861c4407b5358fa8c40f42429e105da05", "asset_id": "105462238573497779102294175425485384966378701743966640699213975273706077607860", "timestamp": "1769381547852", "hash": "de778cfa15503ac24568ba551d854f91798c6c24", "bids": [{"price": "0.01", "size": "150"}, {"price": "0.02", "size": "75"}, {"price": "0.09", "size": "23.33"}, {"price": "0.1", "size": "55.87"}, {"price": "0.11", "size": "15"}], "asks": [{"price": "0.99", "size": "150"}, {"price": "0.98", "size": "75"}, {"price": "0.94", "size": "22.87"}], "event_type": "book", "last_trade_price": ""}, {"market": "0xd787491ea7d8eca00f50f5ea8858b7144eb4888495a71d2bc5a7da5cd5b02e18", "asset_id": "102358403709688127430155947985707926570050279530340049249083314817971713589526", "timestamp": "1769375603669", "hash": "7662a57d39f151ff6e6c7f4720a49aed0097f125", "bids": [{"price": "0.01", "size": "250"}, {"price": "0.02", "size": "125"}, {"price": "0.05", "size": "40"}, {"price": "0.06", "size": "71.47"}], "asks": [{"price": "0.99", "size": "250"}, {"price": "0.97", "size": "82"}, {"price": "0.96", "size": "95.7"}, {"price": "0.95", "size": "40"}], "event_type": "book", "last_trade_price": ""}, {"market": "0x01d7189f565db485f38b3d0dc40a258c8fa86a0367a74ed1000dca7a823f9a94", "asset_id": "1628665532321853530994283438951592911123207255139468023145727629965158981335", "timestamp": "1769375603669", "hash": "c40bdd7d88ec3dbc93ff0dad24df617a912e08ee", "bids": [{"price": "0.01", "size": "250"}, {"price": "0.03", "size": "82"}, {"price": "0.04", "size": "94.5"}, {"price": "0.05", "size": "54"}], "asks": [{"price": "0.99", "size": "250"}, {"price": "0.98", "size": "125"}, {"price": "0.95", "size": "40"}, {"price": "0.94", "size": "71.47"}], "event_type": "book", "last_trade_price": ""}, {"market": "0xd787491ea7d8eca00f50f5ea8858b7144eb4888495a71d2bc5a7da5cd5b02e18", "asset_id": "12403880818907148779280740760691160418931461724125303844049175370508203543622", "timestamp": "1769375603669", "hash": "4ee4d8195e5ed6f43e67471809cc54c4df5f9420", "bids": [{"price": "0.01", "size": "250"}, {"price": "0.03", "size": "82"}, {"price": "0.04", "size": "95.7"}, {"price": "0.05", "size": "40"}], "asks": [{"price": "0.99", "size": "250"}, {"price": "0.98", "size": "125"}, {"price": "0.95", "size": "40"}, {"price": "0.94", "size": "71.47"}], "event_type": "book", "last_trade_price": ""}, {"market": "0x01d7189f565db485f38b3d0dc40a258c8fa86a0367a74ed1000dca7a823f9a94", "asset_id": "1347757279901045839434863054400553832868146549728598249603975710334512882141", "timestamp": "1769375603669", "hash": "b5558657fbc6a3821b544b2abce4edb02cbe25a4", "bids": [{"price": "0.01", "size": "250"}, {"price": "0.02", "size": "125"}, {"price": "0.05", "size": "40"}, {"price": "0.06", "size": "71.47"}], "asks": [{"price": "0.99", "size": "250"}, {"price": "0.97", "size": "82"}, {"price": "0.96", "size": "94.5"}, {"price": "0.95", "size": "54"}], "event_type": "book", "last_trade_price": ""}]}
