{"_local_timestamp": "2026-01-25T23:34:05.783373+00:00", "data": [{"market": "0xcb76b7aee9496bffc61991b2c52fc6cafc7f8d22af7bbe5e028d048801b1114e", "asset_id": "82231367790322648782154220804172889859322698840891657859017062154845667981022", "timestamp": "1769383152394", "hash": "619539c451ecba33f65640d8c6e6e23179b6e3c7", "bids": [{"price": "0.01", "size": "250"}, {"price": "0.02", "size": "850"}, {"price": "0.05", "size": "93"}, {"price": "0.06", "size": "71.47"}], "asks": [{"price": "0.99", "size": "250"}, {"price": "0.98", "size": "150"}, {"price": "0.96", "size": "300"}, {"price": "0.95", "size": "365"}, {"price": "0.94", "size": "391"}, {"price": "0.93", "size": "316.66"}], "event_type": "book", "last_trade_price": ""}, {"market": "0xe11aef484ebc4232bb98e05532e4ab566f3cac397e333f7953be62e43006c489", "asset_id": "45672976754382998234345206567086277197610103788559342407391457538367994744713", "timestamp": "1769383464545", "hash": "2f0ec570c39dd0cabd290f305c1cc5f0f1439930", "bids": [{"price": "0.01", "size": "250"}, {"price": "0.02", "size": "675"}, {"price": "0.03", "size": "266"}, {"price": "0.04", "size": "37"}, {"price": "0.05", "size": "186"}, {"price": "0.06", "size": "13.79"}], "asks": [{"price": "0.99", "size": "250"}, {"price": "0.98", "size": "175"}, {"price": "0.97", "size": "366"}, {"price": "0.96", "size": "362"}, {"price": "0.95", "size": "365"}, {"price": "0.94", "size": "316.66"}], "event_type": "book", "last_trade_price": ""}, {"market": "0xed365e7fe3750de9f1710c0dd2a37ecb91615dab9e5709222a248ddd86e2a797", "asset_id": "108440390819232025772943825421855079023144168553266931972037099034740937596784", "timestamp": "1769383073746", "hash": "5f0fbd84e2a00d4a02a8d356afb298a59b931754", "bids": [{"price": "0.01", "size": "250"}, {"price": "0.02", "size": "150"}, {"price": "0.04", "size": "300"}, {"price": "0.05", "size": "365"}, {"price": "0.06", "size": "391"}, {"price": "0.07", "size": "316.66"}], "asks": [{"price": "0.99", "size": "250"}, {"price": "0.98", "size": "850"}, {"price": "0.95", "size": "143"}, {"price": "0.94", "size": "71.47"}], "event_type": "book", "last_trade_price": ""}, {"market": "0xe11aef484ebc4232bb98e05532e4ab566f3cac397e333f7953be62e43006c489", "asset_id": "23564170145505308326801464803533989070742640707291073186965151031469106974202", "timestamp": "1769383464545", "hash": "23fb2013abf3a7e2dbc33f977163e4039e4a5080", "bids": [{"price": "0.01", "size": "250"}, {"price": "0.02", "size": "175"}, {"price": "0.03", "size": "366"}, {"price": "0.04", "size": "362"}, {"price": "0.05", "size": "365"}, {"price": "0.06", "size": "316.66"}], "asks": [{"price": "0.99", "size": "250"}, {"price": "0.98", "size": "675"}, {"price": "0.97", "size": "266"}, {"price": "0.96", "size": "37"}, {"price": "0.95", "size": "186"}, {"price": "0.94", "size": "13.79"}], "event_type": "book", "last_trade_price": ""}, {"market": "0xed365e7fe3750de9f1710c0dd2a37ecb91615dab9e5709222a248ddd86e2a797", "asset_id": "33068920483134266475865729445928089060926537627948143910891918856496272688870", "timestamp": "1769383073746", "hash": "ca2a693f8bad691e91e0ca2a9cc311c05bac75c0", "bids": [{"price": "0.01", "size": "250"}, {"price": "0.02", "size": "850"}, {"price": "0.05", "size": "143"}, {"price": "0.06", "size": "71.47"}], "asks": [{"price": "0.99", "size": "250"}, {"price": "0.98", "size": "150"}, {"price": "0.96", "size": "300"}, {"price": "0.95", "size": "365"}, {"price": "0.94", "size": "391"}, {"price": "0.93", "size": "316.66"}], "event_type": "book", "last_trade_price": ""}, {"market": "0xcb76b7aee9496bffc61991b2c52fc6cafc7f8d22af7bbe5e028d048801b1114e", "asset_id": "70550710463180899458409177144151065370052117921416628957482967171915470905062", "timestamp": "1769383152394", "hash": "00cfc1367e0f64b027a8e349b6225882582fecf5", "bids": [{"price": "0.01", "size": "250"}, {"price": "0.02", "size": "150"}, {"price": "0.04", "size": "300"}, {"price": "0.05", "size": "365"}, {"price": "0.06", "size": "391"}, {"price": "0.07", "size": "316.66"}], "asks": [{"price": "0.99", "size": "250"}, {"price": "0.98", "size": "850"}, {"price": "0.95", "size": "93"}, {"price": "0.94", "size": "71.47"}], "event_type": "book", "last_trade_price": ""}]}
