{"_local_timestamp": "2026-01-25T23:41:12.710008+00:00", "data": [{"market": "0x7840a567030174434cd624ef8df6187004e33716538458c585866fefa67831e3", "asset_id": "110170637266335560608686052130077213436858261060129820684641879721431027765431", "timestamp": "1769375607178", "hash": "b3f95d342aac22a00b7cb1cf0d61b0b30ecb7dd5", "bids": [{"price": "0.01", "size": "300"}, {"price": "0.02", "size": "325"}, {"price": "0.03", "size": "66"}], "asks": [{"price": "0.99", "size": "250"}, {"price": "0.98", "size": "25"}, {"price": "0.97", "size": "103"}, {"price": "0.95", "size": "30"}, {"price": "0.94", "size": "38.47"}], "event_type": "book", "last_trade_price": ""}, {"market": "0x20c13d430eda33b4f0026280b368dc93f2a6c51a352e7c43be8519f340f17f70", "asset_id": "66731107731550410019414797528441743380824661142089274207514194888906426008173", "timestamp": "1769375607179", "hash": "1af42eef8200b84ff236bca88e26d705d7cb3e7a", "bids": [{"price": "0.01", "size": "150"}, {"price": "0.02", "size": "75"}, {"price": "0.03", "size": "5.47"}], "asks": [{"price": "0.99", "size": "150"}, {"price": "0.98", "size": "92"}], "event_type": "book", "last_trade_price": ""}, {"market": "0x7840a567030174434cd624ef8df6187004e33716538458c585866fefa67831e3", "asset_id": "51184717468727514568429091840333765438022942691725144160496517283588999859667", "timestamp": "1769375607178", "hash": "48bad1fdd57bc8bd59659f635b5d533ebd5f9a08", "bids": [{"price": "0.01", "size": "250"}, {"price": "0.02", "size": "25"}, {"price": "0.03", "size": "103"}, {"price": "0.05", "size": "30"}, {"price": "0.06", "size": "38.47"}], "asks": [{"price": "0.99", "size": "300"}, {"price": "0.98", "size": "325"}, {"price": "0.97", "size": "66"}], "event_type": "book", "last_trade_price": ""}, {"market": "0x5df3b3a1d7397949160db8e4d16346cc51309c3aef348707d2e398c0c52a5b0a", "asset_id": "93455523031013490102137586866077413120786717234139479050133977990588932613303", "timestamp": "1769375607179", "hash": "4f7f60c1f0df8dbfec34bf88c1080e435c632556", "bids": [{"price": "0.01", "size": "250"}, {"price": "0.02", "size": "50"}, {"price": "0.04", "size": "12"}, {"price": "0.05", "size": "70"}, {"price": "0.06", "size": "38.47"}], "asks": [{"price": "0.99", "size": "250"}, {"price": "0.98", "size": "50"}, {"price": "0.97", "size": "16"}, {"price": "0.96", "size": "87"}, {"price": "0.95", "size": "48"}], "event_type": "book", "last_trade_price": ""}, {"market": "0x5df3b3a1d7397949160db8e4d16346cc51309c3aef348707d2e398c0c52a5b0a", "asset_id": "18219819421589552084390436612471977352788635261940307815487946237313062867775", "timestamp": "1769375607179", "hash": "ae4ea5d7b00a12547cf472596d325c25ddaba980", "bids": [{"price": "0.01", "size": "250"}, {"price": "0.02", "size": "50"}, {"price": "0.03", "size": "16"}, {"price": "0.04", "size": "87"}, {"price": "0.05", "size": "48"}], "asks": [{"price": "0.99", "size": "250"}, {"price": "0.98", "size": "50"}, {"price": "0.96", "size": "12"}, {"price": "0.95", "size": "70"}, {"price": "0.94", "size": "38.47"}], "event_type": "book", "last_trade_price": ""}, {"market": "0x20c13d430eda33b4f0026280b368dc93f2a6c51a352e7c43be8519f340f17f70", "asset_id": "40227982160445896346178472861547028595924605707444987319640374200384714623402", "timestamp": "1769375607179", "hash": "1c2d1d1da62a8d53730793cba5ef3cef4f3860ad", "bids": [{"price": "0.01", "size": "150"}, {"price": "0.02", "size": "92"}], "asks": [{"price": "0.99", "size": "150"}, {"price": "0.98", "size": "75"}, {"price": "0.97", "size": "5.47"}], "event_type": "book", "last_trade_price": ""}]}
