{"_local_timestamp": "2026-01-25T23:40:54.626294+00:00", "data": [{"market": "0x55ac2fb12bf7f6414e8355545878729a051fbb013ad29f555bcda513fc042ab0", "asset_id": "60528448360420504680028398572563178874715683732928919912112938542390296521795", "timestamp": "1769384454485", "hash": "40bc295d66da548ac734e0c7eb254059b9447360", "bids": [{"price": "0.001", "size": "114.99"}, {"price": "0.002", "size": "55000"}, {"price": "0.008", "size": "155"}, {"price": "0.01", "size": "27023"}, {"price": "0.011", "size": "155"}, {"price": "0.03", "size": "100"}, {"price": "0.08", "size": "155"}, {"price": "0.097", "size": "100"}, {"price": "0.099", "size": "100"}, {"price": "0.1", "size": "3600"}, {"price": "0.14", "size": "50"}, {"price": "0.2", "size": "200"}, {"price": "0.27", "size": "200"}, {"price": "0.34", "size": "100"}, {"price": "0.47", "size": "100"}, {"price": "0.49", "size": "100"}, {"price": "0.497", "size": "200"}, {"price": "0.499", "size": "100"}, {"price": "0.75", "size": "60"}, {"price": "0.767", "size": "60"}, {"price": "0.769", "size": "60"}, {"price": "0.77", "size": "60"}, {"price": "0.991", "size": "500"}, {"price": "0.992", "size": "31.73"}, {"price": "0.995", "size": "5.51"}, {"price": "0.999", "size": "81317.07"}], "asks": [], "event_type": "book", "last_trade_price": ""}, {"market": "0x55ac2fb12bf7f6414e8355545878729a051fbb013ad29f555bcda513fc042ab0", "asset_id": "5542614532007770265749679341270880863954738585464835678116801633965769260540", "timestamp": "1769384454485", "hash": "6d2af89c1de6966fcfa9b095b4f4826f63245f50", "bids": [], "asks": [{"price": "0.999", "size": "114.99"}, {"price": "0.998", "size": "55000"}, {"price": "0.992", "size": "155"}, {"price": "0.99", "size": "27023"}, {"price": "0.989", "size": "155"}, {"price": "0.97", "size": "100"}, {"price": "0.92", "size": "155"}, {"price": "0.903", "size": "100"}, {"price": "0.901", "size": "100"}, {"price": "0.9", "size": "3600"}, {"price": "0.86", "size": "50"}, {"price": "0.8", "size": "200"}, {"price": "0.73", "size": "200"}, {"price": "0.66", "size": "100"}, {"price": "0.53", "size": "100"}, {"price": "0.51", "size": "100"}, {"price": "0.503", "size": "200"}, {"price": "0.501", "size": "100"}, {"price": "0.25", "size": "60"}, {"price": "0.233", "size": "60"}, {"price": "0.231", "size": "60"}, {"price": "0.23", "size": "60"}, {"price": "0.009", "size": "500"}, {"price": "0.008", "size": "31.73"}, {"price": "0.005", "size": "5.51"}, {"price": "0.001", "size": "81317.07"}], "event_type": "book", "last_trade_price": ""}]}
{"_local_timestamp": "2026-01-25T23:40:54.760012+00:00", "data": {"market": "0x55ac2fb12bf7f6414e8355545878729a051fbb013ad29f555bcda513fc042ab0", "price_changes": [{"asset_id": "5542614532007770265749679341270880863954738585464835678116801633965769260540", "price": "0.004", "size": "8.27", "side": "SELL", "hash": "b390739209d3cfc2dd935ac70e9e4ca3f29a512e", "best_bid": "0", "best_ask": "0.001"}, {"asset_id": "60528448360420504680028398572563178874715683732928919912112938542390296521795", "price": "0.996", "size": "8.27", "side": "BUY", "hash": "3ca891167cb97abb0e817f2d1a378e1cbceaa155", "best_bid": "0.999", "best_ask": "1"}], "timestamp": "1769384454697", "event_type": "price_change"}}
{"_local_timestamp": "2026-01-25T23:40:58.774072+00:00", "data": {"market": "0x55ac2fb12bf7f6414e8355545878729a051fbb013ad29f555bcda513fc042ab0", "price_changes": [{"asset_id": "5542614532007770265749679341270880863954738585464835678116801633965769260540", "price": "0.005", "size": "0", "side": "SELL", "hash": "c91e941393ca9ee2193b4d6b098144735d22ec98", "best_bid": "0", "best_ask": "0.001"}, {"asset_id": "60528448360420504680028398572563178874715683732928919912112938542390296521795", "price": "0.995", "size": "0", "side": "BUY", "hash": "5662b60b00129ca6d8451e6c1db47e349110733b", "best_bid": "0.999", "best_ask": "1"}], "timestamp": "1769384458708", "event_type": "price_change"}}
{"_local_timestamp": "2026-01-25T23:40:58.827153+00:00", "data": {"market": "0x55ac2fb12bf7f6414e8355545878729a051fbb013ad29f555bcda513fc042ab0", "price_changes": [{"asset_id": "5542614532007770265749679341270880863954738585464835678116801633965769260540", "price": "0.003", "size": "5.51", "side": "SELL", "hash": "acebd34e041b5137ef58cbd1d702cc5195fd072b", "best_bid": "0", "best_ask": "0.001"}, {"asset_id": "60528448360420504680028398572563178874715683732928919912112938542390296521795", "price": "0.997", "size": "5.51", "side": "BUY", "hash": "c4809862b06e773c48d19e79d17c79c377a6c59a", "best_bid": "0.999", "best_ask": "1"}], "timestamp": "1769384458764", "event_type": "price_change"}}
{"_local_timestamp": "2026-01-25T23:40:59.091309+00:00", "data": {"market": "0x55ac2fb12bf7f6414e8355545878729a051fbb013ad29f555bcda513fc042ab0", "price_changes": [{"asset_id": "5542614532007770265749679341270880863954738585464835678116801633965769260540", "price": "0.004", "size": "0", "side": "SELL", "hash": "8d430c4c5e75d695fc429d8b6ce4762c7ac5e734", "best_bid": "0", "best_ask": "0.001"}, {"asset_id": "60528448360420504680028398572563178874715683732928919912112938542390296521795", "price": "0.996", "size": "0", "side": "BUY", "hash": "978fb86bab1a930c57f929230dab3ce3e80276da", "best_bid": "0.999", "best_ask": "1"}], "timestamp": "1769384459004", "event_type": "price_change"}}
{"_local_timestamp": "2026-01-25T23:40:59.266429+00:00", "data": {"market": "0x55ac2fb12bf7f6414e8355545878729a051fbb013ad29f555bcda513fc042ab0", "price_changes": [{"asset_id": "5542614532007770265749679341270880863954738585464835678116801633965769260540", "price": "0.002", "size": "8.27", "side": "SELL", "hash": "13559c3715f7175d1411f5f3ff35c2f2a05c7b4c", "best_bid": "0", "best_ask": "0.001"}, {"asset_id": "60528448360420504680028398572563178874715683732928919912112938542390296521795", "price": "0.998", "size": "8.27", "side": "BUY", "hash": "35d51e28f300ffc8b297fe39fc9d2f355379d2d5", "best_bid": "0.999", "best_ask": "1"}], "timestamp": "1769384459200", "event_type": "price_change"}}
{"_local_timestamp": "2026-01-25T23:41:00.328921+00:00", "data": {"market": "0x55ac2fb12bf7f6414e8355545878729a051fbb013ad29f555bcda513fc042ab0", "price_changes": [{"asset_id": "5542614532007770265749679341270880863954738585464835678116801633965769260540", "price": "0.003", "size": "0", "side": "SELL", "hash": "67e5212924e30300bc334d95132a10e5c2023f9b", "best_bid": "0", "best_ask": "0.001"}, {"asset_id": "60528448360420504680028398572563178874715683732928919912112938542390296521795", "price": "0.997", "size": "0", "side": "BUY", "hash": "26c6fd1a8d799a2042d5aeb1ae3306ccf6facbb4", "best_bid": "0.999", "best_ask": "1"}], "timestamp": "1769384460257", "event_type": "price_change"}}
{"_local_timestamp": "2026-01-25T23:41:00.403667+00:00", "data": {"market": "0x55ac2fb12bf7f6414e8355545878729a051fbb013ad29f555bcda513fc042ab0", "price_changes": [{"asset_id": "5542614532007770265749679341270880863954738585464835678116801633965769260540", "price": "0.007", "size": "5.51", "side": "SELL", "hash": "7a4ca0cba8826b0b42e92ef29d825852432a319d", "best_bid": "0", "best_ask": "0.001"}, {"asset_id": "60528448360420504680028398572563178874715683732928919912112938542390296521795", "price": "0.993", "size": "5.51", "side": "BUY", "hash": "75c66d526fb6dbbc265823696fc20f8667f1b06e", "best_bid": "0.999", "best_ask": "1"}], "timestamp": "1769384460330", "event_type": "price_change"}}
{"_local_timestamp": "2026-01-25T23:41:00.752544+00:00", "data": {"market": "0x55ac2fb12bf7f6414e8355545878729a051fbb013ad29f555bcda513fc042ab0", "price_changes": [{"asset_id": "5542614532007770265749679341270880863954738585464835678116801633965769260540", "price": "0.002", "size": "0", "side": "SELL", "hash": "11e722eb8527a250a064bc1a47650babfda0b730", "best_bid": "0", "best_ask": "0.001"}, {"asset_id": "60528448360420504680028398572563178874715683732928919912112938542390296521795", "price": "0.998", "size": "0", "side": "BUY", "hash": "c732fbba709cadca742323bd466789c68c5721d9", "best_bid": "0.999", "best_ask": "1"}], "timestamp": "1769384460687", "event_type": "price_change"}}
{"_local_timestamp": "2026-01-25T23:41:00.982806+00:00", "data": {"market": "0x55ac2fb12bf7f6414e8355545878729a051fbb013ad29f555bcda513fc042ab0", "price_changes": [{"asset_id": "5542614532007770265749679341270880863954738585464835678116801633965769260540", "price": "0.006", "size": "8.27", "side": "SELL", "hash": "69a57ce35d9683fcb02716748b2f296847410138", "best_bid": "0", "best_ask": "0.001"}, {"asset_id": "60528448360420504680028398572563178874715683732928919912112938542390296521795", "price": "0.994", "size": "8.27", "side": "BUY", "hash": "8d46310b5d29e20eeeec39760c4ce7910d4e57ac", "best_bid": "0.999", "best_ask": "1"}], "timestamp": "1769384460916", "event_type": "price_change"}}
{"_local_timestamp": "2026-01-25T23:41:02.111725+00:00", "data": {"market": "0x55ac2fb12bf7f6414e8355545878729a051fbb013ad29f555bcda513fc042ab0", "price_changes": [{"asset_id": "5542614532007770265749679341270880863954738585464835678116801633965769260540", "price": "0.007", "size": "0", "side": "SELL", "hash": "6a3e75750ec1b535eea45ba14357b33c33a94be8", "best_bid": "0", "best_ask": "0.001"}, {"asset_id": "60528448360420504680028398572563178874715683732928919912112938542390296521795", "price": "0.993", "size": "0", "side": "BUY", "hash": "edda8432d1ec9952c99e59671f2cda84f787f47b", "best_bid": "0.999", "best_ask": "1"}], "timestamp": "1769384462035", "event_type": "price_change"}}
{"_local_timestamp": "2026-01-25T23:41:02.164716+00:00", "data": {"market": "0x55ac2fb12bf7f6414e8355545878729a051fbb013ad29f555bcda513fc042ab0", "price_changes": [{"asset_id": "5542614532007770265749679341270880863954738585464835678116801633965769260540", "price": "0.005", "size": "5.51", "side": "SELL", "hash": "c257e7518f97cd75df78f1cce64627c0c40a2b39", "best_bid": "0", "best_ask": "0.001"}, {"asset_id": "60528448360420504680028398572563178874715683732928919912112938542390296521795", "price": "0.995", "size": "5.51", "side": "BUY", "hash": "212237c1c19f04387a10f890c67c543703e25b58", "best_bid": "0.999", "best_ask": "1"}], "timestamp": "1769384462091", "event_type": "price_change"}}
{"_local_timestamp": "2026-01-25T23:41:02.512614+00:00", "data": {"market": "0x55ac2fb12bf7f6414e8355545878729a051fbb013ad29f555bcda513fc042ab0", "price_changes": [{"asset_id": "5542614532007770265749679341270880863954738585464835678116801633965769260540", "price": "0.006", "size": "0", "side": "SELL", "hash": "8a07ed92441ef609b02fde7863acfb14c1b33803", "best_bid": "0", "best_ask": "0.001"}, {"asset_id": "60528448360420504680028398572563178874715683732928919912112938542390296521795", "price": "0.994", "size": "0", "side": "BUY", "hash": "dcb6420c8f85b42c65e9392c43dd4fbd7da612c4", "best_bid": "0.999", "best_ask": "1"}], "timestamp": "1769384462430", "event_type": "price_change"}}
{"_local_timestamp": "2026-01-25T23:41:02.741545+00:00", "data": {"market": "0x55ac2fb12bf7f6414e8355545878729a051fbb013ad29f555bcda513fc042ab0", "price_changes": [{"asset_id": "5542614532007770265749679341270880863954738585464835678116801633965769260540", "price": "0.004", "size": "8.27", "side": "SELL", "hash": "27aeacd31fac9f80b2e6bba41d2d4eb46ce4d9d3", "best_bid": "0", "best_ask": "0.001"}, {"asset_id": "60528448360420504680028398572563178874715683732928919912112938542390296521795", "price": "0.996", "size": "8.27", "side": "BUY", "hash": "affb350b9bdf17119f2aed50b668f75fca448505", "best_bid": "0.999", "best_ask": "1"}], "timestamp": "1769384462669", "event_type": "price_change"}}
{"_local_timestamp": "2026-01-25T23:41:03.622324+00:00", "data": {"market": "0x55ac2fb12bf7f6414e8355545878729a051fbb013ad29f555bcda513fc042ab0", "price_changes": [{"asset_id": "5542614532007770265749679341270880863954738585464835678116801633965769260540", "price": "0.005", "size": "0", "side": "SELL", "hash": "93807a47d5851409dc8bf17d034e9aea9536d557", "best_bid": "0", "best_ask": "0.001"}, {"asset_id": "60528448360420504680028398572563178874715683732928919912112938542390296521795", "price": "0.995", "size": "0", "side": "BUY", "hash": "71ccbeab14d9f5e1d5f0ff51b6a684b60d0aed7a", "best_bid": "0.999", "best_ask": "1"}], "timestamp": "1769384463555", "event_type": "price_change"}}
{"_local_timestamp": "2026-01-25T23:41:03.694685+00:00", "data": {"market": "0x55ac2fb12bf7f6414e8355545878729a051fbb013ad29f555bcda513fc042ab0", "price_changes": [{"asset_id": "5542614532007770265749679341270880863954738585464835678116801633965769260540", "price": "0.003", "size": "5.51", "side": "SELL", "hash": "1428c0725d0adaf7ebecee510c8a95dcd00cfdd0", "best_bid": "0", "best_ask": "0.001"}, {"asset_id": "60528448360420504680028398572563178874715683732928919912112938542390296521795", "price": "0.997", "size": "5.51", "side": "BUY", "hash": "51e2326f60498c43fb7e0a60277217cf241d87f7", "best_bid": "0.999", "best_ask": "1"}], "timestamp": "1769384463624", "event_type": "price_change"}}
{"_local_timestamp": "2026-01-25T23:41:03.822449+00:00", "data": {"market": "0x55ac2fb12bf7f6414e8355545878729a051fbb013ad29f555bcda513fc042ab0", "price_changes": [{"asset_id": "5542614532007770265749679341270880863954738585464835678116801633965769260540", "price": "0.004", "size": "0", "side": "SELL", "hash": "8b1eb0552f345ae86337f223e2be6e9452d999ff", "best_bid": "0", "best_ask": "0.001"}, {"asset_id": "60528448360420504680028398572563178874715683732928919912112938542390296521795", "price": "0.996", "size": "0", "side": "BUY", "hash": "6e2db74dd0b736dd96cf449ae031b23eea7c7b99", "best_bid": "0.999", "best_ask": "1"}], "timestamp": "1769384463755", "event_type": "price_change"}}
{"_local_timestamp": "2026-01-25T23:41:04.032861+00:00", "data": {"market": "0x55ac2fb12bf7f6414e8355545878729a051fbb013ad29f555bcda513fc042ab0", "price_changes": [{"asset_id": "5542614532007770265749679341270880863954738585464835678116801633965769260540", "price": "0.002", "size": "8.27", "side": "SELL", "hash": "8a2a161d396c7bbffca0e098b9400141e623de73", "best_bid": "0", "best_ask": "0.001"}, {"asset_id": "60528448360420504680028398572563178874715683732928919912112938542390296521795", "price": "0.998", "size": "8.27", "side": "BUY", "hash": "a2701c6c26012d81b0555a500f7450be9a551bec", "best_bid": "0.999", "best_ask": "1"}], "timestamp": "1769384463962", "event_type": "price_change"}}
{"_local_timestamp": "2026-01-25T23:41:05.052821+00:00", "data": {"market": "0x55ac2fb12bf7f6414e8355545878729a051fbb013ad29f555bcda513fc042ab0", "price_changes": [{"asset_id": "5542614532007770265749679341270880863954738585464835678116801633965769260540", "price": "0.003", "size": "0", "side": "SELL", "hash": "360bca052eec50e6d8e76d5de474fa104a24f066", "best_bid": "0", "best_ask": "0.001"}, {"asset_id": "60528448360420504680028398572563178874715683732928919912112938542390296521795", "price": "0.997", "size": "0", "side": "BUY", "hash": "862c20c116b189f2460c5c73ba416fc1c6aa3e39", "best_bid": "0.999", "best_ask": "1"}], "timestamp": "1769384464974", "event_type": "price_change"}}
{"_local_timestamp": "2026-01-25T23:41:05.103918+00:00", "data": {"market": "0x55ac2fb12bf7f6414e8355545878729a051fbb013ad29f555bcda513fc042ab0", "price_changes": [{"asset_id": "5542614532007770265749679341270880863954738585464835678116801633965769260540", "price": "0.007", "size": "5.51", "side": "SELL", "hash": "7d5290d76ddb70d3549b83874b93c50a36e23b13", "best_bid": "0", "best_ask": "0.001"}, {"asset_id": "60528448360420504680028398572563178874715683732928919912112938542390296521795", "price": "0.993", "size": "5.51", "side": "BUY", "hash": "93d2eff397b0a61dc6ae938b5a5078ef79516c70", "best_bid": "0.999", "best_ask": "1"}], "timestamp": "1769384465022", "event_type": "price_change"}}
{"_local_timestamp": "2026-01-25T23:41:05.277785+00:00", "data": {"market": "0x55ac2fb12bf7f6414e8355545878729a051fbb013ad29f555bcda513fc042ab0", "price_changes": [{"asset_id": "5542614532007770265749679341270880863954738585464835678116801633965769260540", "price": "0.002", "size": "0", "side": "SELL", "hash": "03a7304b92c3c6295f8271155e49349f6ee7f7fc", "best_bid": "0", "best_ask": "0.001"}, {"asset_id": "60528448360420504680028398572563178874715683732928919912112938542390296521795", "price": "0.998", "size": "0", "side": "BUY", "hash": "1cc64438fddf37a51ef953d375ece74260ed4b43", "best_bid": "0.999", "best_ask": "1"}], "timestamp": "1769384465209", "event_type": "price_change"}}
{"_local_timestamp": "2026-01-25T23:41:05.540033+00:00", "data": {"market": "0x55ac2fb12bf7f6414e8355545878729a051fbb013ad29f555bcda513fc042ab0", "price_changes": [{"asset_id": "5542614532007770265749679341270880863954738585464835678116801633965769260540", "price": "0.006", "size": "8.27", "side": "SELL", "hash": "1d2fee4d440f4c6ef4585fb39ee3911920da4378", "best_bid": "0", "best_ask": "0.001"}, {"asset_id": "60528448360420504680028398572563178874715683732928919912112938542390296521795", "price": "0.994", "size": "8.27", "side": "BUY", "hash": "d511847f79ea80a7a611ca4b1260f4fca246ad84", "best_bid": "0.999", "best_ask": "1"}], "timestamp": "1769384465477", "event_type": "price_change"}}
{"_local_timestamp": "2026-01-25T23:41:06.467380+00:00", "data": {"market": "0x55ac2fb12bf7f6414e8355545878729a051fbb013ad29f555bcda513fc042ab0", "price_changes": [{"asset_id": "5542614532007770265749679341270880863954738585464835678116801633965769260540", "price": "0.007", "size": "0", "side": "SELL", "hash": "a523df1223c503633e5c98d58101ab350ce83900", "best_bid": "0", "best_ask": "0.001"}, {"asset_id": "60528448360420504680028398572563178874715683732928919912112938542390296521795", "price": "0.993", "size": "0", "side": "BUY", "hash": "bafa1c9bb5ae1a4f8491a29b44614030ce1d093b", "best_bid": "0.999", "best_ask": "1"}], "timestamp": "1769384466396", "event_type": "price_change"}}
{"_local_timestamp": "2026-01-25T23:41:06.524971+00:00", "data": {"market": "0x55ac2fb12bf7f6414e8355545878729a051fbb013ad29f555bcda513fc042ab0", "price_changes": [{"asset_id": "5542614532007770265749679341270880863954738585464835678116801633965769260540", "price": "0.005", "size": "5.51", "side": "SELL", "hash": "c5fb853564d6bd6964789aff73a813f95269b994", "best_bid": "0", "best_ask": "0.001"}, {"asset_id": "60528448360420504680028398572563178874715683732928919912112938542390296521795", "price": "0.995", "size": "5.51", "side": "BUY", "hash": "fde0746981f81da6e873986fe3ab7f9af584cc2e", "best_bid": "0.999", "best_ask": "1"}], "timestamp": "1769384466458", "event_type": "price_change"}}
{"_local_timestamp": "2026-01-25T23:41:06.786611+00:00", "data": {"market": "0x55ac2fb12bf7f6414e8355545878729a051fbb013ad29f555bcda513fc042ab0", "price_changes": [{"asset_id": "5542614532007770265749679341270880863954738585464835678116801633965769260540", "price": "0.006", "size": "0", "side": "SELL", "hash": "ba9b4c2a882ce13d58cb8fa5060cf0b4dfccf643", "best_bid": "0", "best_ask": "0.001"}, {"asset_id": "60528448360420504680028398572563178874715683732928919912112938542390296521795", "price": "0.994", "size": "0", "side": "BUY", "hash": "6fc985555e3d1d9d2a0d36a8e80bae221c6af92a", "best_bid": "0.999", "best_ask": "1"}], "timestamp": "1769384466660", "event_type": "price_change"}}
{"_local_timestamp": "2026-01-25T23:41:07.021593+00:00", "data": {"market": "0x55ac2fb12bf7f6414e8355545878729a051fbb013ad29f555bcda513fc042ab0", "price_changes": [{"asset_id": "5542614532007770265749679341270880863954738585464835678116801633965769260540", "price": "0.004", "size": "8.27", "side": "SELL", "hash": "ae93104e021db02dceb6fb13c43158ba4a9d8f0f", "best_bid": "0", "best_ask": "0.001"}, {"asset_id": "60528448360420504680028398572563178874715683732928919912112938542390296521795", "price": "0.996", "size": "8.27", "side": "BUY", "hash": "7f745fd5e223a3aa306227360f453b048e687f6c", "best_bid": "0.999", "best_ask": "1"}], "timestamp": "1769384466946", "event_type": "price_change"}}
{"_local_timestamp": "2026-01-25T23:41:07.881581+00:00", "data": {"market": "0x55ac2fb12bf7f6414e8355545878729a051fbb013ad29f555bcda513fc042ab0", "price_changes": [{"asset_id": "5542614532007770265749679341270880863954738585464835678116801633965769260540", "price": "0.005", "size": "0", "side": "SELL", "hash": "ea9fde4db223a493940f5c8088e118a2792ad4f1", "best_bid": "0", "best_ask": "0.001"}, {"asset_id": "60528448360420504680028398572563178874715683732928919912112938542390296521795", "price": "0.995", "size": "0", "side": "BUY", "hash": "cd6224d7018763606a48105de09635ba7af835b2", "best_bid": "0.999", "best_ask": "1"}], "timestamp": "1769384467806", "event_type": "price_change"}}
{"_local_timestamp": "2026-01-25T23:41:07.963688+00:00", "data": {"market": "0x55ac2fb12bf7f6414e8355545878729a051fbb013ad29f555bcda513fc042ab0", "price_changes": [{"asset_id": "5542614532007770265749679341270880863954738585464835678116801633965769260540", "price": "0.003", "size": "5.51", "side": "SELL", "hash": "1c011363f3aaa521c6bf7be1d2292b6ee5b13f11", "best_bid": "0", "best_ask": "0.001"}, {"asset_id": "60528448360420504680028398572563178874715683732928919912112938542390296521795", "price": "0.997", "size": "5.51", "side": "BUY", "hash": "d5f75e73d8464087082b9a1e027caa802e1206db", "best_bid": "0.999", "best_ask": "1"}], "timestamp": "1769384467871", "event_type": "price_change"}}
{"_local_timestamp": "2026-01-25T23:41:08.187619+00:00", "data": {"market": "0x55ac2fb12bf7f6414e8355545878729a051fbb013ad29f555bcda513fc042ab0", "price_changes": [{"asset_id": "5542614532007770265749679341270880863954738585464835678116801633965769260540", "price": "0.004", "size": "0", "side": "SELL", "hash": "3858e2f1c2403098d20a31d0360bd8c90c6fc612", "best_bid": "0", "best_ask": "0.001"}, {"asset_id": "60528448360420504680028398572563178874715683732928919912112938542390296521795", "price": "0.996", "size": "0", "side": "BUY", "hash": "e11729ae736ec842d4ed687ea3e2d70a5acc1eb5", "best_bid": "0.999", "best_ask": "1"}], "timestamp": "1769384468118", "event_type": "price_change"}}
{"_local_timestamp": "2026-01-25T23:41:08.488211+00:00", "data": {"market": "0x55ac2fb12bf7f6414e8355545878729a051fbb013ad29f555bcda513fc042ab0", "price_changes": [{"asset_id": "5542614532007770265749679341270880863954738585464835678116801633965769260540", "price": "0.002", "size": "8.27", "side": "SELL", "hash": "76692e089aec46a89e43ccdccc024313aedfaa9f", "best_bid": "0", "best_ask": "0.001"}, {"asset_id": "60528448360420504680028398572563178874715683732928919912112938542390296521795", "price": "0.998", "size": "8.27", "side": "BUY", "hash": "d93f4de20a6d2097238be00a33ead1834232fbd2", "best_bid": "0.999", "best_ask": "1"}], "timestamp": "1769384468424", "event_type": "price_change"}}
{"_local_timestamp": "2026-01-25T23:41:09.439093+00:00", "data": {"market": "0x55ac2fb12bf7f6414e8355545878729a051fbb013ad29f555bcda513fc042ab0", "price_changes": [{"asset_id": "5542614532007770265749679341270880863954738585464835678116801633965769260540", "price": "0.003", "size": "0", "side": "SELL", "hash": "b50aa8a9c1f8a09328266cae7c422589aacef22f", "best_bid": "0", "best_ask": "0.001"}, {"asset_id": "60528448360420504680028398572563178874715683732928919912112938542390296521795", "price": "0.997", "size": "0", "side": "BUY", "hash": "b1c5b333e02b8a30b3e1a3a5e7b06475db15373e", "best_bid": "0.999", "best_ask": "1"}], "timestamp": "1769384469369", "event_type": "price_change"}}
{"_local_timestamp": "2026-01-25T23:41:09.500952+00:00", "data": {"market": "0x55ac2fb12bf7f6414e8355545878729a051fbb013ad29f555bcda513fc042ab0", "price_changes": [{"asset_id": "5542614532007770265749679341270880863954738585464835678116801633965769260540", "price": "0.007", "size": "5.51", "side": "SELL", "hash": "ac51fe2f21363faf5e5991dac49f6d6bc5e7518b", "best_bid": "0", "best_ask": "0.001"}, {"asset_id": "60528448360420504680028398572563178874715683732928919912112938542390296521795", "price": "0.993", "size": "5.51", "side": "BUY", "hash": "9be473381bb2906dd15d643486c1367b9db635d6", "best_bid": "0.999", "best_ask": "1"}], "timestamp": "1769384469435", "event_type": "price_change"}}
{"_local_timestamp": "2026-01-25T23:41:09.766523+00:00", "data": {"market": "0x55ac2fb12bf7f6414e8355545878729a051fbb013ad29f555bcda513fc042ab0", "price_changes": [{"asset_id": "5542614532007770265749679341270880863954738585464835678116801633965769260540", "price": "0.002", "size": "0", "side": "SELL", "hash": "12bf2025a7ce89ad98590bada915483879240163", "best_bid": "0", "best_ask": "0.001"}, {"asset_id": "60528448360420504680028398572563178874715683732928919912112938542390296521795", "price": "0.998", "size": "0", "side": "BUY", "hash": "a7d80547cd4176993f12205ac42b3c4990058161", "best_bid": "0.999", "best_ask": "1"}], "timestamp": "1769384469691", "event_type": "price_change"}}
{"_local_timestamp": "2026-01-25T23:41:10.005097+00:00", "data": {"market": "0x55ac2fb12bf7f6414e8355545878729a051fbb013ad29f555bcda513fc042ab0", "price_changes": [{"asset_id": "5542614532007770265749679341270880863954738585464835678116801633965769260540", "price": "0.006", "size": "8.27", "side": "SELL", "hash": "44d030b4f6af9caec2f84bda75834502cc12a379", "best_bid": "0", "best_ask": "0.001"}, {"asset_id": "60528448360420504680028398572563178874715683732928919912112938542390296521795", "price": "0.994", "size": "8.27", "side": "BUY", "hash": "66c3128f6a6cd0265ba40890f422d82de26c71c5", "best_bid": "0.999", "best_ask": "1"}], "timestamp": "1769384469939", "event_type": "price_change"}}
{"_local_timestamp": "2026-01-25T23:41:10.886809+00:00", "data": {"market": "0x55ac2fb12bf7f6414e8355545878729a051fbb013ad29f555bcda513fc042ab0", "price_changes": [{"asset_id": "5542614532007770265749679341270880863954738585464835678116801633965769260540", "price": "0.007", "size": "0", "side": "SELL", "hash": "f528665f003b8b62e0bf5c9dba88bf2cd12b3c9f", "best_bid": "0", "best_ask": "0.001"}, {"asset_id": "60528448360420504680028398572563178874715683732928919912112938542390296521795", "price": "0.993", "size": "0", "side": "BUY", "hash": "2c6a0f41c3dbc6f032cf43f1c2f420d1b2cfd4ce", "best_bid": "0.999", "best_ask": "1"}], "timestamp": "1769384470821", "event_type": "price_change"}}
{"_local_timestamp": "2026-01-25T23:41:11.004851+00:00", "data": {"market": "0x55ac2fb12bf7f6414e8355545878729a051fbb013ad29f555bcda513fc042ab0", "price_changes": [{"asset_id": "5542614532007770265749679341270880863954738585464835678116801633965769260540", "price": "0.005", "size": "5.51", "side": "SELL", "hash": "c23a2ebd85c4e3e85b51a309ac4f0b2b1790fb10", "best_bid": "0", "best_ask": "0.001"}, {"asset_id": "60528448360420504680028398572563178874715683732928919912112938542390296521795", "price": "0.995", "size": "5.51", "side": "BUY", "hash": "b49fad662be6455ffa01f90bdae674c68e647ea1", "best_bid": "0.999", "best_ask": "1"}], "timestamp": "1769384470893", "event_type": "price_change"}}
{"_local_timestamp": "2026-01-25T23:41:11.308053+00:00", "data": {"market": "0x55ac2fb12bf7f6414e8355545878729a051fbb013ad29f555bcda513fc042ab0", "price_changes": [{"asset_id": "5542614532007770265749679341270880863954738585464835678116801633965769260540", "price": "0.006", "size": "0", "side": "SELL", "hash": "a2ad825fd7c6dd9ffe24df308a68125b577aa4c0", "best_bid": "0", "best_ask": "0.001"}, {"asset_id": "60528448360420504680028398572563178874715683732928919912112938542390296521795", "price": "0.994", "size": "0", "side": "BUY", "hash": "d8d0851ed191bd782e57a52c48faf99e90c12a67", "best_bid": "0.999", "best_ask": "1"}], "timestamp": "1769384471157", "event_type": "price_change"}}
{"_local_timestamp": "2026-01-25T23:41:11.497238+00:00", "data": {"market": "0x55ac2fb12bf7f6414e8355545878729a051fbb013ad29f555bcda513fc042ab0", "price_changes": [{"asset_id": "5542614532007770265749679341270880863954738585464835678116801633965769260540", "price": "0.004", "size": "8.27", "side": "SELL", "hash": "4081ba5f7be461a87442bf36d5517f82f87c130c", "best_bid": "0", "best_ask": "0.001"}, {"asset_id": "60528448360420504680028398572563178874715683732928919912112938542390296521795", "price": "0.996", "size": "8.27", "side": "BUY", "hash": "5ce03f40533c23aeda849e8bb57bd9c4beb84eb4", "best_bid": "0.999", "best_ask": "1"}], "timestamp": "1769384471424", "event_type": "price_change"}}
{"_local_timestamp": "2026-01-25T23:41:12.544878+00:00", "data": {"market": "0x55ac2fb12bf7f6414e8355545878729a051fbb013ad29f555bcda513fc042ab0", "price_changes": [{"asset_id": "5542614532007770265749679341270880863954738585464835678116801633965769260540", "price": "0.005", "size": "0", "side": "SELL", "hash": "2c06c19a6c3a7af9c1f5e0da3878cd1c977cb2e5", "best_bid": "0", "best_ask": "0.001"}, {"asset_id": "60528448360420504680028398572563178874715683732928919912112938542390296521795", "price": "0.995", "size": "0", "side": "BUY", "hash": "551835bd8cc7028bccb717576b1ccd62cf7f07a6", "best_bid": "0.999", "best_ask": "1"}], "timestamp": "1769384472476", "event_type": "price_change"}}
{"_local_timestamp": "2026-01-25T23:41:12.596442+00:00", "data": {"market": "0x55ac2fb12bf7f6414e8355545878729a051fbb013ad29f555bcda513fc042ab0", "price_changes": [{"asset_id": "5542614532007770265749679341270880863954738585464835678116801633965769260540", "price": "0.003", "size": "5.51", "side": "SELL", "hash": "3ddeccba30eec5fde847c9b996c625596d06d057", "best_bid": "0", "best_ask": "0.001"}, {"asset_id": "60528448360420504680028398572563178874715683732928919912112938542390296521795", "price": "0.997", "size": "5.51", "side": "BUY", "hash": "1795ec9b7a4c65ce809835a537d4e455b77397f1", "best_bid": "0.999", "best_ask": "1"}], "timestamp": "1769384472532", "event_type": "price_change"}}
{"_local_timestamp": "2026-01-25T23:41:12.818058+00:00", "data": {"market": "0x55ac2fb12bf7f6414e8355545878729a051fbb013ad29f555bcda513fc042ab0", "price_changes": [{"asset_id": "5542614532007770265749679341270880863954738585464835678116801633965769260540", "price": "0.004", "size": "0", "side": "SELL", "hash": "e308ef2e6c1e3c98e7976a06b29e67861ab94ba5", "best_bid": "0", "best_ask": "0.001"}, {"asset_id": "60528448360420504680028398572563178874715683732928919912112938542390296521795", "price": "0.996", "size": "0", "side": "BUY", "hash": "e42d1181395da7b4393349d3f7488b60caf38ccc", "best_bid": "0.999", "best_ask": "1"}], "timestamp": "1769384472738", "event_type": "price_change"}}
{"_local_timestamp": "2026-01-25T23:41:12.990949+00:00", "data": {"market": "0x55ac2fb12bf7f6414e8355545878729a051fbb013ad29f555bcda513fc042ab0", "price_changes": [{"asset_id": "5542614532007770265749679341270880863954738585464835678116801633965769260540", "price": "0.002", "size": "8.27", "side": "SELL", "hash": "a7fd6e2a0e9a232b477ceb305b0e5a9ef7b7c78d", "best_bid": "0", "best_ask": "0.001"}, {"asset_id": "60528448360420504680028398572563178874715683732928919912112938542390296521795", "price": "0.998", "size": "8.27", "side": "BUY", "hash": "c4c53942dc66fa1227fce008aa9fb0bef8f7c386", "best_bid": "0.999", "best_ask": "1"}], "timestamp": "1769384472924", "event_type": "price_change"}}
