{"_local_timestamp": "2026-01-25T23:40:54.626294+00:00", "data": [{"market": "0x55ac2fb12bf7f6414e8355545878729a051fbb013ad29f555bcda513fc042ab0", "asset_id": "60528448360420504680028398572563178874715683732928919912112938542390296521795", "timestamp": "1769384454485", "hash": "40bc295d66da548ac734e0c7eb254059b9447360", "bids": [{"price": "0.001", "size": "114.99"}, {"price": "0.002", "size": "55000"}, {"price": "0.008", "size": "155"}, {"price": "0.01", "size": "27023"}, {"price": "0.011", "size": "155"}, {"price": "0.03", "size": "100"}, {"price": "0.08", "size": "155"}, {"price": "0.097", "size": "100"}, {"price": "0.099", "size": "100"}, {"price": "0.1", "size": "3600"}, {"price": "0.14", "size": "50"}, {"price": "0.2", "size": "200"}, {"price": "0.27", "size": "200"}, {"price": "0.34", "size": "100"}, {"price": "0.47", "size": "100"}, {"price": "0.49", "size": "100"}, {"price": "0.497", "size": "200"}, {"price": "0.499", "size": "100"}, {"price": "0.75", "size": "60"}, {"price": "0.767", "size": "60"}, {"price": "0.769", "size": "60"}, {"price": "0.77", "size": "60"}, {"price": "0.991", "size": "500"}, {"price": "0.992", "size": "31.73"}, {"price": "0.995", "size": "5.51"}, {"price": "0.999", "size": "81317.07"}], "asks": [], "event_type": "book", "last_trade_price": ""}, {"market": "0x55ac2fb12bf7f6414e8355545878729a051fbb013ad29f555bcda513fc042ab0", "asset_id": "5542614532007770265749679341270880863954738585464835678116801633965769260540", "timestamp": "1769384454485", "hash": "6d2af89c1de6966fcfa9b095b4f4826f63245f50", "bids": [], "asks": [{"price": "0.999", "size": "114.99"}, {"price": "0.998", "size": "55000"}, {"price": "0.992", "size": "155"}, {"price": "0.99", "size": "27023"}, {"price": "0.989", "size": "155"}, {"price": "0.97", "size": "100"}, {"price": "0.92", "size": "155"}, {"price": "0.903", "size": "100"}, {"price": "0.901", "size": "100"}, {"price": "0.9", "size": "3600"}, {"price": "0.86", "size": "50"}, {"price": "0.8", "size": "200"}, {"price": "0.73", "size": "200"}, {"price": "0.66", "size": "100"}, {"price": "0.53", "size": "100"}, {"price": "0.51", "size": "100"}, {"price": "0.503", "size": "200"}, {"price": "0.501", "size": "100"}, {"price": "0.25", "size": "60"}, {"price": "0.233", "size": "60"}, {"price": "0.231", "size": "60"}, {"price": "0.23", "size": "60"}, {"price": "0.009", "size": "500"}, {"price": "0.008", "size": "31.73"}, {"price": "0.005", "size": "5.51"}, {"price": "0.001", "size": "81317.07"}], "event_type": "book", "last_trade_price": ""}]}
{"_local_timestamp": "2026-01-25T23:40:54.760012+00:00", "data": {"market": "0x55ac2fb12bf7f6414e8355545878729a051fbb013ad29f555bcda513fc042ab0", "price_changes": [{"asset_id": "5542614532007770265749679341270880863954738585464835678116801633965769260540", "price": "0.004", "size": "8.27", "side": "SELL", "hash": "b390739209d3cfc2dd935ac70e9e4ca3f29a512e", "best_bid": "0", "best_ask": "0.001"}, {"asset_id": "60528448360420504680028398572563178874715683732928919912112938542390296521795", "price": "0.996", "size": "8.27", "side": "BUY", "hash": "3ca891167cb97abb0e817f2d1a378e1cbceaa155", "best_bid": "0.999", "best_ask": "1"}], "timestamp": "1769384454697", "event_type": "price_change"}}
{"_local_timestamp": "2026-01-25T23:40:58.774072+00:00", "data": {"market": "0x55ac2fb12bf7f6414e8355545878729a051fbb013ad29f555bcda513fc042ab0", "price_changes": [{"asset_id": "5542614532007770265749679341270880863954738585464835678116801633965769260540", "price": "0.005", "size": "0", "side": "SELL", "hash": "c91e941393ca9ee2193b4d6b098144735d22ec98", "best_bid": "0", "best_ask": "0.001"}, {"asset_id": "60528448360420504680028398572563178874715683732928919912112938542390296521795", "price": "0.995", "size": "0", "side": "BUY", "hash": "5662b60b00129ca6d8451e6c1db47e349110733b", "best_bid": "0.999", "best_ask": "1"}], "timestamp": "1769384458708", "event_type": "price_change"}}
{"_local_timestamp": "2026-01-25T23:40:58.827153+00:00", "data": {"market": "0x55ac2fb12bf7f6414e8355545878729a051fbb013ad29f555bcda513fc042ab0", "price_changes": [{"asset_id": "5542614532007770265749679341270880863954738585464835678116801633965769260540", "price": "0.003", "size": "5.51", "side": "SELL", "hash": "acebd34e041b5137ef58cbd1d702cc5195fd072b", "best_bid": "0", "best_ask": "0.001"}, {"asset_id": "60528448360420504680028398572563178874715683732928919912112938542390296521795", "price": "0.997", "size": "5.51", "side": "BUY", "hash": "c4809862b06e773c48d19e79d17c79c377a6c59a", "best_bid": "0.999", "best_ask": "1"}], "timestamp": "1769384458764", "event_type": "price_change"}}
{"_local_timestamp": "2026-01-25T23:40:59.091309+00:00", "data": {"market": "0x55ac2fb12bf7f6414e8355545878729a051fbb013ad29f555bcda513fc042ab0", "price_changes": [{"asset_id": "5542614532007770265749679341270880863954738585464835678116801633965769260540", "price": "0.004", "size": "0", "side": "SELL", "hash": "8d430c4c5e75d695fc429d8b6ce4762c7ac5e734", "best_bid": "0", "best_ask": "0.001"}, {"asset_id": "60528448360420504680028398572563178874715683732928919912112938542390296521795", "price": "0.996", "size": "0", "side": "BUY", "hash": "978fb86bab1a930c57f929230dab3ce3e80276da", "best_bid": "0.999", "best_ask": "1"}], "timestamp": "1769384459004", "event_type": "price_change"}}
{"_local_timestamp": "2026-01-25T23:40:59.266429+00:00", "data": {"market": "0x55ac2fb12bf7f6414e8355545878729a051fbb013ad29f555bcda513fc042ab0", "price_changes": [{"asset_id": "5542614532007770265749679341270880863954738585464835678116801633965769260540", "price": "0.002", "size": "8.27", "side": "SELL", "hash": "13559c3715f7175d1411f5f3ff35c2f2a05c7b4c", "best_bid": "0", "best_ask": "0.001"}, {"asset_id": "60528448360420504680028398572563178874715683732928919912112938542390296521795", "price": "0.998", "size": "8.27", "side": "BUY", "hash": "35d51e28f300ffc8b297fe39fc9d2f355379d2d5", "best_bid": "0.999", "best_ask": "1"}], "timestamp": "1769384459200", "event_type": "price_change"}}
{"_local_timestamp": "2026-01-25T23:41:00.328921+00:00", "data": {"market": "0x55ac2fb12bf7f6414e8355545878729a051fbb013ad29f555bcda513fc042ab0", "price_changes": [{"asset_id": "5542614532007770265749679341270880863954738585464835678116801633965769260540", "price": "0.003", "size": "0", "side": "SELL", "hash": "67e5212924e30300bc334d95132a10e5c2023f9b", "best_bid": "0", "best_ask": "0.001"}, {"asset_id": "60528448360420504680028398572563178874715683732928919912112938542390296521795", "price": "0.997", "size": "0", "side": "BUY", "hash": "26c6fd1a8d799a2042d5aeb1ae3306ccf6facbb4", "best_bid": "0.999", "best_ask": "1"}], "timestamp": "1769384460257", "event_type": "price_change"}}
{"_local_timestamp": "2026-01-25T23:41:00.403667+00:00", "data": {"market": "0x55ac2fb12bf7f6414e8355545878729a051fbb013ad29f555bcda513fc042ab0", "price_changes": [{"asset_id": "5542614532007770265749679341270880863954738585464835678116801633965769260540", "price": "0.007", "size": "5.51", "side": "SELL", "hash": "7a4ca0cba8826b0b42e92ef29d825852432a319d", "best_bid": "0", "best_ask": "0.001"}, {"asset_id": "60528448360420504680028398572563178874715683732928919912112938542390296521795", "price": "0.993", "size": "5.51", "side": "BUY", "hash": "75c66d526fb6dbbc265823696fc20f8667f1b06e", "best_bid": "0.999", "best_ask": "1"}], "timestamp": "1769384460330", "event_type": "price_change"}}
{"_local_timestamp": "2026-01-25T23:41:00.752544+00:00", "data": {"market": "0x55ac2fb12bf7f6414e8355545878729a051fbb013ad29f555bcda513fc042ab0", "price_changes": [{"asset_id": "5542614532007770265749679341270880863954738585464835678116801633965769260540", "price": "0.002", "size": "0", "side": "SELL", "hash": "11e722eb8527a250a064bc1a47650babfda0b730", "best_bid": "0", "best_ask": "0.001"}, {"asset_id": "60528448360420504680028398572563178874715683732928919912112938542390296521795", "price": "0.998", "size": "0", "side": "BUY", "hash": "c732fbba709cadca742323bd466789c68c5721d9", "best_bid": "0.999", "best_ask": "1"}], "timestamp": "1769384460687", "event_type": "price_change"}}
{"_local_timestamp": "2026-01-25T23:41:00.982806+00:00", "data": {"market": "0x55ac2fb12bf7f6414e8355545878729a051fbb013ad29f555bcda513fc042ab0", "price_changes": [{"asset_id": "5542614532007770265749679341270880863954738585464835678116801633965769260540", "price": "0.006", "size": "8.27", "side": "SELL", "hash": "69a57ce35d9683fcb02716748b2f296847410138", "best_bid": "0", "best_ask": "0.001"}, {"asset_id": "60528448360420504680028398572563178874715683732928919912112938542390296521795", "price": "0.994", "size": "8.27", "side": "BUY", "hash": "8d46310b5d29e20eeeec39760c4ce7910d4e57ac", "best_bid": "0.999", "best_ask": "1"}], "timestamp": "1769384460916", "event_type": "price_change"}}
{"_local_timestamp": "2026-01-25T23:41:02.111725+00:00", "data": {"market": "0x55ac2fb12bf7f6414e8355545878729a051fbb013ad29f555bcda513fc042ab0", "price_changes": [{"asset_id": "5542614532007770265749679341270880863954738585464835678116801633965769260540", "price": "0.007", "size": "0", "side": "SELL", "hash": "6a3e75750ec1b535eea45ba14357b33c33a94be8", "best_bid": "0", "best_ask": "0.001"}, {"asset_id": "60528448360420504680028398572563178874715683732928919912112938542390296521795", "price": "0.993", "size": "0", "side": "BUY", "hash": "edda8432d1ec9952c99e59671f2cda84f787f47b", "best_bid": "0.999", "best_ask": "1"}], "timestamp": "1769384462035", "event_type": "price_change"}}
{"_local_timestamp": "2026-01-25T23:41:02.164716+00:00", "data": {"market": "0x55ac2fb12bf7f6414e8355545878729a051fbb013ad29f555bcda513fc042ab0", "price_changes": [{"asset_id": "5542614532007770265749679341270880863954738585464835678116801633965769260540", "price": "0.005", "size": "5.51", "side": "SELL", "hash": "c257e7518f97cd75df78f1cce64627c0c40a2b39", "best_bid": "0", "best_ask": "0.001"}, {"asset_id": "60528448360420504680028398572563178874715683732928919912112938542390296521795", "price": "0.995", "size": "5.51", "side": "BUY", "hash": "212237c1c19f04387a10f890c67c543703e25b58", "best_bid": "0.999", "best_ask": "1"}], "timestamp": "1769384462091", "event_type": "price_change"}}
{"_local_timestamp": "2026-01-25T23:41:02.512614+00:00", "data": {"market": "0x55ac2fb12bf7f6414e8355545878729a051fbb013ad29f555bcda513fc042ab0", "price_changes": [{"asset_id": "5542614532007770265749679341270880863954738585464835678116801633965769260540", "price": "0.006", "size": "0", "side": "SELL", "hash": "8a07ed92441ef609b02fde7863acfb14c1b33803", "best_bid": "0", "best_ask": "0.001"}, {"asset_id": "60528448360420504680028398572563178874715683732928919912112938542390296521795", "price": "0.994", "size": "0", "side": "BUY", "hash": "dcb6420c8f85b42c65e9392c43dd4fbd7da612c4", "best_bid": "0.999", "best_ask": "1"}], "timestamp": "1769384462430", "event_type": "price_change"}}
{"_local_timestamp": "2026-01-25T23:41:02.741545+00:00", "data": {"market": "0x55ac2fb12bf7f6414e8355545878729a051fbb013ad29f555bcda513fc042ab0", "price_changes": [{"asset_id": "5542614532007770265749679341270880863954738585464835678116801633965769260540", "price": "0.004", "size": "8.27", "side": "SELL", "hash": "27aeacd31fac9f80b2e6bba41d2d4eb46ce4d9d3", "best_bid": "0", "best_ask": "0.001"}, {"asset_id": "60528448360420504680028398572563178874715683732928919912112938542390296521795", "price": "0.996", "size": "8.27", "side": "BUY", "hash": "affb350b9bdf17119f2aed50b668f75fca448505", "best_bid": "0.999", "best_ask": "1"}], "timestamp": "1769384462669", "event_type": "price_change"}}
