{"_local_timestamp": "2026-01-25T23:40:54.626294+00:00", "data": [{"market": "0x55ac2fb12bf7f6414e8355545878729a051fbb013ad29f555bcda513fc042ab0", "asset_id": "60528448360420504680028398572563178874715683732928919912112938542390296521795", "timestamp": "1769384454485", "hash": "40bc295d66da548ac734e0c7eb254059b9447360", "bids": [{"price": "0.001", "size": "114.99"}, {"price": "0.002", "size": "55000"}, {"price": "0.008", "size": "155"}, {"price": "0.01", "size": "27023"}, {"price": "0.011", "size": "155"}, {"price": "0.03", "size": "100"}, {"price": "0.08", "size": "155"}, {"price": "0.097", "size": "100"}, {"price": "0.099", "size": "100"}, {"price": "0.1", "size": "3600"}, {"price": "0.14", "size": "50"}, {"price": "0.2", "size": "200"}, {"price": "0.27", "size": "200"}, {"price": "0.34", "size": "100"}, {"price": "0.47", "size": "100"}, {"price": "0.49", "size": "100"}, {"price": "0.497", "size": "200"}, {"price": "0.499", "size": "100"}, {"price": "0.75", "size": "60"}, {"price": "0.767", "size": "60"}, {"price": "0.769", "size": "60"}, {"price": "0.77", "size": "60"}, {"price": "0.991", "size": "500"}, {"price": "0.992", "size": "31.73"}, {"price": "0.995", "size": "5.51"}, {"price": "0.999", "size": "81317.07"}], "asks": [], "event_type": "book", "last_trade_price": ""}, {"market": "0x55ac2fb12bf7f6414e8355545878729a051fbb013ad29f555bcda513fc042ab0", "asset_id": "5542614532007770265749679341270880863954738585464835678116801633965769260540", "timestamp": "1769384454485", "hash": "6d2af89c1de6966fcfa9b095b4f4826f63245f50", "bids": [], "asks": [{"price": "0.999", "size": "114.99"}, {"price": "0.998", "size": "55000"}, {"price": "0.992", "size": "155"}, {"price": "0.99", "size": "27023"}, {"price": "0.989", "size": "155"}, {"price": "0.97", "size": "100"}, {"price": "0.92", "size": "155"}, {"price": "0.903", "size": "100"}, {"price": "0.901", "size": "100"}, {"price": "0.9", "size": "3600"}, {"price": "0.86", "size": "50"}, {"price": "0.8", "size": "200"}, {"price": "0.73", "size": "200"}, {"price": "0.66", "size": "100"}, {"price": "0.53", "size": "100"}, {"price": "0.51", "size": "100"}, {"price": "0.503", "size": "200"}, {"price": "0.501", "size": "100"}, {"price": "0.25", "size": "60"}, {"price": "0.233", "size": "60"}, {"price": "0.231", "size": "60"}, {"price": "0.23", "size": "60"}, {"price": "0.009", "size": "500"}, {"price": "0.008", "size": "31.73"}, {"price": "0.005", "size": "5.51"}, {"price": "0.001", "size": "81317.07"}], "event_type": "book", "last_trade_price": ""}]}
{"_local_timestamp": "2026-01-25T23:40:54.760012+00:00", "data": {"market": "0x55ac2fb12bf7f6414e8355545878729a051fbb013ad29f555bcda513fc042ab0", "price_changes": [{"asset_id": "5542614532007770265749679341270880863954738585464835678116801633965769260540", "price": "0.004", "size": "8.27", "side": "SELL", "hash": "b390739209d3cfc2dd935ac70e9e4ca3f29a512e", "best_bid": "0", "best_ask": "0.001"}, {"asset_id": "60528448360420504680028398572563178874715683732928919912112938542390296521795", "price": "0.996", "size": "8.27", "side": "BUY", "hash": "3ca891167cb97abb0e817f2d1a378e1cbceaa155", "best_bid": "0.999", "best_ask": "1"}], "timestamp": "1769384454697", "event_type": "price_change"}}
{"_local_timestamp": "2026-01-25T23:40:58.774072+00:00", "data": {"market": "0x55ac2fb12bf7f6414e8355545878729a051fbb013ad29f555bcda513fc042ab0", "price_changes": [{"asset_id": "5542614532007770265749679341270880863954738585464835678116801633965769260540", "price": "0.005", "size": "0", "side": "SELL", "hash": "c91e941393ca9ee2193b4d6b098144735d22ec98", "best_bid": "0", "best_ask": "0.001"}, {"asset_id": "60528448360420504680028398572563178874715683732928919912112938542390296521795", "price": "0.995", "size": "0", "side": "BUY", "hash": "5662b60b00129ca6d8451e6c1db47e349110733b", "best_bid": "0.999", "best_ask": "1"}], "timestamp": "1769384458708", "event_type": "price_change"}}
{"_local_timestamp": "2026-01-25T23:40:58.827153+00:00", "data": {"market": "0x55ac2fb12bf7f6414e8355545878729a051fbb013ad29f555bcda513fc042ab0", "price_changes": [{"asset_id": "5542614532007770265749679341270880863954738585464835678116801633965769260540", "price": "0.003", "size": "5.51", "side": "SELL", "hash": "acebd34e041b5137ef58cbd1d702cc5195fd072b", "best_bid": "0", "best_ask": "0.001"}, {"asset_id": "60528448360420504680028398572563178874715683732928919912112938542390296521795", "price": "0.997", "size": "5.51", "side": "BUY", "hash": "c4809862b06e773c48d19e79d17c79c377a6c59a", "best_bid": "0.999", "best_ask": "1"}], "timestamp": "1769384458764", "event_type": "price_change"}}
{"_local_timestamp": "2026-01-25T23:40:59.091309+00:00", "data": {"market": "0x55ac2fb12bf7f6414e8355545878729a051fbb013ad29f555bcda513fc042ab0", "price_changes": [{"asset_id": "5542614532007770265749679341270880863954738585464835678116801633965769260540", "price": "0.004", "size": "0", "side": "SELL", "hash": "8d430c4c5e75d695fc429d8b6ce4762c7ac5e734", "best_bid": "0", "best_ask": "0.001"}, {"asset_id": "60528448360420504680028398572563178874715683732928919912112938542390296521795", "price": "0.996", "size": "0", "side": "BUY", "hash": "978fb86bab1a930c57f929230dab3ce3e80276da", "best_bid": "0.999", "best_ask": "1"}], "timestamp": "1769384459004", "event_type": "price_change"}}
{"_local_timestamp": "2026-01-25T23:40:59.266429+00:00", "data": {"market": "0x55ac2fb12bf7f6414e8355545878729a051fbb013ad29f555bcda513fc042ab0", "price_changes": [{"asset_id": "5542614532007770265749679341270880863954738585464835678116801633965769260540", "price": "0.002", "size": "8.27", "side": "SELL", "hash": "13559c3715f7175d1411f5f3ff35c2f2a05c7b4c", "best_bid": "0", "best_ask": "0.001"}, {"asset_id": "60528448360420504680028398572563178874715683732928919912112938542390296521795", "price": "0.998", "size": "8.27", "side": "BUY", "hash": "35d51e28f300ffc8b297fe39fc9d2f355379d2d5", "best_bid": "0.999", "best_ask": "1"}], "timestamp": "1769384459200", "event_type": "price_change"}}
{"_local_timestamp": "2026-01-25T23:41:00.328921+00:00", "data": {"market": "0x55ac2fb12bf7f6414e8355545878729a051fbb013ad29f555bcda513fc042ab0", "price_changes": [{"asset_id": "5542614532007770265749679341270880863954738585464835678116801633965769260540", "price": "0.003", "size": "0", "side": "SELL", "hash": "67e5212924e30300bc334d95132a10e5c2023f9b", "best_bid": "0", "best_ask": "0.001"}, {"asset_id": "60528448360420504680028398572563178874715683732928919912112938542390296521795", "price": "0.997", "size": "0", "side": "BUY", "hash": "26c6fd1a8d799a2042d5aeb1ae3306ccf6facbb4", "best_bid": "0.999", "best_ask": "1"}], "timestamp": "1769384460257", "event_type": "price_change"}}
{"_local_timestamp": "2026-01-25T23:41:00.403667+00:00", "data": {"market": "0x55ac2fb12bf7f6414e8355545878729a051fbb013ad29f555bcda513fc042ab0", "price_changes": [{"asset_id": "5542614532007770265749679341270880863954738585464835678116801633965769260540", "price": "0.007", "size": "5.51", "side": "SELL", "hash": "7a4ca0cba8826b0b42e92ef29d825852432a319d", "best_bid": "0", "best_ask": "0.001"}, {"asset_id": "60528448360420504680028398572563178874715683732928919912112938542390296521795", "price": "0.993", "size": "5.51", "side": "BUY", "hash": "75c66d526fb6dbbc265823696fc20f8667f1b06e", "best_bid": "0.999", "best_ask": "1"}], "timestamp": "1769384460330", "event_type": "price_change"}}
{"_local_timestamp": "2026-01-25T23:41:00.752544+00:00", "data": {"market": "0x55ac2fb12bf7f6414e8355545878729a051fbb013ad29f555bcda513fc042ab0", "price_changes": [{"asset_id": "5542614532007770265749679341270880863954738585464835678116801633965769260540", "price": "0.002", "size": "0", "side": "SELL", "hash": "11e722eb8527a250a064bc1a47650babfda0b730", "best_bid": "0", "best_ask": "0.001"}, {"asset_id": "60528448360420504680028398572563178874715683732928919912112938542390296521795", "price": "0.998", "size": "0", "side": "BUY", "hash": "c732fbba709cadca742323bd466789c68c5721d9", "best_bid": "0.999", "best_ask": "1"}], "timestamp": "1769384460687", "event_type": "price_change"}}
{"_local_timestamp": "2026-01-25T23:41:00.982806+00:00", "data": {"market": "0x55ac2fb12bf7f6414e8355545878729a051fbb013ad29f555bcda513fc042ab0", "price_changes": [{"asset_id": "5542614532007770265749679341270880863954738585464835678116801633965769260540", "price": "0.006", "size": "8.27", "side": "SELL", "hash": "69a57ce35d9683fcb02716748b2f296847410138", "best_bid": "0", "best_ask": "0.001"}, {"asset_id": "60528448360420504680028398572563178874715683732928919912112938542390296521795", "price": "0.994", "size": "8.27", "side": "BUY", "hash": "8d46310b5d29e20eeeec39760c4ce7910d4e57ac", "best_bid": "0.999", "best_ask": "1"}], "timestamp": "1769384460916", "event_type": "price_change"}}
{"_local_timestamp": "2026-01-25T23:41:02.111725+00:00", "data": {"market": "0x55ac2fb12bf7f6414e8355545878729a051fbb013ad29f555bcda513fc042ab0", "price_changes": [{"asset_id": "5542614532007770265749679341270880863954738585464835678116801633965769260540", "price": "0.007", "size": "0", "side": "SELL", "hash": "6a3e75750ec1b535eea45ba14357b33c33a94be8", "best_bid": "0", "best_ask": "0.001"}, {"asset_id": "60528448360420504680028398572563178874715683732928919912112938542390296521795", "price": "0.993", "size": "0", "side": "BUY", "hash": "edda8432d1ec9952c99e59671f2cda84f787f47b", "best_bid": "0.999", "best_ask": "1"}], "timestamp": "1769384462035", "event_type": "price_change"}}
{"_local_timestamp": "2026-01-25T23:41:02.164716+00:00", "data": {"market": "0x55ac2fb12bf7f6414e8355545878729a051fbb013ad29f555bcda513fc042ab0", "price_changes": [{"asset_id": "5542614532007770265749679341270880863954738585464835678116801633965769260540", "price": "0.005", "size": "5.51", "side": "SELL", "hash": "c257e7518f97cd75df78f1cce64627c0c40a2b39", "best_bid": "0", "best_ask": "0.001"}, {"asset_id": "60528448360420504680028398572563178874715683732928919912112938542390296521795", "price": "0.995", "size": "5.51", "side": "BUY", "hash": "212237c1c19f04387a10f890c67c543703e25b58", "best_bid": "0.999", "best_ask": "1"}], "timestamp": "1769384462091", "event_type": "price_change"}}
{"_local_timestamp": "2026-01-25T23:41:02.512614+00:00", "data": {"market": "0x55ac2fb12bf7f6414e8355545878729a051fbb013ad29f555bcda513fc042ab0", "price_changes": [{"asset_id": "5542614532007770265749679341270880863954738585464835678116801633965769260540", "price": "0.006", "size": "0", "side": "SELL", "hash": "8a07ed92441ef609b02fde7863acfb14c1b33803", "best_bid": "0", "best_ask": "0.001"}, {"asset_id": "60528448360420504680028398572563178874715683732928919912112938542390296521795", "price": "0.994", "size": "0", "side": "BUY", "hash": "dcb6420c8f85b42c65e9392c43dd4fbd7da612c4", "best_bid": "0.999", "best_ask": "1"}], "timestamp": "1769384462430", "event_type": "price_change"}}
{"_local_timestamp": "2026-01-25T23:41:02.741545+00:00", "data": {"market": "0x55ac2fb12bf7f6414e8355545878729a051fbb013ad29f555bcda513fc042ab0", "price_changes": [{"asset_id": "5542614532007770265749679341270880863954738585464835678116801633965769260540", "price": "0.004", "size": "8.27", "side": "SELL", "hash": "27aeacd31fac9f80b2e6bba41d2d4eb46ce4d9d3", "best_bid": "0", "best_ask": "0.001"}, {"asset_id": "60528448360420504680028398572563178874715683732928919912112938542390296521795", "price": "0.996", "size": "8.27", "side": "BUY", "hash": "affb350b9bdf17119f2aed50b668f75fca448505", "best_bid": "0.999", "best_ask": "1"}], "timestamp": "1769384462669", "event_type": "price_change"}}
{"_local_timestamp": "2026-01-25T23:41:03.622324+00:00", "data": {"market": "0x55ac2fb12bf7f6414e8355545878729a051fbb013ad29f555bcda513fc042ab0", "price_changes": [{"asset_id": "5542614532007770265749679341270880863954738585464835678116801633965769260540", "price": "0.005", "size": "0", "side": "SELL", "hash": "93807a47d5851409dc8bf17d034e9aea9536d557", "best_bid": "0", "best_ask": "0.001"}, {"asset_id": "60528448360420504680028398572563178874715683732928919912112938542390296521795", "price": "0.995", "size": "0", "side": "BUY", "hash": "71ccbeab14d9f5e1d5f0ff51b6a684b60d0aed7a", "best_bid": "0.999", "best_ask": "1"}], "timestamp": "1769384463555", "event_type": "price_change"}}
{"_local_timestamp": "2026-01-25T23:41:03.694685+00:00", "data": {"market": "0x55ac2fb12bf7f6414e8355545878729a051fbb013ad29f555bcda513fc042ab0", "price_changes": [{"asset_id": "5542614532007770265749679341270880863954738585464835678116801633965769260540", "price": "0.003", "size": "5.51", "side": "SELL", "hash": "1428c0725d0adaf7ebecee510c8a95dcd00cfdd0", "best_bid": "0", "best_ask": "0.001"}, {"asset_id": "60528448360420504680028398572563178874715683732928919912112938542390296521795", "price": "0.997", "size": "5.51", "side": "BUY", "hash": "51e2326f60498c43fb7e0a60277217cf241d87f7", "best_bid": "0.999", "best_ask": "1"}], "timestamp": "1769384463624", "event_type": "price_change"}}
{"_local_timestamp": "2026-01-25T23:41:03.822449+00:00", "data": {"market": "0x55ac2fb12bf7f6414e8355545878729a051fbb013ad29f555bcda513fc042ab0", "price_changes": [{"asset_id": "5542614532007770265749679341270880863954738585464835678116801633965769260540", "price": "0.004", "size": "0", "side": "SELL", "hash": "8b1eb0552f345ae86337f223e2be6e9452d999ff", "best_bid": "0", "best_ask": "0.001"}, {"asset_id": "60528448360420504680028398572563178874715683732928919912112938542390296521795", "price": "0.996", "size": "0", "side": "BUY", "hash": "6e2db74dd0b736dd96cf449ae031b23eea7c7b99", "best_bid": "0.999", "best_ask": "1"}], "timestamp": "1769384463755", "event_type": "price_change"}}
{"_local_timestamp": "2026-01-25T23:41:04.032861+00:00", "data": {"market": "0x55ac2fb12bf7f6414e8355545878729a051fbb013ad29f555bcda513fc042ab0", "price_changes": [{"asset_id": "5542614532007770265749679341270880863954738585464835678116801633965769260540", "price": "0.002", "size": "8.27", "side": "SELL", "hash": "8a2a161d396c7bbffca0e098b9400141e623de73", "best_bid": "0", "best_ask": "0.001"}, {"asset_id": "60528448360420504680028398572563178874715683732928919912112938542390296521795", "price": "0.998", "size": "8.27", "side": "BUY", "hash": "a2701c6c26012d81b0555a500f7450be9a551bec", "best_bid": "0.999", "best_ask": "1"}], "timestamp": "1769384463962", "event_type": "price_change"}}
{"_local_timestamp": "2026-01-25T23:41:05.052821+00:00", "data": {"market": "0x55ac2fb12bf7f6414e8355545878729a051fbb013ad29f555bcda513fc042ab0", "price_changes": [{"asset_id": "5542614532007770265749679341270880863954738585464835678116801633965769260540", "price": "0.003", "size": "0", "side": "SELL", "hash": "360bca052eec50e6d8e76d5de474fa104a24f066", "best_bid": "0", "best_ask": "0.001"}, {"asset_id": "60528448360420504680028398572563178874715683732928919912112938542390296521795", "price": "0.997", "size": "0", "side": "BUY", "hash": "862c20c116b189f2460c5c73ba416fc1c6aa3e39", "best_bid": "0.999", "best_ask": "1"}], "timestamp": "1769384464974", "event_type": "price_change"}}
{"_local_timestamp": "2026-01-25T23:41:05.103918+00:00", "data": {"market": "0x55ac2fb12bf7f6414e8355545878729a051fbb013ad29f555bcda513fc042ab0", "price_changes": [{"asset_id": "5542614532007770265749679341270880863954738585464835678116801633965769260540", "price": "0.007", "size": "5.51", "side": "SELL", "hash": "7d5290d76ddb70d3549b83874b93c50a36e23b13", "best_bid": "0", "best_ask": "0.001"}, {"asset_id": "60528448360420504680028398572563178874715683732928919912112938542390296521795", "price": "0.993", "size": "5.51", "side": "BUY", "hash": "93d2eff397b0a61dc6ae938b5a5078ef79516c70", "best_bid": "0.999", "best_ask": "1"}], "timestamp": "1769384465022", "event_type": "price_change"}}
{"_local_timestamp": "2026-01-25T23:41:05.277785+00:00", "data": {"market": "0x55ac2fb12bf7f6414e8355545878729a051fbb013ad29f555bcda513fc042ab0", "price_changes": [{"asset_id": "5542614532007770265749679341270880863954738585464835678116801633965769260540", "price": "0.002", "size": "0", "side": "SELL", "hash": "03a7304b92c3c6295f8271155e49349f6ee7f7fc", "best_bid": "0", "best_ask": "0.001"}, {"asset_id": "60528448360420504680028398572563178874715683732928919912112938542390296521795", "price": "0.998", "size": "0", "side": "BUY", "hash": "1cc64438fddf37a51ef953d375ece74260ed4b43", "best_bid": "0.999", "best_ask": "1"}], "timestamp": "1769384465209", "event_type": "price_change"}}
{"_local_timestamp": "2026-01-25T23:41:05.540033+00:00", "data": {"market": "0x55ac2fb12bf7f6414e8355545878729a051fbb013ad29f555bcda513fc042ab0", "price_changes": [{"asset_id": "5542614532007770265749679341270880863954738585464835678116801633965769260540", "price": "0.006", "size": "8.27", "side": "SELL", "hash": "1d2fee4d440f4c6ef4585fb39ee3911920da4378", "best_bid": "0", "best_ask": "0.001"}, {"asset_id": "60528448360420504680028398572563178874715683732928919912112938542390296521795", "price": "0.994", "size": "8.27", "side": "BUY", "hash": "d511847f79ea80a7a611ca4b1260f4fca246ad84", "best_bid": "0.999", "best_ask": "1"}], "timestamp": "1769384465477", "event_type": "price_change"}}
{"_local_timestamp": "2026-01-25T23:41:06.467380+00:00", "data": {"market": "0x55ac2fb12bf7f6414e8355545878729a051fbb013ad29f555bcda513fc042ab0", "price_changes": [{"asset_id": "5542614532007770265749679341270880863954738585464835678116801633965769260540", "price": "0.007", "size": "0", "side": "SELL", "hash": "a523df1223c503633e5c98d58101ab350ce83900", "best_bid": "0", "best_ask": "0.001"}, {"asset_id": "60528448360420504680028398572563178874715683732928919912112938542390296521795", "price": "0.993", "size": "0", "side": "BUY", "hash": "bafa1c9bb5ae1a4f8491a29b44614030ce1d093b", "best_bid": "0.999", "best_ask": "1"}], "timestamp": "1769384466396", "event_type": "price_change"}}
{"_local_timestamp": "2026-01-25T23:41:06.524971+00:00", "data": {"market": "0x55ac2fb12bf7f6414e8355545878729a051fbb013ad29f555bcda513fc042ab0", "price_changes": [{"asset_id": "5542614532007770265749679341270880863954738585464835678116801633965769260540", "price": "0.005", "size": "5.51", "side": "SELL", "hash": "c5fb853564d6bd6964789aff73a813f95269b994", "best_bid": "0", "best_ask": "0.001"}, {"asset_id": "60528448360420504680028398572563178874715683732928919912112938542390296521795", "price": "0.995", "size": "5.51", "side": "BUY", "hash": "fde0746981f81da6e873986fe3ab7f9af584cc2e", "best_bid": "0.999", "best_ask": "1"}], "timestamp": "1769384466458", "event_type": "price_change"}}
{"_local_timestamp": "2026-01-25T23:41:06.786611+00:00", "data": {"market": "0x55ac2fb12bf7f6414e8355545878729a051fbb013ad29f555bcda513fc042ab0", "price_changes": [{"asset_id": "5542614532007770265749679341270880863954738585464835678116801633965769260540", "price": "0.006", "size": "0", "side": "SELL", "hash": "ba9b4c2a882ce13d58cb8fa5060cf0b4dfccf643", "best_bid": "0", "best_ask": "0.001"}, {"asset_id": "60528448360420504680028398572563178874715683732928919912112938542390296521795", "price": "0.994", "size": "0", "side": "BUY", "hash": "6fc985555e3d1d9d2a0d36a8e80bae221c6af92a", "best_bid": "0.999", "best_ask": "1"}], "timestamp": "1769384466660", "event_type": "price_change"}}
{"_local_timestamp": "2026-01-25T23:41:07.021593+00:00", "data": {"market": "0x55ac2fb12bf7f6414e8355545878729a051fbb013ad29f555bcda513fc042ab0", "price_changes": [{"asset_id": "5542614532007770265749679341270880863954738585464835678116801633965769260540", "price": "0.004", "size": "8.27", "side": "SELL", "hash": "ae93104e021db02dceb6fb13c43158ba4a9d8f0f", "best_bid": "0", "best_ask": "0.001"}, {"asset_id": "60528448360420504680028398572563178874715683732928919912112938542390296521795", "price": "0.996", "size": "8.27", "side": "BUY", "hash": "7f745fd5e223a3aa306227360f453b048e687f6c", "best_bid": "0.999", "best_ask": "1"}], "timestamp": "1769384466946", "event_type": "price_change"}}
{"_local_timestamp": "2026-01-25T23:41:07.881581+00:00", "data": {"market": "0x55ac2fb12bf7f6414e8355545878729a051fbb013ad29f555bcda513fc042ab0", "price_changes": [{"asset_id": "5542614532007770265749679341270880863954738585464835678116801633965769260540", "price": "0.005", "size": "0", "side": "SELL", "hash": "ea9fde4db223a493940f5c8088e118a2792ad4f1", "best_bid": "0", "best_ask": "0.001"}, {"asset_id": "60528448360420504680028398572563178874715683732928919912112938542390296521795", "price": "0.995", "size": "0", "side": "BUY", "hash": "cd6224d7018763606a48105de09635ba7af835b2", "best_bid": "0.999", "best_ask": "1"}], "timestamp": "1769384467806", "event_type": "price_change"}}
{"_local_timestamp": "2026-01-25T23:41:07.963688+00:00", "data": {"market": "0x55ac2fb12bf7f6414e8355545878729a051fbb013ad29f555bcda513fc042ab0", "price_changes": [{"asset_id": "5542614532007770265749679341270880863954738585464835678116801633965769260540", "price": "0.003", "size": "5.51", "side": "SELL", "hash": "1c011363f3aaa521c6bf7be1d2292b6ee5b13f11", "best_bid": "0", "best_ask": "0.001"}, {"asset_id": "60528448360420504680028398572563178874715683732928919912112938542390296521795", "price": "0.997", "size": "5.51", "side": "BUY", "hash": "d5f75e73d8464087082b9a1e027caa802e1206db", "best_bid": "0.999", "best_ask": "1"}], "timestamp": "1769384467871", "event_type": "price_change"}}
{"_local_timestamp": "2026-01-25T23:41:08.187619+00:00", "data": {"market": "0x55ac2fb12bf7f6414e8355545878729a051fbb013ad29f555bcda513fc042ab0", "price_changes": [{"asset_id": "5542614532007770265749679341270880863954738585464835678116801633965769260540", "price": "0.004", "size": "0", "side": "SELL", "hash": "3858e2f1c2403098d20a31d0360bd8c90c6fc612", "best_bid": "0", "best_ask": "0.001"}, {"asset_id": "60528448360420504680028398572563178874715683732928919912112938542390296521795", "price": "0.996", "size": "0", "side": "BUY", "hash": "e11729ae736ec842d4ed687ea3e2d70a5acc1eb5", "best_bid": "0.999", "best_ask": "1"}], "timestamp": "1769384468118", "event_type": "price_change"}}
{"_local_timestamp": "2026-01-25T23:41:08.488211+00:00", "data": {"market": "0x55ac2fb12bf7f6414e8355545878729a051fbb013ad29f555bcda513fc042ab0", "price_changes": [{"asset_id": "5542614532007770265749679341270880863954738585464835678116801633965769260540", "price": "0.002", "size": "8.27", "side": "SELL", "hash": "76692e089aec46a89e43ccdccc024313aedfaa9f", "best_bid": "0", "best_ask": "0.001"}, {"asset_id": "60528448360420504680028398572563178874715683732928919912112938542390296521795", "price": "0.998", "size": "8.27", "side": "BUY", "hash": "d93f4de20a6d2097238be00a33ead1834232fbd2", "best_bid": "0.999", "best_ask": "1"}], "timestamp": "1769384468424", "event_type": "price_change"}}
{"_local_timestamp": "2026-01-25T23:41:09.439093+00:00", "data": {"market": "0x55ac2fb12bf7f6414e8355545878729a051fbb013ad29f555bcda513fc042ab0", "price_changes": [{"asset_id": "5542614532007770265749679341270880863954738585464835678116801633965769260540", "price": "0.003", "size": "0", "side": "SELL", "hash": "b50aa8a9c1f8a09328266cae7c422589aacef22f", "best_bid": "0", "best_ask": "0.001"}, {"asset_id": "60528448360420504680028398572563178874715683732928919912112938542390296521795", "price": "0.997", "size": "0", "side": "BUY", "hash": "b1c5b333e02b8a30b3e1a3a5e7b06475db15373e", "best_bid": "0.999", "best_ask": "1"}], "timestamp": "1769384469369", "event_type": "price_change"}}
{"_local_timestamp": "2026-01-25T23:41:09.500952+00:00", "data": {"market": "0x55ac2fb12bf7f6414e8355545878729a051fbb013ad29f555bcda513fc042ab0", "price_changes": [{"asset_id": "5542614532007770265749679341270880863954738585464835678116801633965769260540", "price": "0.007", "size": "5.51", "side": "SELL", "hash": "ac51fe2f21363faf5e5991dac49f6d6bc5e7518b", "best_bid": "0", "best_ask": "0.001"}, {"asset_id": "60528448360420504680028398572563178874715683732928919912112938542390296521795", "price": "0.993", "size": "5.51", "side": "BUY", "hash": "9be473381bb2906dd15d643486c1367b9db635d6", "best_bid": "0.999", "best_ask": "1"}], "timestamp": "1769384469435", "event_type": "price_change"}}
{"_local_timestamp": "2026-01-25T23:41:09.766523+00:00", "data": {"market": "0x55ac2fb12bf7f6414e8355545878729a051fbb013ad29f555bcda513fc042ab0", "price_changes": [{"asset_id": "5542614532007770265749679341270880863954738585464835678116801633965769260540", "price": "0.002", "size": "0", "side": "SELL", "hash": "12bf2025a7ce89ad98590bada915483879240163", "best_bid": "0", "best_ask": "0.001"}, {"asset_id": "60528448360420504680028398572563178874715683732928919912112938542390296521795", "price": "0.998", "size": "0", "side": "BUY", "hash": "a7d80547cd4176993f12205ac42b3c4990058161", "best_bid": "0.999", "best_ask": "1"}], "timestamp": "1769384469691", "event_type": "price_change"}}
{"_local_timestamp": "2026-01-25T23:41:10.005097+00:00", "data": {"market": "0x55ac2fb12bf7f6414e8355545878729a051fbb013ad29f555bcda513fc042ab0", "price_changes": [{"asset_id": "5542614532007770265749679341270880863954738585464835678116801633965769260540", "price": "0.006", "size": "8.27", "side": "SELL", "hash": "44d030b4f6af9caec2f84bda75834502cc12a379", "best_bid": "0", "best_ask": "0.001"}, {"asset_id": "60528448360420504680028398572563178874715683732928919912112938542390296521795", "price": "0.994", "size": "8.27", "side": "BUY", "hash": "66c3128f6a6cd0265ba40890f422d82de26c71c5", "best_bid": "0.999", "best_ask": "1"}], "timestamp": "1769384469939", "event_type": "price_change"}}
{"_local_timestamp": "2026-01-25T23:41:10.886809+00:00", "data": {"market": "0x55ac2fb12bf7f6414e8355545878729a051fbb013ad29f555bcda513fc042ab0", "price_changes": [{"asset_id": "5542614532007770265749679341270880863954738585464835678116801633965769260540", "price": "0.007", "size": "0", "side": "SELL", "hash": "f528665f003b8b62e0bf5c9dba88bf2cd12b3c9f", "best_bid": "0", "best_ask": "0.001"}, {"asset_id": "60528448360420504680028398572563178874715683732928919912112938542390296521795", "price": "0.993", "size": "0", "side": "BUY", "hash": "2c6a0f41c3dbc6f032cf43f1c2f420d1b2cfd4ce", "best_bid": "0.999", "best_ask": "1"}], "timestamp": "1769384470821", "event_type": "price_change"}}
{"_local_timestamp": "2026-01-25T23:41:11.004851+00:00", "data": {"market": "0x55ac2fb12bf7f6414e8355545878729a051fbb013ad29f555bcda513fc042ab0", "price_changes": [{"asset_id": "5542614532007770265749679341270880863954738585464835678116801633965769260540", "price": "0.005", "size": "5.51", "side": "SELL", "hash": "c23a2ebd85c4e3e85b51a309ac4f0b2b1790fb10", "best_bid": "0", "best_ask": "0.001"}, {"asset_id": "60528448360420504680028398572563178874715683732928919912112938542390296521795", "price": "0.995", "size": "5.51", "side": "BUY", "hash": "b49fad662be6455ffa01f90bdae674c68e647ea1", "best_bid": "0.999", "best_ask": "1"}], "timestamp": "1769384470893", "event_type": "price_change"}}
{"_local_timestamp": "2026-01-25T23:41:11.308053+00:00", "data": {"market": "0x55ac2fb12bf7f6414e8355545878729a051fbb013ad29f555bcda513fc042ab0", "price_changes": [{"asset_id": "5542614532007770265749679341270880863954738585464835678116801633965769260540", "price": "0.006", "size": "0", "side": "SELL", "hash": "a2ad825fd7c6dd9ffe24df308a68125b577aa4c0", "best_bid": "0", "best_ask": "0.001"}, {"asset_id": "60528448360420504680028398572563178874715683732928919912112938542390296521795", "price": "0.994", "size": "0", "side": "BUY", "hash": "d8d0851ed191bd782e57a52c48faf99e90c12a67", "best_bid": "0.999", "best_ask": "1"}], "timestamp": "1769384471157", "event_type": "price_change"}}
{"_local_timestamp": "2026-01-25T23:41:11.497238+00:00", "data": {"market": "0x55ac2fb12bf7f6414e8355545878729a051fbb013ad29f555bcda513fc042ab0", "price_changes": [{"asset_id": "5542614532007770265749679341270880863954738585464835678116801633965769260540", "price": "0.004", "size": "8.27", "side": "SELL", "hash": "4081ba5f7be461a87442bf36d5517f82f87c130c", "best_bid": "0", "best_ask": "0.001"}, {"asset_id": "60528448360420504680028398572563178874715683732928919912112938542390296521795", "price": "0.996", "size": "8.27", "side": "BUY", "hash": "5ce03f40533c23aeda849e8bb57bd9c4beb84eb4", "best_bid": "0.999", "best_ask": "1"}], "timestamp": "1769384471424", "event_type": "price_change"}}
{"_local_timestamp": "2026-01-25T23:41:12.544878+00:00", "data": {"market": "0x55ac2fb12bf7f6414e8355545878729a051fbb013ad29f555bcda513fc042ab0", "price_changes": [{"asset_id": "5542614532007770265749679341270880863954738585464835678116801633965769260540", "price": "0.005", "size": "0", "side": "SELL", "hash": "2c06c19a6c3a7af9c1f5e0da3878cd1c977cb2e5", "best_bid": "0", "best_ask": "0.001"}, {"asset_id": "60528448360420504680028398572563178874715683732928919912112938542390296521795", "price": "0.995", "size": "0", "side": "BUY", "hash": "551835bd8cc7028bccb717576b1ccd62cf7f07a6", "best_bid": "0.999", "best_ask": "1"}], "timestamp": "1769384472476", "event_type": "price_change"}}
{"_local_timestamp": "2026-01-25T23:41:12.596442+00:00", "data": {"market": "0x55ac2fb12bf7f6414e8355545878729a051fbb013ad29f555bcda513fc042ab0", "price_changes": [{"asset_id": "5542614532007770265749679341270880863954738585464835678116801633965769260540", "price": "0.003", "size": "5.51", "side": "SELL", "hash": "3ddeccba30eec5fde847c9b996c625596d06d057", "best_bid": "0", "best_ask": "0.001"}, {"asset_id": "60528448360420504680028398572563178874715683732928919912112938542390296521795", "price": "0.997", "size": "5.51", "side": "BUY", "hash": "1795ec9b7a4c65ce809835a537d4e455b77397f1", "best_bid": "0.999", "best_ask": "1"}], "timestamp": "1769384472532", "event_type": "price_change"}}
{"_local_timestamp": "2026-01-25T23:41:12.818058+00:00", "data": {"market": "0x55ac2fb12bf7f6414e8355545878729a051fbb013ad29f555bcda513fc042ab0", "price_changes": [{"asset_id": "5542614532007770265749679341270880863954738585464835678116801633965769260540", "price": "0.004", "size": "0", "side": "SELL", "hash": "e308ef2e6c1e3c98e7976a06b29e67861ab94ba5", "best_bid": "0", "best_ask": "0.001"}, {"asset_id": "60528448360420504680028398572563178874715683732928919912112938542390296521795", "price": "0.996", "size": "0", "side": "BUY", "hash": "e42d1181395da7b4393349d3f7488b60caf38ccc", "best_bid": "0.999", "best_ask": "1"}], "timestamp": "1769384472738", "event_type": "price_change"}}
{"_local_timestamp": "2026-01-25T23:41:12.990949+00:00", "data": {"market": "0x55ac2fb12bf7f6414e8355545878729a051fbb013ad29f555bcda513fc042ab0", "price_changes": [{"asset_id": "5542614532007770265749679341270880863954738585464835678116801633965769260540", "price": "0.002", "size": "8.27", "side": "SELL", "hash": "a7fd6e2a0e9a232b477ceb305b0e5a9ef7b7c78d", "best_bid": "0", "best_ask": "0.001"}, {"asset_id": "60528448360420504680028398572563178874715683732928919912112938542390296521795", "price": "0.998", "size": "8.27", "side": "BUY", "hash": "c4c53942dc66fa1227fce008aa9fb0bef8f7c386", "best_bid": "0.999", "best_ask": "1"}], "timestamp": "1769384472924", "event_type": "price_change"}}
{"_local_timestamp": "2026-01-25T23:41:13.964765+00:00", "data": {"market": "0x55ac2fb12bf7f6414e8355545878729a051fbb013ad29f555bcda513fc042ab0", "price_changes": [{"asset_id": "5542614532007770265749679341270880863954738585464835678116801633965769260540", "price": "0.003", "size": "0", "side": "SELL", "hash": "0963f42fecf7d16804584a9e7d3e1264b63f5128", "best_bid": "0", "best_ask": "0.001"}, {"asset_id": "60528448360420504680028398572563178874715683732928919912112938542390296521795", "price": "0.997", "size": "0", "side": "BUY", "hash": "596ce74d21106de2562f9e4ecc69d0b46b4b1f9c", "best_bid": "0.999", "best_ask": "1"}], "timestamp": "1769384473891", "event_type": "price_change"}}
{"_local_timestamp": "2026-01-25T23:41:14.016699+00:00", "data": {"market": "0x55ac2fb12bf7f6414e8355545878729a051fbb013ad29f555bcda513fc042ab0", "price_changes": [{"asset_id": "5542614532007770265749679341270880863954738585464835678116801633965769260540", "price": "0.007", "size": "5.51", "side": "SELL", "hash": "6aa8c86467a7ce1474d73fc65d9ecaf357c408e6", "best_bid": "0", "best_ask": "0.001"}, {"asset_id": "60528448360420504680028398572563178874715683732928919912112938542390296521795", "price": "0.993", "size": "5.51", "side": "BUY", "hash": "a46f3f9808f5dc6cbd15ca5521c26902544c5116", "best_bid": "0.999", "best_ask": "1"}], "timestamp": "1769384473952", "event_type": "price_change"}}
{"_local_timestamp": "2026-01-25T23:41:14.269413+00:00", "data": {"market": "0x55ac2fb12bf7f6414e8355545878729a051fbb013ad29f555bcda513fc042ab0", "price_changes": [{"asset_id": "5542614532007770265749679341270880863954738585464835678116801633965769260540", "price": "0.002", "size": "0", "side": "SELL", "hash": "c128e0c4e7d5988081751a4fac4e62e31290e83f", "best_bid": "0", "best_ask": "0.001"}, {"asset_id": "60528448360420504680028398572563178874715683732928919912112938542390296521795", "price": "0.998", "size": "0", "side": "BUY", "hash": "146bbf5dfab0875d928f158427df6c6c632cc786", "best_bid": "0.999", "best_ask": "1"}], "timestamp": "1769384474186", "event_type": "price_change"}}
{"_local_timestamp": "2026-01-25T23:41:14.465404+00:00", "data": {"market": "0x55ac2fb12bf7f6414e8355545878729a051fbb013ad29f555bcda513fc042ab0", "price_changes": [{"asset_id": "5542614532007770265749679341270880863954738585464835678116801633965769260540", "price": "0.006", "size": "8.27", "side": "SELL", "hash": "aab2868efb5c694469b45f3882f874aeace39569", "best_bid": "0", "best_ask": "0.001"}, {"asset_id": "60528448360420504680028398572563178874715683732928919912112938542390296521795", "price": "0.994", "size": "8.27", "side": "BUY", "hash": "7dd24e3957a3fa5b1b1198441b8503e0011a1253", "best_bid": "0.999", "best_ask": "1"}], "timestamp": "1769384474398", "event_type": "price_change"}}
{"_local_timestamp": "2026-01-25T23:41:15.647024+00:00", "data": {"market": "0x55ac2fb12bf7f6414e8355545878729a051fbb013ad29f555bcda513fc042ab0", "price_changes": [{"asset_id": "5542614532007770265749679341270880863954738585464835678116801633965769260540", "price": "0.007", "size": "0", "side": "SELL", "hash": "8849392733e5c0bad716371c40d5af079422577b", "best_bid": "0", "best_ask": "0.001"}, {"asset_id": "60528448360420504680028398572563178874715683732928919912112938542390296521795", "price": "0.993", "size": "0", "side": "BUY", "hash": "3bef4a50f26e07ee8c6495c520e5f0c6f77c1487", "best_bid": "0.999", "best_ask": "1"}], "timestamp": "1769384475575", "event_type": "price_change"}}
{"_local_timestamp": "2026-01-25T23:41:15.696346+00:00", "data": {"market": "0x55ac2fb12bf7f6414e8355545878729a051fbb013ad29f555bcda513fc042ab0", "price_changes": [{"asset_id": "5542614532007770265749679341270880863954738585464835678116801633965769260540", "price": "0.005", "size": "5.51", "side": "SELL", "hash": "4f6dd98c30618691763dbe0fd9df1d61653b5f02", "best_bid": "0", "best_ask": "0.001"}, {"asset_id": "60528448360420504680028398572563178874715683732928919912112938542390296521795", "price": "0.995", "size": "5.51", "side": "BUY", "hash": "a16077852d29f085727994a7c7a27f2f568b34a7", "best_bid": "0.999", "best_ask": "1"}], "timestamp": "1769384475630", "event_type": "price_change"}}
{"_local_timestamp": "2026-01-25T23:41:16.029147+00:00", "data": {"market": "0x55ac2fb12bf7f6414e8355545878729a051fbb013ad29f555bcda513fc042ab0", "price_changes": [{"asset_id": "5542614532007770265749679341270880863954738585464835678116801633965769260540", "price": "0.006", "size": "0", "side": "SELL", "hash": "161ee0cfec869de233d3ade5da41c27cacb40a20", "best_bid": "0", "best_ask": "0.001"}, {"asset_id": "60528448360420504680028398572563178874715683732928919912112938542390296521795", "price": "0.994", "size": "0", "side": "BUY", "hash": "f490d0b93fdbf49733ed96784a2aaffa7ac70a71", "best_bid": "0.999", "best_ask": "1"}], "timestamp": "1769384475964", "event_type": "price_change"}}
{"_local_timestamp": "2026-01-25T23:41:16.320378+00:00", "data": {"market": "0x55ac2fb12bf7f6414e8355545878729a051fbb013ad29f555bcda513fc042ab0", "price_changes": [{"asset_id": "5542614532007770265749679341270880863954738585464835678116801633965769260540", "price": "0.004", "size": "8.27", "side": "SELL", "hash": "c18d88c4f5c0aa65192e9804f2b24d3e9f86202d", "best_bid": "0", "best_ask": "0.001"}, {"asset_id": "60528448360420504680028398572563178874715683732928919912112938542390296521795", "price": "0.996", "size": "8.27", "side": "BUY", "hash": "dc396af8fc150223751e3a5fc49b57fef46e07c4", "best_bid": "0.999", "best_ask": "1"}], "timestamp": "1769384476251", "event_type": "price_change"}}
{"_local_timestamp": "2026-01-25T23:41:17.070999+00:00", "data": {"market": "0x55ac2fb12bf7f6414e8355545878729a051fbb013ad29f555bcda513fc042ab0", "price_changes": [{"asset_id": "5542614532007770265749679341270880863954738585464835678116801633965769260540", "price": "0.005", "size": "0", "side": "SELL", "hash": "0de2a2a716065079a8d4a13fed17597682ca620c", "best_bid": "0", "best_ask": "0.001"}, {"asset_id": "60528448360420504680028398572563178874715683732928919912112938542390296521795", "price": "0.995", "size": "0", "side": "BUY", "hash": "506a5b59133cf213bc6cd0169253675293ae59c4", "best_bid": "0.999", "best_ask": "1"}], "timestamp": "1769384477006", "event_type": "price_change"}}
{"_local_timestamp": "2026-01-25T23:41:17.139938+00:00", "data": {"market": "0x55ac2fb12bf7f6414e8355545878729a051fbb013ad29f555bcda513fc042ab0", "price_changes": [{"asset_id": "5542614532007770265749679341270880863954738585464835678116801633965769260540", "price": "0.003", "size": "5.51", "side": "SELL", "hash": "d537afdca3758fde57dbc369317e890dd7cbc0ba", "best_bid": "0", "best_ask": "0.001"}, {"asset_id": "60528448360420504680028398572563178874715683732928919912112938542390296521795", "price": "0.997", "size": "5.51", "side": "BUY", "hash": "0086b492044a3f5fbb814a5a8c058f78f1855374", "best_bid": "0.999", "best_ask": "1"}], "timestamp": "1769384477067", "event_type": "price_change"}}
{"_local_timestamp": "2026-01-25T23:41:17.364859+00:00", "data": {"market": "0x55ac2fb12bf7f6414e8355545878729a051fbb013ad29f555bcda513fc042ab0", "price_changes": [{"asset_id": "5542614532007770265749679341270880863954738585464835678116801633965769260540", "price": "0.004", "size": "0", "side": "SELL", "hash": "4e835a91ed4172ef972ad40c16fb7290e7b14393", "best_bid": "0", "best_ask": "0.001"}, {"asset_id": "60528448360420504680028398572563178874715683732928919912112938542390296521795", "price": "0.996", "size": "0", "side": "BUY", "hash": "6635432fdd7036bcb1890114751f382d92d5bd57", "best_bid": "0.999", "best_ask": "1"}], "timestamp": "1769384477295", "event_type": "price_change"}}
{"_local_timestamp": "2026-01-25T23:41:17.688627+00:00", "data": {"market": "0x55ac2fb12bf7f6414e8355545878729a051fbb013ad29f555bcda513fc042ab0", "price_changes": [{"asset_id": "5542614532007770265749679341270880863954738585464835678116801633965769260540", "price": "0.002", "size": "8.27", "side": "SELL", "hash": "bd4dec80175f0ba539a2414db15cf5734fbdb72a", "best_bid": "0", "best_ask": "0.001"}, {"asset_id": "60528448360420504680028398572563178874715683732928919912112938542390296521795", "price": "0.998", "size": "8.27", "side": "BUY", "hash": "d53015ffe3c6f963425242e7b46c43c0c4474a42", "best_bid": "0.999", "best_ask": "1"}], "timestamp": "1769384477618", "event_type": "price_change"}}
{"_local_timestamp": "2026-01-25T23:41:18.792342+00:00", "data": {"market": "0x55ac2fb12bf7f6414e8355545878729a051fbb013ad29f555bcda513fc042ab0", "price_changes": [{"asset_id": "5542614532007770265749679341270880863954738585464835678116801633965769260540", "price": "0.003", "size": "0", "side": "SELL", "hash": "6fdf3b8b633ca2dfdff29a99a057dd5e3301e5d0", "best_bid": "0", "best_ask": "0.001"}, {"asset_id": "60528448360420504680028398572563178874715683732928919912112938542390296521795", "price": "0.997", "size": "0", "side": "BUY", "hash": "4bb1eea1d9a4ac1414dd4e7c4f0aa01959f34c82", "best_bid": "0.999", "best_ask": "1"}], "timestamp": "1769384478709", "event_type": "price_change"}}
{"_local_timestamp": "2026-01-25T23:41:18.846106+00:00", "data": {"market": "0x55ac2fb12bf7f6414e8355545878729a051fbb013ad29f555bcda513fc042ab0", "price_changes": [{"asset_id": "5542614532007770265749679341270880863954738585464835678116801633965769260540", "price": "0.007", "size": "5.51", "side": "SELL", "hash": "8cff66c7430bd0005661728cdf93b0c84e954939", "best_bid": "0", "best_ask": "0.001"}, {"asset_id": "60528448360420504680028398572563178874715683732928919912112938542390296521795", "price": "0.993", "size": "5.51", "side": "BUY", "hash": "0ad875735b2152326fcd86527671d93610b2812a", "best_bid": "0.999", "best_ask": "1"}], "timestamp": "1769384478774", "event_type": "price_change"}}
{"_local_timestamp": "2026-01-25T23:41:19.103773+00:00", "data": {"market": "0x55ac2fb12bf7f6414e8355545878729a051fbb013ad29f555bcda513fc042ab0", "price_changes": [{"asset_id": "5542614532007770265749679341270880863954738585464835678116801633965769260540", "price": "0.002", "size": "0", "side": "SELL", "hash": "5cfb8226c594bf6cb7b838c7d715d4adf3816e77", "best_bid": "0", "best_ask": "0.001"}, {"asset_id": "60528448360420504680028398572563178874715683732928919912112938542390296521795", "price": "0.998", "size": "0", "side": "BUY", "hash": "5eb1542894956e0b0121178332c68fabd688e3e0", "best_bid": "0.999", "best_ask": "1"}], "timestamp": "1769384479035", "event_type": "price_change"}}
{"_local_timestamp": "2026-01-25T23:41:19.464716+00:00", "data": {"market": "0x55ac2fb12bf7f6414e8355545878729a051fbb013ad29f555bcda513fc042ab0", "price_changes": [{"asset_id": "5542614532007770265749679341270880863954738585464835678116801633965769260540", "price": "0.006", "size": "8.27", "side": "SELL", "hash": "42f5bbc3a20fd59efd7082106ca4d8fdfb840797", "best_bid": "0", "best_ask": "0.001"}, {"asset_id": "60528448360420504680028398572563178874715683732928919912112938542390296521795", "price": "0.994", "size": "8.27", "side": "BUY", "hash": "dcd5a62151921718e3d4f30854007f6033b509f3", "best_bid": "0.999", "best_ask": "1"}], "timestamp": "1769384479395", "event_type": "price_change"}}
{"_local_timestamp": "2026-01-25T23:41:20.370909+00:00", "data": {"market": "0x55ac2fb12bf7f6414e8355545878729a051fbb013ad29f555bcda513fc042ab0", "price_changes": [{"asset_id": "5542614532007770265749679341270880863954738585464835678116801633965769260540", "price": "0.007", "size": "0", "side": "SELL", "hash": "f3ba394c0dc3e5c0d28d3007ee94cc20c27b4b9f", "best_bid": "0", "best_ask": "0.001"}, {"asset_id": "60528448360420504680028398572563178874715683732928919912112938542390296521795", "price": "0.993", "size": "0", "side": "BUY", "hash": "8b39ea123797e65e3da034709ce9ab94bf24717e", "best_bid": "0.999", "best_ask": "1"}], "timestamp": "1769384480296", "event_type": "price_change"}}
{"_local_timestamp": "2026-01-25T23:41:20.416768+00:00", "data": {"market": "0x55ac2fb12bf7f6414e8355545878729a051fbb013ad29f555bcda513fc042ab0", "price_changes": [{"asset_id": "5542614532007770265749679341270880863954738585464835678116801633965769260540", "price": "0.005", "size": "5.51", "side": "SELL", "hash": "fe91f9285e6f1c5b0ac97722ae26fdd227a7e920", "best_bid": "0", "best_ask": "0.001"}, {"asset_id": "60528448360420504680028398572563178874715683732928919912112938542390296521795", "price": "0.995", "size": "5.51", "side": "BUY", "hash": "c15c21e8729573503678e58b6f35706a7e2017de", "best_bid": "0.999", "best_ask": "1"}], "timestamp": "1769384480350", "event_type": "price_change"}}
{"_local_timestamp": "2026-01-25T23:41:20.844856+00:00", "data": {"market": "0x55ac2fb12bf7f6414e8355545878729a051fbb013ad29f555bcda513fc042ab0", "price_changes": [{"asset_id": "5542614532007770265749679341270880863954738585464835678116801633965769260540", "price": "0.006", "size": "0", "side": "SELL", "hash": "a0443ccaf82eb15c5afe33b13ba4e6e4c18ed4ae", "best_bid": "0", "best_ask": "0.001"}, {"asset_id": "60528448360420504680028398572563178874715683732928919912112938542390296521795", "price": "0.994", "size": "0", "side": "BUY", "hash": "fb2a2f07e1d608df8b961349f9258a4d60c9561d", "best_bid": "0.999", "best_ask": "1"}], "timestamp": "1769384480773", "event_type": "price_change"}}
{"_local_timestamp": "2026-01-25T23:41:21.146402+00:00", "data": {"market": "0x55ac2fb12bf7f6414e8355545878729a051fbb013ad29f555bcda513fc042ab0", "price_changes": [{"asset_id": "5542614532007770265749679341270880863954738585464835678116801633965769260540", "price": "0.004", "size": "8.27", "side": "SELL", "hash": "ad1327c64689c58dcc6686d7452d63a4c2568f85", "best_bid": "0", "best_ask": "0.001"}, {"asset_id": "60528448360420504680028398572563178874715683732928919912112938542390296521795", "price": "0.996", "size": "8.27", "side": "BUY", "hash": "489f52c2f83b3cae734f388e49eadc9009830d86", "best_bid": "0.999", "best_ask": "1"}], "timestamp": "1769384481048", "event_type": "price_change"}}
{"_local_timestamp": "2026-01-25T23:41:22.011016+00:00", "data": {"market": "0x55ac2fb12bf7f6414e8355545878729a051fbb013ad29f555bcda513fc042ab0", "price_changes": [{"asset_id": "5542614532007770265749679341270880863954738585464835678116801633965769260540", "price": "0.005", "size": "0", "side": "SELL", "hash": "2900feff50bd1ab5a80056f4743b2f31c894a20b", "best_bid": "0", "best_ask": "0.001"}, {"asset_id": "60528448360420504680028398572563178874715683732928919912112938542390296521795", "price": "0.995", "size": "0", "side": "BUY", "hash": "13d3eb064fd156da3c344f48a9e985f72f0b2de6", "best_bid": "0.999", "best_ask": "1"}], "timestamp": "1769384481933", "event_type": "price_change"}}
{"_local_timestamp": "2026-01-25T23:41:22.140432+00:00", "data": {"market": "0x55ac2fb12bf7f6414e8355545878729a051fbb013ad29f555bcda513fc042ab0", "price_changes": [{"asset_id": "5542614532007770265749679341270880863954738585464835678116801633965769260540", "price": "0.003", "size": "5.51", "side": "SELL", "hash": "c92177a93f9b00c3ccb554879e3347c755437628", "best_bid": "0", "best_ask": "0.001"}, {"asset_id": "60528448360420504680028398572563178874715683732928919912112938542390296521795", "price": "0.997", "size": "5.51", "side": "BUY", "hash": "9942a87903694461412186528c7bb27ad2e3ed86", "best_bid": "0.999", "best_ask": "1"}], "timestamp": "1769384482049", "event_type": "price_change"}}
{"_local_timestamp": "2026-01-25T23:41:22.171131+00:00", "data": {"market": "0x55ac2fb12bf7f6414e8355545878729a051fbb013ad29f555bcda513fc042ab0", "price_changes": [{"asset_id": "5542614532007770265749679341270880863954738585464835678116801633965769260540", "price": "0.004", "size": "0", "side": "SELL", "hash": "f331246d67cb0c579ec68f4b5a07aa53aac195e5", "best_bid": "0", "best_ask": "0.001"}, {"asset_id": "60528448360420504680028398572563178874715683732928919912112938542390296521795", "price": "0.996", "size": "0", "side": "BUY", "hash": "6761df2ed8ff62ff3aa641ce5f491a0a8ffa092d", "best_bid": "0.999", "best_ask": "1"}], "timestamp": "1769384482101", "event_type": "price_change"}}
{"_local_timestamp": "2026-01-25T23:41:22.456901+00:00", "data": {"market": "0x55ac2fb12bf7f6414e8355545878729a051fbb013ad29f555bcda513fc042ab0", "price_changes": [{"asset_id": "5542614532007770265749679341270880863954738585464835678116801633965769260540", "price": "0.002", "size": "8.27", "side": "SELL", "hash": "8d229d48e1becedf6e721209f3913057be92de24", "best_bid": "0", "best_ask": "0.001"}, {"asset_id": "60528448360420504680028398572563178874715683732928919912112938542390296521795", "price": "0.998", "size": "8.27", "side": "BUY", "hash": "138dc4e7ce490750c00eb88a9d429b45810ac5a3", "best_bid": "0.999", "best_ask": "1"}], "timestamp": "1769384482388", "event_type": "price_change"}}
{"_local_timestamp": "2026-01-25T23:41:23.558986+00:00", "data": {"market": "0x55ac2fb12bf7f6414e8355545878729a051fbb013ad29f555bcda513fc042ab0", "price_changes": [{"asset_id": "5542614532007770265749679341270880863954738585464835678116801633965769260540", "price": "0.003", "size": "0", "side": "SELL", "hash": "41a652a7417c73ddd4488481543482ff5682da0e", "best_bid": "0", "best_ask": "0.001"}, {"asset_id": "60528448360420504680028398572563178874715683732928919912112938542390296521795", "price": "0.997", "size": "0", "side": "BUY", "hash": "f869a95b3213ca871320811be28645ad8eb62cbc", "best_bid": "0.999", "best_ask": "1"}], "timestamp": "1769384483491", "event_type": "price_change"}}
{"_local_timestamp": "2026-01-25T23:41:23.631611+00:00", "data": {"market": "0x55ac2fb12bf7f6414e8355545878729a051fbb013ad29f555bcda513fc042ab0", "price_changes": [{"asset_id": "5542614532007770265749679341270880863954738585464835678116801633965769260540", "price": "0.007", "size": "5.51", "side": "SELL", "hash": "95122a28f9aa7264d7e38c8afb40f1469f8808c5", "best_bid": "0", "best_ask": "0.001"}, {"asset_id": "60528448360420504680028398572563178874715683732928919912112938542390296521795", "price": "0.993", "size": "5.51", "side": "BUY", "hash": "d17d6532a7c33d195a7be1c57c6fb5b89c0a91bb", "best_bid": "0.999", "best_ask": "1"}], "timestamp": "1769384483562", "event_type": "price_change"}}
{"_local_timestamp": "2026-01-25T23:41:23.710250+00:00", "data": {"market": "0x55ac2fb12bf7f6414e8355545878729a051fbb013ad29f555bcda513fc042ab0", "price_changes": [{"asset_id": "5542614532007770265749679341270880863954738585464835678116801633965769260540", "price": "0.002", "size": "0", "side": "SELL", "hash": "27f152590af32075a5fab4694246e38b58eeb577", "best_bid": "0", "best_ask": "0.001"}, {"asset_id": "60528448360420504680028398572563178874715683732928919912112938542390296521795", "price": "0.998", "size": "0", "side": "BUY", "hash": "cf024eb2fca79f76d37b43bfbab24b832a3882ae", "best_bid": "0.999", "best_ask": "1"}], "timestamp": "1769384483639", "event_type": "price_change"}}
{"_local_timestamp": "2026-01-25T23:41:23.945675+00:00", "data": {"market": "0x55ac2fb12bf7f6414e8355545878729a051fbb013ad29f555bcda513fc042ab0", "price_changes": [{"asset_id": "5542614532007770265749679341270880863954738585464835678116801633965769260540", "price": "0.006", "size": "8.27", "side": "SELL", "hash": "15bb129038ffba8b9b81725744b4af82ae7e55aa", "best_bid": "0", "best_ask": "0.001"}, {"asset_id": "60528448360420504680028398572563178874715683732928919912112938542390296521795", "price": "0.994", "size": "8.27", "side": "BUY", "hash": "a8e72da023e6de432d6bfcce2cbd416dffb51b14", "best_bid": "0.999", "best_ask": "1"}], "timestamp": "1769384483869", "event_type": "price_change"}}
{"_local_timestamp": "2026-01-25T23:41:24.957088+00:00", "data": {"market": "0x55ac2fb12bf7f6414e8355545878729a051fbb013ad29f555bcda513fc042ab0", "price_changes": [{"asset_id": "5542614532007770265749679341270880863954738585464835678116801633965769260540", "price": "0.007", "size": "0", "side": "SELL", "hash": "e532e95c539008b0c2c32d9e517e8ced6d7b04a0", "best_bid": "0", "best_ask": "0.001"}, {"asset_id": "60528448360420504680028398572563178874715683732928919912112938542390296521795", "price": "0.993", "size": "0", "side": "BUY", "hash": "f645ebbc7fba6c0bb6cd4863220f4983abe4592c", "best_bid": "0.999", "best_ask": "1"}], "timestamp": "1769384484889", "event_type": "price_change"}}
{"_local_timestamp": "2026-01-25T23:41:25.009132+00:00", "data": {"market": "0x55ac2fb12bf7f6414e8355545878729a051fbb013ad29f555bcda513fc042ab0", "price_changes": [{"asset_id": "5542614532007770265749679341270880863954738585464835678116801633965769260540", "price": "0.005", "size": "5.51", "side": "SELL", "hash": "2c293ab4e043aae47f8855f7d3ffa0e4bb3fb821", "best_bid": "0", "best_ask": "0.001"}, {"asset_id": "60528448360420504680028398572563178874715683732928919912112938542390296521795", "price": "0.995", "size": "5.51", "side": "BUY", "hash": "ebbf3d248a5b76f17ae374d1f6dcd9fe72a0cce1", "best_bid": "0.999", "best_ask": "1"}], "timestamp": "1769384484938", "event_type": "price_change"}}
{"_local_timestamp": "2026-01-25T23:41:25.452922+00:00", "data": {"market": "0x55ac2fb12bf7f6414e8355545878729a051fbb013ad29f555bcda513fc042ab0", "price_changes": [{"asset_id": "5542614532007770265749679341270880863954738585464835678116801633965769260540", "price": "0.006", "size": "0", "side": "SELL", "hash": "95de0f4ba72dc857c921d19abd5054f73f5dec74", "best_bid": "0", "best_ask": "0.001"}, {"asset_id": "60528448360420504680028398572563178874715683732928919912112938542390296521795", "price": "0.994", "size": "0", "side": "BUY", "hash": "b7d5b7306fead42df589b4ad5e6d6ceb264e66f6", "best_bid": "0.999", "best_ask": "1"}], "timestamp": "1769384485389", "event_type": "price_change"}}
{"_local_timestamp": "2026-01-25T23:41:25.688780+00:00", "data": {"market": "0x55ac2fb12bf7f6414e8355545878729a051fbb013ad29f555bcda513fc042ab0", "price_changes": [{"asset_id": "5542614532007770265749679341270880863954738585464835678116801633965769260540", "price": "0.004", "size": "8.27", "side": "SELL", "hash": "6ed7c1e4b3c1db282adfb91bec5408281117bac4", "best_bid": "0", "best_ask": "0.001"}, {"asset_id": "60528448360420504680028398572563178874715683732928919912112938542390296521795", "price": "0.996", "size": "8.27", "side": "BUY", "hash": "c8157a88dca80fc12f6f13d10cadb14691720588", "best_bid": "0.999", "best_ask": "1"}], "timestamp": "1769384485622", "event_type": "price_change"}}
{"_local_timestamp": "2026-01-25T23:41:26.470446+00:00", "data": {"market": "0x55ac2fb12bf7f6414e8355545878729a051fbb013ad29f555bcda513fc042ab0", "price_changes": [{"asset_id": "5542614532007770265749679341270880863954738585464835678116801633965769260540", "price": "0.005", "size": "0", "side": "SELL", "hash": "b7cfca7e5039ba2e0a995962e8233b42834ff9da", "best_bid": "0", "best_ask": "0.001"}, {"asset_id": "60528448360420504680028398572563178874715683732928919912112938542390296521795", "price": "0.995", "size": "0", "side": "BUY", "hash": "1edff8fb53585601f6c202582afb0f80af083e6d", "best_bid": "0.999", "best_ask": "1"}], "timestamp": "1769384486380", "event_type": "price_change"}}
{"_local_timestamp": "2026-01-25T23:41:26.531609+00:00", "data": {"market": "0x55ac2fb12bf7f6414e8355545878729a051fbb013ad29f555bcda513fc042ab0", "price_changes": [{"asset_id": "5542614532007770265749679341270880863954738585464835678116801633965769260540", "price": "0.003", "size": "5.51", "side": "SELL", "hash": "717dff34ae1b974fe4bbb95b08cbc470ee99fc50", "best_bid": "0", "best_ask": "0.001"}, {"asset_id": "60528448360420504680028398572563178874715683732928919912112938542390296521795", "price": "0.997", "size": "5.51", "side": "BUY", "hash": "8534654b0c1ea886febc5261da49587c9e89bec0", "best_bid": "0.999", "best_ask": "1"}], "timestamp": "1769384486441", "event_type": "price_change"}}
{"_local_timestamp": "2026-01-25T23:41:27.051998+00:00", "data": {"market": "0x55ac2fb12bf7f6414e8355545878729a051fbb013ad29f555bcda513fc042ab0", "price_changes": [{"asset_id": "5542614532007770265749679341270880863954738585464835678116801633965769260540", "price": "0.004", "size": "0", "side": "SELL", "hash": "f48222e4df89a0f5a64ede4aac0c538085f109fd", "best_bid": "0", "best_ask": "0.001"}, {"asset_id": "60528448360420504680028398572563178874715683732928919912112938542390296521795", "price": "0.996", "size": "0", "side": "BUY", "hash": "1356b81585620b0ee43480c6c9682ded5a9133a9", "best_bid": "0.999", "best_ask": "1"}], "timestamp": "1769384486971", "event_type": "price_change"}}
{"_local_timestamp": "2026-01-25T23:41:27.266652+00:00", "data": {"market": "0x55ac2fb12bf7f6414e8355545878729a051fbb013ad29f555bcda513fc042ab0", "price_changes": [{"asset_id": "5542614532007770265749679341270880863954738585464835678116801633965769260540", "price": "0.002", "size": "8.27", "side": "SELL", "hash": "ad8a1198699fcf008aa2fd9521c907076c9eb88c", "best_bid": "0", "best_ask": "0.001"}, {"asset_id": "60528448360420504680028398572563178874715683732928919912112938542390296521795", "price": "0.998", "size": "8.27", "side": "BUY", "hash": "21caa3ec83dfc1761ba3036ed537ece5f16f76c8", "best_bid": "0.999", "best_ask": "1"}], "timestamp": "1769384487196", "event_type": "price_change"}}
{"_local_timestamp": "2026-01-25T23:41:27.829404+00:00", "data": {"market": "0x55ac2fb12bf7f6414e8355545878729a051fbb013ad29f555bcda513fc042ab0", "price_changes": [{"asset_id": "5542614532007770265749679341270880863954738585464835678116801633965769260540", "price": "0.003", "size": "0", "side": "SELL", "hash": "d9f9c7bea624f2dac299fcae1787f2d14b605329", "best_bid": "0", "best_ask": "0.001"}, {"asset_id": "60528448360420504680028398572563178874715683732928919912112938542390296521795", "price": "0.997", "size": "0", "side": "BUY", "hash": "4ad3c1e406253c5a68f9aa6bdca79d35e1983918", "best_bid": "0.999", "best_ask": "1"}], "timestamp": "1769384487760", "event_type": "price_change"}}
{"_local_timestamp": "2026-01-25T23:41:27.890128+00:00", "data": {"market": "0x55ac2fb12bf7f6414e8355545878729a051fbb013ad29f555bcda513fc042ab0", "price_changes": [{"asset_id": "5542614532007770265749679341270880863954738585464835678116801633965769260540", "price": "0.007", "size": "5.51", "side": "SELL", "hash": "ca9147fd8eb84b79586d4840b3fe5461f1ec09ec", "best_bid": "0", "best_ask": "0.001"}, {"asset_id": "60528448360420504680028398572563178874715683732928919912112938542390296521795", "price": "0.993", "size": "5.51", "side": "BUY", "hash": "977a43dccddc473c8a3edd73c244e41d856d94a0", "best_bid": "0.999", "best_ask": "1"}], "timestamp": "1769384487815", "event_type": "price_change"}}
{"_local_timestamp": "2026-01-25T23:41:28.173200+00:00", "data": {"market": "0x55ac2fb12bf7f6414e8355545878729a051fbb013ad29f555bcda513fc042ab0", "price_changes": [{"asset_id": "5542614532007770265749679341270880863954738585464835678116801633965769260540", "price": "0.002", "size": "0", "side": "SELL", "hash": "8081ce8d896d0b067e951a1ad98ce1a5ff2148d1", "best_bid": "0", "best_ask": "0.001"}, {"asset_id": "60528448360420504680028398572563178874715683732928919912112938542390296521795", "price": "0.998", "size": "0", "side": "BUY", "hash": "3c2bc72d36d11402cd9db0fb330336d7b643298d", "best_bid": "0.999", "best_ask": "1"}], "timestamp": "1769384488105", "event_type": "price_change"}}
{"_local_timestamp": "2026-01-25T23:41:28.372934+00:00", "data": {"market": "0x55ac2fb12bf7f6414e8355545878729a051fbb013ad29f555bcda513fc042ab0", "price_changes": [{"asset_id": "5542614532007770265749679341270880863954738585464835678116801633965769260540", "price": "0.006", "size": "8.27", "side": "SELL", "hash": "c4e74662b6dde01d1d489f0874143272d787a328", "best_bid": "0", "best_ask": "0.001"}, {"asset_id": "60528448360420504680028398572563178874715683732928919912112938542390296521795", "price": "0.994", "size": "8.27", "side": "BUY", "hash": "921db191e47d379de8f59e929f19dcecde988cbb", "best_bid": "0.999", "best_ask": "1"}], "timestamp": "1769384488310", "event_type": "price_change"}}
{"_local_timestamp": "2026-01-25T23:41:29.443486+00:00", "data": {"market": "0x55ac2fb12bf7f6414e8355545878729a051fbb013ad29f555bcda513fc042ab0", "price_changes": [{"asset_id": "5542614532007770265749679341270880863954738585464835678116801633965769260540", "price": "0.007", "size": "0", "side": "SELL", "hash": "6fc31be8ad9ef40a7d287c5088f76d1636bbfd24", "best_bid": "0", "best_ask": "0.001"}, {"asset_id": "60528448360420504680028398572563178874715683732928919912112938542390296521795", "price": "0.993", "size": "0", "side": "BUY", "hash": "d2883db809530316f3798bfcc80501552ad05ca2", "best_bid": "0.999", "best_ask": "1"}], "timestamp": "1769384489373", "event_type": "price_change"}}
{"_local_timestamp": "2026-01-25T23:41:29.491735+00:00", "data": {"market": "0x55ac2fb12bf7f6414e8355545878729a051fbb013ad29f555bcda513fc042ab0", "price_changes": [{"asset_id": "5542614532007770265749679341270880863954738585464835678116801633965769260540", "price": "0.005", "size": "5.51", "side": "SELL", "hash": "7bfc28c4cecd861b26c7a8f8cf692c4c1bfe8dd6", "best_bid": "0", "best_ask": "0.001"}, {"asset_id": "60528448360420504680028398572563178874715683732928919912112938542390296521795", "price": "0.995", "size": "5.51", "side": "BUY", "hash": "a2a03d4d3fd09755d21fff386ff37acb291f2b07", "best_bid": "0.999", "best_ask": "1"}], "timestamp": "1769384489422", "event_type": "price_change"}}
{"_local_timestamp": "2026-01-25T23:41:29.810787+00:00", "data": {"market": "0x55ac2fb12bf7f6414e8355545878729a051fbb013ad29f555bcda513fc042ab0", "price_changes": [{"asset_id": "5542614532007770265749679341270880863954738585464835678116801633965769260540", "price": "0.006", "size": "0", "side": "SELL", "hash": "675295e9cace76e5ce3ee3c31f314e7c060bbfdd", "best_bid": "0", "best_ask": "0.001"}, {"asset_id": "60528448360420504680028398572563178874715683732928919912112938542390296521795", "price": "0.994", "size": "0", "side": "BUY", "hash": "65f973d79a76b478f25a04633887ef6e8b6e40c0", "best_bid": "0.999", "best_ask": "1"}], "timestamp": "1769384489740", "event_type": "price_change"}}
{"_local_timestamp": "2026-01-25T23:41:30.099141+00:00", "data": {"market": "0x55ac2fb12bf7f6414e8355545878729a051fbb013ad29f555bcda513fc042ab0", "price_changes": [{"asset_id": "5542614532007770265749679341270880863954738585464835678116801633965769260540", "price": "0.004", "size": "8.27", "side": "SELL", "hash": "57723c8f3aafb86e3b8038b52139ad2b35dd24c1", "best_bid": "0", "best_ask": "0.001"}, {"asset_id": "60528448360420504680028398572563178874715683732928919912112938542390296521795", "price": "0.996", "size": "8.27", "side": "BUY", "hash": "513e623fb5843e1f09e68156bf352511ed04a9c4", "best_bid": "0.999", "best_ask": "1"}], "timestamp": "1769384490026", "event_type": "price_change"}}
{"_local_timestamp": "2026-01-25T23:41:30.830239+00:00", "data": {"market": "0x55ac2fb12bf7f6414e8355545878729a051fbb013ad29f555bcda513fc042ab0", "price_changes": [{"asset_id": "5542614532007770265749679341270880863954738585464835678116801633965769260540", "price": "0.005", "size": "0", "side": "SELL", "hash": "65ee659b17d2eaee48441f68fbda9856a92826ab", "best_bid": "0", "best_ask": "0.001"}, {"asset_id": "60528448360420504680028398572563178874715683732928919912112938542390296521795", "price": "0.995", "size": "0", "side": "BUY", "hash": "95b31b2e0ad531d2ba16e18acf0338fea71d81a9", "best_bid": "0.999", "best_ask": "1"}], "timestamp": "1769384490758", "event_type": "price_change"}}
{"_local_timestamp": "2026-01-25T23:41:30.880897+00:00", "data": {"market": "0x55ac2fb12bf7f6414e8355545878729a051fbb013ad29f555bcda513fc042ab0", "price_changes": [{"asset_id": "5542614532007770265749679341270880863954738585464835678116801633965769260540", "price": "0.003", "size": "5.51", "side": "SELL", "hash": "d21e2d7ca314517f9ecd3daf4534def73c28869f", "best_bid": "0", "best_ask": "0.001"}, {"asset_id": "60528448360420504680028398572563178874715683732928919912112938542390296521795", "price": "0.997", "size": "5.51", "side": "BUY", "hash": "47e19cee3fa93963da205a4541e232651d98ffce", "best_bid": "0.999", "best_ask": "1"}], "timestamp": "1769384490809", "event_type": "price_change"}}
{"_local_timestamp": "2026-01-25T23:41:31.371053+00:00", "data": {"market": "0x55ac2fb12bf7f6414e8355545878729a051fbb013ad29f555bcda513fc042ab0", "price_changes": [{"asset_id": "5542614532007770265749679341270880863954738585464835678116801633965769260540", "price": "0.004", "size": "0", "side": "SELL", "hash": "253401ea1914b223eb1b14cfd092c20cd5095b22", "best_bid": "0", "best_ask": "0.001"}, {"asset_id": "60528448360420504680028398572563178874715683732928919912112938542390296521795", "price": "0.996", "size": "0", "side": "BUY", "hash": "6b96149bd49676eb728d401562091e08bb748da6", "best_bid": "0.999", "best_ask": "1"}], "timestamp": "1769384491301", "event_type": "price_change"}}
{"_local_timestamp": "2026-01-25T23:41:31.667892+00:00", "data": {"market": "0x55ac2fb12bf7f6414e8355545878729a051fbb013ad29f555bcda513fc042ab0", "price_changes": [{"asset_id": "5542614532007770265749679341270880863954738585464835678116801633965769260540", "price": "0.002", "size": "8.27", "side": "SELL", "hash": "d07a831d0d06090bfb144a6c23464e961e9e3865", "best_bid": "0", "best_ask": "0.001"}, {"asset_id": "60528448360420504680028398572563178874715683732928919912112938542390296521795", "price": "0.998", "size": "8.27", "side": "BUY", "hash": "ba6154694a1db79480d6487210cffd6fa0715c35", "best_bid": "0.999", "best_ask": "1"}], "timestamp": "1769384491600", "event_type": "price_change"}}
{"_local_timestamp": "2026-01-25T23:41:34.060320+00:00", "data": {"market": "0x55ac2fb12bf7f6414e8355545878729a051fbb013ad29f555bcda513fc042ab0", "price_changes": [{"asset_id": "5542614532007770265749679341270880863954738585464835678116801633965769260540", "price": "0.003", "size": "0", "side": "SELL", "hash": "6bba868bd3b870964cc0ef4d1519f16dc19df3a2", "best_bid": "0", "best_ask": "0.001"}, {"asset_id": "60528448360420504680028398572563178874715683732928919912112938542390296521795", "price": "0.997", "size": "0", "side": "BUY", "hash": "73c2cfb9d9ab538507ecf6330cd998f385b25291", "best_bid": "0.999", "best_ask": "1"}], "timestamp": "1769384493991", "event_type": "price_change"}}
{"_local_timestamp": "2026-01-25T23:41:34.109552+00:00", "data": {"market": "0x55ac2fb12bf7f6414e8355545878729a051fbb013ad29f555bcda513fc042ab0", "price_changes": [{"asset_id": "5542614532007770265749679341270880863954738585464835678116801633965769260540", "price": "0.007", "size": "5.51", "side": "SELL", "hash": "0c84cf8dae571df422c61fc75073bbbf6277f2bf", "best_bid": "0", "best_ask": "0.001"}, {"asset_id": "60528448360420504680028398572563178874715683732928919912112938542390296521795", "price": "0.993", "size": "5.51", "side": "BUY", "hash": "325c6523b8eecb2ef424e039710e99315e193a5e", "best_bid": "0.999", "best_ask": "1"}], "timestamp": "1769384494042", "event_type": "price_change"}}
{"_local_timestamp": "2026-01-25T23:41:34.411531+00:00", "data": {"market": "0x55ac2fb12bf7f6414e8355545878729a051fbb013ad29f555bcda513fc042ab0", "price_changes": [{"asset_id": "5542614532007770265749679341270880863954738585464835678116801633965769260540", "price": "0.002", "size": "0", "side": "SELL", "hash": "1749e504daf572e54916a055a124fba591fc6458", "best_bid": "0", "best_ask": "0.001"}, {"asset_id": "60528448360420504680028398572563178874715683732928919912112938542390296521795", "price": "0.998", "size": "0", "side": "BUY", "hash": "b2e1a66c0e2ad2b54920518474561cd420793a44", "best_bid": "0.999", "best_ask": "1"}], "timestamp": "1769384494337", "event_type": "price_change"}}
{"_local_timestamp": "2026-01-25T23:41:34.842971+00:00", "data": {"market": "0x55ac2fb12bf7f6414e8355545878729a051fbb013ad29f555bcda513fc042ab0", "price_changes": [{"asset_id": "5542614532007770265749679341270880863954738585464835678116801633965769260540", "price": "0.006", "size": "8.27", "side": "SELL", "hash": "7262ea1bafb47439944b26b590055d0b81c9a9e5", "best_bid": "0", "best_ask": "0.001"}, {"asset_id": "60528448360420504680028398572563178874715683732928919912112938542390296521795", "price": "0.994", "size": "8.27", "side": "BUY", "hash": "ab2e951e438da8ef1fe26703bc59d2cd772729b3", "best_bid": "0.999", "best_ask": "1"}], "timestamp": "1769384494773", "event_type": "price_change"}}
{"_local_timestamp": "2026-01-25T23:41:35.654527+00:00", "data": {"market": "0x55ac2fb12bf7f6414e8355545878729a051fbb013ad29f555bcda513fc042ab0", "price_changes": [{"asset_id": "5542614532007770265749679341270880863954738585464835678116801633965769260540", "price": "0.007", "size": "0", "side": "SELL", "hash": "20ef43faee5ff90fc12f112b8b670ab7726b7c48", "best_bid": "0", "best_ask": "0.001"}, {"asset_id": "60528448360420504680028398572563178874715683732928919912112938542390296521795", "price": "0.993", "size": "0", "side": "BUY", "hash": "470abe970ce41759a13ab0d7b0fc9949ba99da71", "best_bid": "0.999", "best_ask": "1"}], "timestamp": "1769384495582", "event_type": "price_change"}}
{"_local_timestamp": "2026-01-25T23:41:35.700706+00:00", "data": {"market": "0x55ac2fb12bf7f6414e8355545878729a051fbb013ad29f555bcda513fc042ab0", "price_changes": [{"asset_id": "5542614532007770265749679341270880863954738585464835678116801633965769260540", "price": "0.005", "size": "5.51", "side": "SELL", "hash": "f3976d3f2c1075085eaa06a5a81ed8c9f43d2d4c", "best_bid": "0", "best_ask": "0.001"}, {"asset_id": "60528448360420504680028398572563178874715683732928919912112938542390296521795", "price": "0.995", "size": "5.51", "side": "BUY", "hash": "9e030a7762e6f2ca799257bb8781a94a040406de", "best_bid": "0.999", "best_ask": "1"}], "timestamp": "1769384495631", "event_type": "price_change"}}
{"_local_timestamp": "2026-01-25T23:41:35.990551+00:00", "data": {"market": "0x55ac2fb12bf7f6414e8355545878729a051fbb013ad29f555bcda513fc042ab0", "price_changes": [{"asset_id": "5542614532007770265749679341270880863954738585464835678116801633965769260540", "price": "0.006", "size": "0", "side": "SELL", "hash": "89b582449904d8f467ae77af8d1aba6bce83cdcb", "best_bid": "0", "best_ask": "0.001"}, {"asset_id": "60528448360420504680028398572563178874715683732928919912112938542390296521795", "price": "0.994", "size": "0", "side": "BUY", "hash": "27b83e0a72f76038ed51002af133ece1dc5bc690", "best_bid": "0.999", "best_ask": "1"}], "timestamp": "1769384495911", "event_type": "price_change"}}
{"_local_timestamp": "2026-01-25T23:41:36.287438+00:00", "data": {"market": "0x55ac2fb12bf7f6414e8355545878729a051fbb013ad29f555bcda513fc042ab0", "price_changes": [{"asset_id": "5542614532007770265749679341270880863954738585464835678116801633965769260540", "price": "0.004", "size": "8.27", "side": "SELL", "hash": "1aebeb7a7e54744cc65b673ab4b802e7cd18abff", "best_bid": "0", "best_ask": "0.001"}, {"asset_id": "60528448360420504680028398572563178874715683732928919912112938542390296521795", "price": "0.996", "size": "8.27", "side": "BUY", "hash": "611a33dcc1c229cb50c384320053528ee59658e5", "best_bid": "0.999", "best_ask": "1"}], "timestamp": "1769384496216", "event_type": "price_change"}}
{"_local_timestamp": "2026-01-25T23:41:37.105791+00:00", "data": {"market": "0x55ac2fb12bf7f6414e8355545878729a051fbb013ad29f555bcda513fc042ab0", "price_changes": [{"asset_id": "5542614532007770265749679341270880863954738585464835678116801633965769260540", "price": "0.005", "size": "0", "side": "SELL", "hash": "071ce6502c0d2f0f55dbf5094422d6fd12f2f144", "best_bid": "0", "best_ask": "0.001"}, {"asset_id": "60528448360420504680028398572563178874715683732928919912112938542390296521795", "price": "0.995", "size": "0", "side": "BUY", "hash": "d282346324799fb5bae18d3e50e693bdf1c732e4", "best_bid": "0.999", "best_ask": "1"}], "timestamp": "1769384497004", "event_type": "price_change"}}
{"_local_timestamp": "2026-01-25T23:41:37.137164+00:00", "data": {"market": "0x55ac2fb12bf7f6414e8355545878729a051fbb013ad29f555bcda513fc042ab0", "price_changes": [{"asset_id": "5542614532007770265749679341270880863954738585464835678116801633965769260540", "price": "0.003", "size": "5.51", "side": "SELL", "hash": "78555d36554ab91f572a08ba1be82fe370b36eb8", "best_bid": "0", "best_ask": "0.001"}, {"asset_id": "60528448360420504680028398572563178874715683732928919912112938542390296521795", "price": "0.997", "size": "5.51", "side": "BUY", "hash": "794cc2222828732d9c0f98317d0b8fa65256ed30", "best_bid": "0.999", "best_ask": "1"}], "timestamp": "1769384497055", "event_type": "price_change"}}
{"_local_timestamp": "2026-01-25T23:41:37.291571+00:00", "data": {"market": "0x55ac2fb12bf7f6414e8355545878729a051fbb013ad29f555bcda513fc042ab0", "price_changes": [{"asset_id": "5542614532007770265749679341270880863954738585464835678116801633965769260540", "price": "0.004", "size": "0", "side": "SELL", "hash": "6e0c92ba0d4bf3415a14910e410b642d49085b2c", "best_bid": "0", "best_ask": "0.001"}, {"asset_id": "60528448360420504680028398572563178874715683732928919912112938542390296521795", "price": "0.996", "size": "0", "side": "BUY", "hash": "f11ff763767a14b71b81b616fcd8251da3a4c3e8", "best_bid": "0.999", "best_ask": "1"}], "timestamp": "1769384497221", "event_type": "price_change"}}
{"_local_timestamp": "2026-01-25T23:41:37.563223+00:00", "data": {"market": "0x55ac2fb12bf7f6414e8355545878729a051fbb013ad29f555bcda513fc042ab0", "price_changes": [{"asset_id": "5542614532007770265749679341270880863954738585464835678116801633965769260540", "price": "0.002", "size": "8.27", "side": "SELL", "hash": "a95b81e43b262219ed09ccea6db4a7ece2272c31", "best_bid": "0", "best_ask": "0.001"}, {"asset_id": "60528448360420504680028398572563178874715683732928919912112938542390296521795", "price": "0.998", "size": "8.27", "side": "BUY", "hash": "f99209bfacf64511930add917d9464f3f7999f35", "best_bid": "0.999", "best_ask": "1"}], "timestamp": "1769384497497", "event_type": "price_change"}}
{"_local_timestamp": "2026-01-25T23:41:38.769096+00:00", "data": {"market": "0x55ac2fb12bf7f6414e8355545878729a051fbb013ad29f555bcda513fc042ab0", "price_changes": [{"asset_id": "5542614532007770265749679341270880863954738585464835678116801633965769260540", "price": "0.003", "size": "0", "side": "SELL", "hash": "3e24fc9faf804b28360ddf0d2c699792416f1f99", "best_bid": "0", "best_ask": "0.001"}, {"asset_id": "60528448360420504680028398572563178874715683732928919912112938542390296521795", "price": "0.997", "size": "0", "side": "BUY", "hash": "f6d8cb53573a85ba2aba7d00760c5a2513e276c4", "best_bid": "0.999", "best_ask": "1"}], "timestamp": "1769384498685", "event_type": "price_change"}}
{"_local_timestamp": "2026-01-25T23:41:38.819263+00:00", "data": {"market": "0x55ac2fb12bf7f6414e8355545878729a051fbb013ad29f555bcda513fc042ab0", "price_changes": [{"asset_id": "5542614532007770265749679341270880863954738585464835678116801633965769260540", "price": "0.007", "size": "5.51", "side": "SELL", "hash": "cebc6eee1db3439ae6aaf02dabde215e1f4fdfd8", "best_bid": "0", "best_ask": "0.001"}, {"asset_id": "60528448360420504680028398572563178874715683732928919912112938542390296521795", "price": "0.993", "size": "5.51", "side": "BUY", "hash": "0bcc5dccebe2ef574cc35d4fa04774f67fb0ac1e", "best_bid": "0.999", "best_ask": "1"}], "timestamp": "1769384498748", "event_type": "price_change"}}
{"_local_timestamp": "2026-01-25T23:41:39.291439+00:00", "data": {"market": "0x55ac2fb12bf7f6414e8355545878729a051fbb013ad29f555bcda513fc042ab0", "price_changes": [{"asset_id": "5542614532007770265749679341270880863954738585464835678116801633965769260540", "price": "0.002", "size": "0", "side": "SELL", "hash": "aa6c6dcb9a45390306f559f97cbfa05c679480e7", "best_bid": "0", "best_ask": "0.001"}, {"asset_id": "60528448360420504680028398572563178874715683732928919912112938542390296521795", "price": "0.998", "size": "0", "side": "BUY", "hash": "dc6d36bfaf465ace5421b1c9153a5b2cac23be9a", "best_bid": "0.999", "best_ask": "1"}], "timestamp": "1769384499221", "event_type": "price_change"}}
{"_local_timestamp": "2026-01-25T23:41:39.576765+00:00", "data": {"market": "0x55ac2fb12bf7f6414e8355545878729a051fbb013ad29f555bcda513fc042ab0", "price_changes": [{"asset_id": "5542614532007770265749679341270880863954738585464835678116801633965769260540", "price": "0.006", "size": "8.27", "side": "SELL", "hash": "78917e75f228318d949ce12d42cb8c9ad7144dab", "best_bid": "0", "best_ask": "0.001"}, {"asset_id": "60528448360420504680028398572563178874715683732928919912112938542390296521795", "price": "0.994", "size": "8.27", "side": "BUY", "hash": "0060dbdedc2380d4215a1955460da5cab53e5ca6", "best_bid": "0.999", "best_ask": "1"}], "timestamp": "1769384499497", "event_type": "price_change"}}
{"_local_timestamp": "2026-01-25T23:41:40.198164+00:00", "data": {"market": "0x55ac2fb12bf7f6414e8355545878729a051fbb013ad29f555bcda513fc042ab0", "price_changes": [{"asset_id": "5542614532007770265749679341270880863954738585464835678116801633965769260540", "price": "0.007", "size": "0", "side": "SELL", "hash": "7e3ea9d65f7cedc94be60ee24d573a5594d71f28", "best_bid": "0", "best_ask": "0.001"}, {"asset_id": "60528448360420504680028398572563178874715683732928919912112938542390296521795", "price": "0.993", "size": "0", "side": "BUY", "hash": "b517dda4a4774ca3d1bd710bcfb32794a87f2358", "best_bid": "0.999", "best_ask": "1"}], "timestamp": "1769384500122", "event_type": "price_change"}}
{"_local_timestamp": "2026-01-25T23:41:40.295950+00:00", "data": {"market": "0x55ac2fb12bf7f6414e8355545878729a051fbb013ad29f555bcda513fc042ab0", "price_changes": [{"asset_id": "5542614532007770265749679341270880863954738585464835678116801633965769260540", "price": "0.005", "size": "5.51", "side": "SELL", "hash": "ddb5251af25d5e542e633f6c3df1350742be9a71", "best_bid": "0", "best_ask": "0.001"}, {"asset_id": "60528448360420504680028398572563178874715683732928919912112938542390296521795", "price": "0.995", "size": "5.51", "side": "BUY", "hash": "3e5a918dada827d0a4794f9197692d2af77bc980", "best_bid": "0.999", "best_ask": "1"}], "timestamp": "1769384500187", "event_type": "price_change"}}
{"_local_timestamp": "2026-01-25T23:41:40.456678+00:00", "data": {"market": "0x55ac2fb12bf7f6414e8355545878729a051fbb013ad29f555bcda513fc042ab0", "price_changes": [{"asset_id": "5542614532007770265749679341270880863954738585464835678116801633965769260540", "price": "0.006", "size": "0", "side": "SELL", "hash": "bfee92eaa3f25e83b0b7d7e3588d8027668d17c1", "best_bid": "0", "best_ask": "0.001"}, {"asset_id": "60528448360420504680028398572563178874715683732928919912112938542390296521795", "price": "0.994", "size": "0", "side": "BUY", "hash": "44a341316d564654b9f24f6a199b06c7986167c9", "best_bid": "0.999", "best_ask": "1"}], "timestamp": "1769384500353", "event_type": "price_change"}}
{"_local_timestamp": "2026-01-25T23:41:40.664728+00:00", "data": {"market": "0x55ac2fb12bf7f6414e8355545878729a051fbb013ad29f555bcda513fc042ab0", "price_changes": [{"asset_id": "5542614532007770265749679341270880863954738585464835678116801633965769260540", "price": "0.004", "size": "8.27", "side": "SELL", "hash": "37b8b191b148baabae3b990b190f9d4bd50ce8b5", "best_bid": "0", "best_ask": "0.001"}, {"asset_id": "60528448360420504680028398572563178874715683732928919912112938542390296521795", "price": "0.996", "size": "8.27", "side": "BUY", "hash": "42ca905ae179a44de0a05775be50d8b23235dd64", "best_bid": "0.999", "best_ask": "1"}], "timestamp": "1769384500596", "event_type": "price_change"}}
{"_local_timestamp": "2026-01-25T23:41:41.658715+00:00", "data": {"market": "0x55ac2fb12bf7f6414e8355545878729a051fbb013ad29f555bcda513fc042ab0", "price_changes": [{"asset_id": "5542614532007770265749679341270880863954738585464835678116801633965769260540", "price": "0.005", "size": "0", "side": "SELL", "hash": "e8111865c1da95a7905eba95c10b1bbcfc2274d7", "best_bid": "0", "best_ask": "0.001"}, {"asset_id": "60528448360420504680028398572563178874715683732928919912112938542390296521795", "price": "0.995", "size": "0", "side": "BUY", "hash": "6a5204ba0e3bfc536bd45ce8646782bc94df8cfc", "best_bid": "0.999", "best_ask": "1"}], "timestamp": "1769384501590", "event_type": "price_change"}}
{"_local_timestamp": "2026-01-25T23:41:41.715511+00:00", "data": {"market": "0x55ac2fb12bf7f6414e8355545878729a051fbb013ad29f555bcda513fc042ab0", "price_changes": [{"asset_id": "5542614532007770265749679341270880863954738585464835678116801633965769260540", "price": "0.003", "size": "5.51", "side": "SELL", "hash": "4af9fd1878ae7a4ec619c9acd63f38e814e7f9b4", "best_bid": "0", "best_ask": "0.001"}, {"asset_id": "60528448360420504680028398572563178874715683732928919912112938542390296521795", "price": "0.997", "size": "5.51", "side": "BUY", "hash": "f6c53fe439e1c1092bfa17be64cc1d60bdef6a7b", "best_bid": "0.999", "best_ask": "1"}], "timestamp": "1769384501649", "event_type": "price_change"}}
{"_local_timestamp": "2026-01-25T23:41:42.134633+00:00", "data": {"market": "0x55ac2fb12bf7f6414e8355545878729a051fbb013ad29f555bcda513fc042ab0", "price_changes": [{"asset_id": "5542614532007770265749679341270880863954738585464835678116801633965769260540", "price": "0.004", "size": "0", "side": "SELL", "hash": "51b19da37be27c81080896b3120b321959cb21a2", "best_bid": "0", "best_ask": "0.001"}, {"asset_id": "60528448360420504680028398572563178874715683732928919912112938542390296521795", "price": "0.996", "size": "0", "side": "BUY", "hash": "1be571ce466997880bad1a5fe57b4952d7748ee0", "best_bid": "0.999", "best_ask": "1"}], "timestamp": "1769384502065", "event_type": "price_change"}}
{"_local_timestamp": "2026-01-25T23:41:42.356786+00:00", "data": {"market": "0x55ac2fb12bf7f6414e8355545878729a051fbb013ad29f555bcda513fc042ab0", "price_changes": [{"asset_id": "5542614532007770265749679341270880863954738585464835678116801633965769260540", "price": "0.002", "size": "8.27", "side": "SELL", "hash": "3d6ac88ea065d32ffdd314ebb5af1a07eff24f15", "best_bid": "0", "best_ask": "0.001"}, {"asset_id": "60528448360420504680028398572563178874715683732928919912112938542390296521795", "price": "0.998", "size": "8.27", "side": "BUY", "hash": "bec7300931799a39f3d5016c6a3a496aa99bb792", "best_bid": "0.999", "best_ask": "1"}], "timestamp": "1769384502289", "event_type": "price_change"}}
{"_local_timestamp": "2026-01-25T23:41:43.039737+00:00", "data": {"market": "0x55ac2fb12bf7f6414e8355545878729a051fbb013ad29f555bcda513fc042ab0", "price_changes": [{"asset_id": "5542614532007770265749679341270880863954738585464835678116801633965769260540", "price": "0.003", "size": "0", "side": "SELL", "hash": "50dc22f05252df2e1c275eec310246c455479ec2", "best_bid": "0", "best_ask": "0.001"}, {"asset_id": "60528448360420504680028398572563178874715683732928919912112938542390296521795", "price": "0.997", "size": "0", "side": "BUY", "hash": "c4610311892693ef5b9a960f046047501e394271", "best_bid": "0.999", "best_ask": "1"}], "timestamp": "1769384502969", "event_type": "price_change"}}
{"_local_timestamp": "2026-01-25T23:41:43.119019+00:00", "data": {"market": "0x55ac2fb12bf7f6414e8355545878729a051fbb013ad29f555bcda513fc042ab0", "price_changes": [{"asset_id": "5542614532007770265749679341270880863954738585464835678116801633965769260540", "price": "0.007", "size": "5.51", "side": "SELL", "hash": "098cf97df521ddf3bd5356306c4747b5bc58208e", "best_bid": "0", "best_ask": "0.001"}, {"asset_id": "60528448360420504680028398572563178874715683732928919912112938542390296521795", "price": "0.993", "size": "5.51", "side": "BUY", "hash": "a4310cfe04208c0c0c13c4523f4289e03c60c448", "best_bid": "0.999", "best_ask": "1"}], "timestamp": "1769384503042", "event_type": "price_change"}}
{"_local_timestamp": "2026-01-25T23:41:43.277463+00:00", "data": {"market": "0x55ac2fb12bf7f6414e8355545878729a051fbb013ad29f555bcda513fc042ab0", "price_changes": [{"asset_id": "5542614532007770265749679341270880863954738585464835678116801633965769260540", "price": "0.002", "size": "0", "side": "SELL", "hash": "42153126074faee9b29356b353c0457dcdb354ec", "best_bid": "0", "best_ask": "0.001"}, {"asset_id": "60528448360420504680028398572563178874715683732928919912112938542390296521795", "price": "0.998", "size": "0", "side": "BUY", "hash": "9e94f5f9f6d80da1bb96409eb2fd94228fb31dae", "best_bid": "0.999", "best_ask": "1"}], "timestamp": "1769384503215", "event_type": "price_change"}}
{"_local_timestamp": "2026-01-25T23:41:43.476069+00:00", "data": {"market": "0x55ac2fb12bf7f6414e8355545878729a051fbb013ad29f555bcda513fc042ab0", "price_changes": [{"asset_id": "5542614532007770265749679341270880863954738585464835678116801633965769260540", "price": "0.006", "size": "8.27", "side": "SELL", "hash": "ce0f3d959c6ab4e7512faa5ce1ee059678269184", "best_bid": "0", "best_ask": "0.001"}, {"asset_id": "60528448360420504680028398572563178874715683732928919912112938542390296521795", "price": "0.994", "size": "8.27", "side": "BUY", "hash": "2bc99bc44fbfc0605f68c693e516169801db58f6", "best_bid": "0.999", "best_ask": "1"}], "timestamp": "1769384503404", "event_type": "price_change"}}
{"_local_timestamp": "2026-01-25T23:41:44.716617+00:00", "data": {"market": "0x55ac2fb12bf7f6414e8355545878729a051fbb013ad29f555bcda513fc042ab0", "price_changes": [{"asset_id": "5542614532007770265749679341270880863954738585464835678116801633965769260540", "price": "0.007", "size": "0", "side": "SELL", "hash": "df9050b3ac05c3ab3a1a37dbf38773c1e68e4f1d", "best_bid": "0", "best_ask": "0.001"}, {"asset_id": "60528448360420504680028398572563178874715683732928919912112938542390296521795", "price": "0.993", "size": "0", "side": "BUY", "hash": "a0d9afcbfe4d75215fd3c2c99cc9530e77630f20", "best_bid": "0.999", "best_ask": "1"}], "timestamp": "1769384504640", "event_type": "price_change"}}
{"_local_timestamp": "2026-01-25T23:41:44.769513+00:00", "data": {"market": "0x55ac2fb12bf7f6414e8355545878729a051fbb013ad29f555bcda513fc042ab0", "price_changes": [{"asset_id": "5542614532007770265749679341270880863954738585464835678116801633965769260540", "price": "0.005", "size": "5.51", "side": "SELL", "hash": "4f1c82aca593c858c7d49e4c614db4aa95ad6afc", "best_bid": "0", "best_ask": "0.001"}, {"asset_id": "60528448360420504680028398572563178874715683732928919912112938542390296521795", "price": "0.995", "size": "5.51", "side": "BUY", "hash": "a8c1159710e7a6d5e3b2d1b40289f150bb3b9645", "best_bid": "0.999", "best_ask": "1"}], "timestamp": "1769384504702", "event_type": "price_change"}}
{"_local_timestamp": "2026-01-25T23:41:44.950045+00:00", "data": {"market": "0x55ac2fb12bf7f6414e8355545878729a051fbb013ad29f555bcda513fc042ab0", "price_changes": [{"asset_id": "5542614532007770265749679341270880863954738585464835678116801633965769260540", "price": "0.006", "size": "0", "side": "SELL", "hash": "87696eca8be82c645725fd132701f34380aa9670", "best_bid": "0", "best_ask": "0.001"}, {"asset_id": "60528448360420504680028398572563178874715683732928919912112938542390296521795", "price": "0.994", "size": "0", "side": "BUY", "hash": "696903f88441c47bdac6bb124c5f2d4367ab6246", "best_bid": "0.999", "best_ask": "1"}], "timestamp": "1769384504886", "event_type": "price_change"}}
{"_local_timestamp": "2026-01-25T23:41:45.256197+00:00", "data": {"market": "0x55ac2fb12bf7f6414e8355545878729a051fbb013ad29f555bcda513fc042ab0", "price_changes": [{"asset_id": "5542614532007770265749679341270880863954738585464835678116801633965769260540", "price": "0.004", "size": "8.27", "side": "SELL", "hash": "605ab303d3e64a569b0e79f87e0f3e5a31352c81", "best_bid": "0", "best_ask": "0.001"}, {"asset_id": "60528448360420504680028398572563178874715683732928919912112938542390296521795", "price": "0.996", "size": "8.27", "side": "BUY", "hash": "d7a9fe982f3f8b4c402b3003479c2f9cb67c3a96", "best_bid": "0.999", "best_ask": "1"}], "timestamp": "1769384505190", "event_type": "price_change"}}
{"_local_timestamp": "2026-01-25T23:41:46.143532+00:00", "data": {"market": "0x55ac2fb12bf7f6414e8355545878729a051fbb013ad29f555bcda513fc042ab0", "price_changes": [{"asset_id": "5542614532007770265749679341270880863954738585464835678116801633965769260540", "price": "0.005", "size": "0", "side": "SELL", "hash": "038fd10d450b4253060a33e964c312abdf17bb1f", "best_bid": "0", "best_ask": "0.001"}, {"asset_id": "60528448360420504680028398572563178874715683732928919912112938542390296521795", "price": "0.995", "size": "0", "side": "BUY", "hash": "a7842a4d153570c698e0b71ec5599d8404faa943", "best_bid": "0.999", "best_ask": "1"}], "timestamp": "1769384506060", "event_type": "price_change"}}
{"_local_timestamp": "2026-01-25T23:41:46.198909+00:00", "data": {"market": "0x55ac2fb12bf7f6414e8355545878729a051fbb013ad29f555bcda513fc042ab0", "price_changes": [{"asset_id": "5542614532007770265749679341270880863954738585464835678116801633965769260540", "price": "0.003", "size": "5.51", "side": "SELL", "hash": "eb289c7b9c35a6b06e80c47e164a4b4f327d0493", "best_bid": "0", "best_ask": "0.001"}, {"asset_id": "60528448360420504680028398572563178874715683732928919912112938542390296521795", "price": "0.997", "size": "5.51", "side": "BUY", "hash": "79c7ef6fcc156ce5a9c5debccc0796909a3ddc18", "best_bid": "0.999", "best_ask": "1"}], "timestamp": "1769384506128", "event_type": "price_change"}}
{"_local_timestamp": "2026-01-25T23:41:46.818562+00:00", "data": {"market": "0x55ac2fb12bf7f6414e8355545878729a051fbb013ad29f555bcda513fc042ab0", "price_changes": [{"asset_id": "5542614532007770265749679341270880863954738585464835678116801633965769260540", "price": "0.004", "size": "0", "side": "SELL", "hash": "d54d30646c15e87a6eca13892ef97955c3492018", "best_bid": "0", "best_ask": "0.001"}, {"asset_id": "60528448360420504680028398572563178874715683732928919912112938542390296521795", "price": "0.996", "size": "0", "side": "BUY", "hash": "175c5918ddc6e26995971110c983d7e73bbc10e5", "best_bid": "0.999", "best_ask": "1"}], "timestamp": "1769384506755", "event_type": "price_change"}}
{"_local_timestamp": "2026-01-25T23:41:47.059056+00:00", "data": {"market": "0x55ac2fb12bf7f6414e8355545878729a051fbb013ad29f555bcda513fc042ab0", "price_changes": [{"asset_id": "5542614532007770265749679341270880863954738585464835678116801633965769260540", "price": "0.002", "size": "8.27", "side": "SELL", "hash": "4aab7b0fdba0d6c8d7efb3e0c4d69fef3b9e6fb8", "best_bid": "0", "best_ask": "0.001"}, {"asset_id": "60528448360420504680028398572563178874715683732928919912112938542390296521795", "price": "0.998", "size": "8.27", "side": "BUY", "hash": "6edb0de8acdbbaf50d9fe263bdea30b49213999c", "best_bid": "0.999", "best_ask": "1"}], "timestamp": "1769384506994", "event_type": "price_change"}}
{"_local_timestamp": "2026-01-25T23:41:49.411947+00:00", "data": {"market": "0x55ac2fb12bf7f6414e8355545878729a051fbb013ad29f555bcda513fc042ab0", "price_changes": [{"asset_id": "5542614532007770265749679341270880863954738585464835678116801633965769260540", "price": "0.003", "size": "0", "side": "SELL", "hash": "54a1d370117c2f7ce55ea41809dda701090d673e", "best_bid": "0", "best_ask": "0.001"}, {"asset_id": "60528448360420504680028398572563178874715683732928919912112938542390296521795", "price": "0.997", "size": "0", "side": "BUY", "hash": "d5949b3975fd0a465aa540bfb4fc5a54322bcc27", "best_bid": "0.999", "best_ask": "1"}], "timestamp": "1769384509334", "event_type": "price_change"}}
{"_local_timestamp": "2026-01-25T23:41:49.479423+00:00", "data": {"market": "0x55ac2fb12bf7f6414e8355545878729a051fbb013ad29f555bcda513fc042ab0", "price_changes": [{"asset_id": "5542614532007770265749679341270880863954738585464835678116801633965769260540", "price": "0.007", "size": "5.51", "side": "SELL", "hash": "2132651a4e63aa3e8af90e401e0e31cd9081619f", "best_bid": "0", "best_ask": "0.001"}, {"asset_id": "60528448360420504680028398572563178874715683732928919912112938542390296521795", "price": "0.993", "size": "5.51", "side": "BUY", "hash": "b23e0dc715ecc75e9f36fb46f26adf2d9f48e3a1", "best_bid": "0.999", "best_ask": "1"}], "timestamp": "1769384509404", "event_type": "price_change"}}
{"_local_timestamp": "2026-01-25T23:41:49.846147+00:00", "data": {"market": "0x55ac2fb12bf7f6414e8355545878729a051fbb013ad29f555bcda513fc042ab0", "price_changes": [{"asset_id": "5542614532007770265749679341270880863954738585464835678116801633965769260540", "price": "0.002", "size": "0", "side": "SELL", "hash": "7b934a68c44af0b1bf1c33514a8f7b70f67ccad5", "best_bid": "0", "best_ask": "0.001"}, {"asset_id": "60528448360420504680028398572563178874715683732928919912112938542390296521795", "price": "0.998", "size": "0", "side": "BUY", "hash": "c0c6d95db2ff539b3270414a04f6307d5ceec23e", "best_bid": "0.999", "best_ask": "1"}], "timestamp": "1769384509745", "event_type": "price_change"}}
{"_local_timestamp": "2026-01-25T23:41:50.051446+00:00", "data": {"market": "0x55ac2fb12bf7f6414e8355545878729a051fbb013ad29f555bcda513fc042ab0", "price_changes": [{"asset_id": "5542614532007770265749679341270880863954738585464835678116801633965769260540", "price": "0.006", "size": "8.27", "side": "SELL", "hash": "b4b9abddd773b338de96bda5741d3053478f6693", "best_bid": "0", "best_ask": "0.001"}, {"asset_id": "60528448360420504680028398572563178874715683732928919912112938542390296521795", "price": "0.994", "size": "8.27", "side": "BUY", "hash": "4c2799db70a41cc0dcceb14a8f16415cda195722", "best_bid": "0.999", "best_ask": "1"}], "timestamp": "1769384509988", "event_type": "price_change"}}
{"_local_timestamp": "2026-01-25T23:41:52.420695+00:00", "data": {"market": "0x55ac2fb12bf7f6414e8355545878729a051fbb013ad29f555bcda513fc042ab0", "price_changes": [{"asset_id": "5542614532007770265749679341270880863954738585464835678116801633965769260540", "price": "0.007", "size": "0", "side": "SELL", "hash": "57c970f8ea35d3358d8d39c2bfecfbcd5efe9beb", "best_bid": "0", "best_ask": "0.001"}, {"asset_id": "60528448360420504680028398572563178874715683732928919912112938542390296521795", "price": "0.993", "size": "0", "side": "BUY", "hash": "912663df98c13db0e6631095b646ec9360af24e5", "best_bid": "0.999", "best_ask": "1"}], "timestamp": "1769384512342", "event_type": "price_change"}}
{"_local_timestamp": "2026-01-25T23:41:52.462580+00:00", "data": {"market": "0x55ac2fb12bf7f6414e8355545878729a051fbb013ad29f555bcda513fc042ab0", "price_changes": [{"asset_id": "5542614532007770265749679341270880863954738585464835678116801633965769260540", "price": "0.005", "size": "5.51", "side": "SELL", "hash": "be88221cc9adba322138443b4ca3fea202070470", "best_bid": "0", "best_ask": "0.001"}, {"asset_id": "60528448360420504680028398572563178874715683732928919912112938542390296521795", "price": "0.995", "size": "5.51", "side": "BUY", "hash": "a9e888cd8999008f92fe580c1ceb14c930f82793", "best_bid": "0.999", "best_ask": "1"}], "timestamp": "1769384512390", "event_type": "price_change"}}
{"_local_timestamp": "2026-01-25T23:41:53.079489+00:00", "data": {"market": "0x55ac2fb12bf7f6414e8355545878729a051fbb013ad29f555bcda513fc042ab0", "price_changes": [{"asset_id": "5542614532007770265749679341270880863954738585464835678116801633965769260540", "price": "0.006", "size": "0", "side": "SELL", "hash": "9f06880bd408a86292866a9fbfd40c9c32e65047", "best_bid": "0", "best_ask": "0.001"}, {"asset_id": "60528448360420504680028398572563178874715683732928919912112938542390296521795", "price": "0.994", "size": "0", "side": "BUY", "hash": "d52b9f394f1df91b73d75ce59d622793603e5d0f", "best_bid": "0.999", "best_ask": "1"}], "timestamp": "1769384512741", "event_type": "price_change"}}
{"_local_timestamp": "2026-01-25T23:41:53.230109+00:00", "data": {"market": "0x55ac2fb12bf7f6414e8355545878729a051fbb013ad29f555bcda513fc042ab0", "price_changes": [{"asset_id": "5542614532007770265749679341270880863954738585464835678116801633965769260540", "price": "0.004", "size": "8.27", "side": "SELL", "hash": "8ff3dd809bf708f1801e58a263d465ff679c7bef", "best_bid": "0", "best_ask": "0.001"}, {"asset_id": "60528448360420504680028398572563178874715683732928919912112938542390296521795", "price": "0.996", "size": "8.27", "side": "BUY", "hash": "fbf642a75efefad6b4c9aff1552a50e4e336f186", "best_bid": "0.999", "best_ask": "1"}], "timestamp": "1769384512955", "event_type": "price_change"}}
{"_local_timestamp": "2026-01-25T23:41:53.301418+00:00", "data": {"market": "0x55ac2fb12bf7f6414e8355545878729a051fbb013ad29f555bcda513fc042ab0", "price_changes": [{"asset_id": "5542614532007770265749679341270880863954738585464835678116801633965769260540", "price": "0.008", "size": "23.05", "side": "SELL", "hash": "89e63e61fd3f3a28813df21778db7c19df433d31", "best_bid": "0", "best_ask": "0.001"}, {"asset_id": "60528448360420504680028398572563178874715683732928919912112938542390296521795", "price": "0.992", "size": "23.05", "side": "BUY", "hash": "5a934bf098ac5b61f561ebc4aba26abe51a6041f", "best_bid": "0.999", "best_ask": "1"}], "timestamp": "1769384513152", "event_type": "price_change"}}
{"_local_timestamp": "2026-01-25T23:41:53.458702+00:00", "data": {"market": "0x55ac2fb12bf7f6414e8355545878729a051fbb013ad29f555bcda513fc042ab0", "price_changes": [{"asset_id": "5542614532007770265749679341270880863954738585464835678116801633965769260540", "price": "0.007", "size": "8.68", "side": "SELL", "hash": "3ceae5f89193bf97e41079b46ae057652ebf4b3b", "best_bid": "0", "best_ask": "0.001"}, {"asset_id": "60528448360420504680028398572563178874715683732928919912112938542390296521795", "price": "0.993", "size": "8.68", "side": "BUY", "hash": "8672ce5f59fe730a991b4e3bdf733b218b943ec3", "best_bid": "0.999", "best_ask": "1"}], "timestamp": "1769384513396", "event_type": "price_change"}}
{"_local_timestamp": "2026-01-25T23:41:53.844902+00:00", "data": {"market": "0x55ac2fb12bf7f6414e8355545878729a051fbb013ad29f555bcda513fc042ab0", "price_changes": [{"asset_id": "5542614532007770265749679341270880863954738585464835678116801633965769260540", "price": "0.005", "size": "0", "side": "SELL", "hash": "adccbd99c081b0d0978131cdffd46483e681010d", "best_bid": "0", "best_ask": "0.001"}, {"asset_id": "60528448360420504680028398572563178874715683732928919912112938542390296521795", "price": "0.995", "size": "0", "side": "BUY", "hash": "f48d9eaa661a50cf3bf054f34f193ffe21c20f29", "best_bid": "0.999", "best_ask": "1"}], "timestamp": "1769384513770", "event_type": "price_change"}}
{"_local_timestamp": "2026-01-25T23:41:53.919615+00:00", "data": {"market": "0x55ac2fb12bf7f6414e8355545878729a051fbb013ad29f555bcda513fc042ab0", "price_changes": [{"asset_id": "5542614532007770265749679341270880863954738585464835678116801633965769260540", "price": "0.003", "size": "5.51", "side": "SELL", "hash": "2cef985b73945443540ef62f73906cd83c96d3f1", "best_bid": "0", "best_ask": "0.001"}, {"asset_id": "60528448360420504680028398572563178874715683732928919912112938542390296521795", "price": "0.997", "size": "5.51", "side": "BUY", "hash": "3fadd277db5fe8327ee4905a714e35bec22deba4", "best_bid": "0.999", "best_ask": "1"}], "timestamp": "1769384513846", "event_type": "price_change"}}
{"_local_timestamp": "2026-01-25T23:41:54.243182+00:00", "data": {"market": "0x55ac2fb12bf7f6414e8355545878729a051fbb013ad29f555bcda513fc042ab0", "price_changes": [{"asset_id": "5542614532007770265749679341270880863954738585464835678116801633965769260540", "price": "0.004", "size": "0", "side": "SELL", "hash": "19dba69a2898efacd05440f6c2db7b5ba199a653", "best_bid": "0", "best_ask": "0.001"}, {"asset_id": "60528448360420504680028398572563178874715683732928919912112938542390296521795", "price": "0.996", "size": "0", "side": "BUY", "hash": "73fd7d16b5f4249efdc5ddac9232496c2bc7a43d", "best_bid": "0.999", "best_ask": "1"}], "timestamp": "1769384514176", "event_type": "price_change"}}
{"_local_timestamp": "2026-01-25T23:41:54.250226+00:00", "data": {"market": "0x55ac2fb12bf7f6414e8355545878729a051fbb013ad29f555bcda513fc042ab0", "price_changes": [{"asset_id": "5542614532007770265749679341270880863954738585464835678116801633965769260540", "price": "0.007", "size": "0", "side": "SELL", "hash": "19dba69a2898efacd05440f6c2db7b5ba199a653", "best_bid": "0", "best_ask": "0.001"}, {"asset_id": "60528448360420504680028398572563178874715683732928919912112938542390296521795", "price": "0.993", "size": "0", "side": "BUY", "hash": "73fd7d16b5f4249efdc5ddac9232496c2bc7a43d", "best_bid": "0.999", "best_ask": "1"}], "timestamp": "1769384514176", "event_type": "price_change"}}
{"_local_timestamp": "2026-01-25T23:41:54.506968+00:00", "data": {"market": "0x55ac2fb12bf7f6414e8355545878729a051fbb013ad29f555bcda513fc042ab0", "price_changes": [{"asset_id": "5542614532007770265749679341270880863954738585464835678116801633965769260540", "price": "0.002", "size": "8.26", "side": "SELL", "hash": "93026f32adb9c460b8d447e3e5ce951308d94ac8", "best_bid": "0", "best_ask": "0.001"}, {"asset_id": "60528448360420504680028398572563178874715683732928919912112938542390296521795", "price": "0.998", "size": "8.26", "side": "BUY", "hash": "14bd1bf727586f47ad28bd4562bbcd8d0c1f64b9", "best_bid": "0.999", "best_ask": "1"}], "timestamp": "1769384514444", "event_type": "price_change"}}
{"_local_timestamp": "2026-01-25T23:41:54.507451+00:00", "data": {"market": "0x55ac2fb12bf7f6414e8355545878729a051fbb013ad29f555bcda513fc042ab0", "price_changes": [{"asset_id": "5542614532007770265749679341270880863954738585464835678116801633965769260540", "price": "0.008", "size": "31.73", "side": "SELL", "hash": "cc23ed5f4f50817ea3b9fe59bfb9883f311bc84c", "best_bid": "0", "best_ask": "0.001"}, {"asset_id": "60528448360420504680028398572563178874715683732928919912112938542390296521795", "price": "0.992", "size": "31.73", "side": "BUY", "hash": "ed53257a1fda670b12311ef62559c9522d34acf9", "best_bid": "0.999", "best_ask": "1"}], "timestamp": "1769384514444", "event_type": "price_change"}}
