{"_local_timestamp": "2026-01-25T23:34:21.683481+00:00", "data": [{"market": "0xc2561f6035b5e4666674eef9c486686b7a10f5e973ec3b38aaf9eb43cfe173c9", "asset_id": "30445257308427026522347165359940478531369941712572491600551781507011164168723", "timestamp": "1769384055771", "hash": "f65941bc744f37cc27cea5ca1c3897bbb7c1ed68", "bids": [{"price": "0.001", "size": "30"}, {"price": "0.03", "size": "100"}, {"price": "0.08", "size": "100"}, {"price": "0.14", "size": "50"}, {"price": "0.2", "size": "200"}, {"price": "0.27", "size": "200"}, {"price": "0.34", "size": "100"}, {"price": "0.341", "size": "25"}, {"price": "0.342", "size": "5.47"}, {"price": "0.99", "size": "30.77"}, {"price": "0.999", "size": "98301"}], "asks": [], "event_type": "book", "last_trade_price": "0.010"}, {"market": "0xf830ae7b7146dc68977aa596735a8b2a419299bea02c5f5eca9348f5963d81aa", "asset_id": "107716372519422888927334300640288433797667564581302145657868044427650883268130", "timestamp": "1769384055301", "hash": "e546ff69d192937b5bb40707f6b03312860e74a2", "bids": [{"price": "0.001", "size": "30"}, {"price": "0.03", "size": "100"}, {"price": "0.08", "size": "100"}, {"price": "0.14", "size": "50"}, {"price": "0.2", "size": "200"}, {"price": "0.27", "size": "200"}, {"price": "0.34", "size": "100"}, {"price": "0.341", "size": "25"}, {"price": "0.342", "size": "5.47"}, {"price": "0.99", "size": "30.77"}, {"price": "0.999", "size": "98274"}], "asks": [], "event_type": "book", "last_trade_price": "0.010"}, {"market": "0x755ca54c6e8ef588c395faa908461d4d39fef56761a178176b91cccbe0f240c7", "asset_id": "67889473315110810095614158744365999522844472359130963701321996446606244498524", "timestamp": "1769384055301", "hash": "6a68cd19f009fafed611a6052fbc4e638f795b7e", "bids": [], "asks": [{"price": "0.999", "size": "30"}, {"price": "0.97", "size": "100"}, {"price": "0.92", "size": "100"}, {"price": "0.86", "size": "50"}, {"price": "0.8", "size": "200"}, {"price": "0.73", "size": "200"}, {"price": "0.66", "size": "100"}, {"price": "0.659", "size": "25"}, {"price": "0.658", "size": "5.47"}, {"price": "0.01", "size": "30.77"}, {"price": "0.001", "size": "98279.1"}], "event_type": "book", "last_trade_price": "0.010"}, {"market": "0x755ca54c6e8ef588c395faa908461d4d39fef56761a178176b91cccbe0f240c7", "asset_id": "17466735811934923763792574336691337549121477091298921225435774847543449448689", "timestamp": "1769384055301", "hash": "931d04bd912c38774391e3bb0b5062c1f9fb4122", "bids": [{"price": "0.001", "size": "30"}, {"price": "0.03", "size": "100"}, {"price": "0.08", "size": "100"}, {"price": "0.14", "size": "50"}, {"price": "0.2", "size": "200"}, {"price": "0.27", "size": "200"}, {"price": "0.34", "size": "100"}, {"price": "0.341", "size": "25"}, {"price": "0.342", "size": "5.47"}, {"price": "0.99", "size": "30.77"}, {"price": "0.999", "size": "98279.1"}], "asks": [], "event_type": "book", "last_trade_price": "0.010"}, {"market": "0xc2561f6035b5e4666674eef9c486686b7a10f5e973ec3b38aaf9eb43cfe173c9", "asset_id": "22465180862463802890878218013363050776036324423421578826973137699649780676225", "timestamp": "1769384055771", "hash": "aec15660159b8b109d3d104344741b570fe02d44", "bids": [], "asks": [{"price": "0.999", "size": "30"}, {"price": "0.97", "size": "100"}, {"price": "0.92", "size": "100"}, {"price": "0.86", "size": "50"}, {"price": "0.8", "size": "200"}, {"price": "0.73", "size": "200"}, {"price": "0.66", "size": "100"}, {"price": "0.659", "size": "25"}, {"price": "0.658", "size": "5.47"}, {"price": "0.01", "size": "30.77"}, {"price": "0.001", "size": "98301"}], "event_type": "book", "last_trade_price": "0.010"}, {"market": "0xf830ae7b7146dc68977aa596735a8b2a419299bea02c5f5eca9348f5963d81aa", "asset_id": "45169541514252127947234447377271141805966865895526058685469085914288834360469", "timestamp": "1769384055301", "hash": "0a3247617fb6711e15d73e685ebb2968fe62b5fb", "bids": [], "asks": [{"price": "0.999", "size": "30"}, {"price": "0.97", "size": "100"}, {"price": "0.92", "size": "100"}, {"price": "0.86", "size": "50"}, {"price": "0.8", "size": "200"}, {"price": "0.73", "size": "200"}, {"price": "0.66", "size": "100"}, {"price": "0.659", "size": "25"}, {"price": "0.658", "size": "5.47"}, {"price": "0.01", "size": "30.77"}, {"price": "0.001", "size": "98274"}], "event_type": "book", "last_trade_price": "0.010"}]}
{"_local_timestamp": "2026-01-25T23:34:25.610031+00:00", "data": {"market": "0x755ca54c6e8ef588c395faa908461d4d39fef56761a178176b91cccbe0f240c7", "price_changes": [{"asset_id": "17466735811934923763792574336691337549121477091298921225435774847543449448689", "price": "0.999", "size": "84801.1", "side": "BUY", "hash": "7ed71eba23484d328a7f61036c46168db2e6bebc", "best_bid": "0.999", "best_ask": "1"}, {"asset_id": "67889473315110810095614158744365999522844472359130963701321996446606244498524", "price": "0.001", "size": "84801.1", "side": "SELL", "hash": "0360cf680bbd09c4f4494b4a8e9d55beb4a59664", "best_bid": "0", "best_ask": "0.001"}], "timestamp": "1769384065339", "event_type": "price_change"}}
{"_local_timestamp": "2026-01-25T23:34:25.620123+00:00", "data": {"market": "0xc2561f6035b5e4666674eef9c486686b7a10f5e973ec3b38aaf9eb43cfe173c9", "price_changes": [{"asset_id": "30445257308427026522347165359940478531369941712572491600551781507011164168723", "price": "0.999", "size": "84788", "side": "BUY", "hash": "27fab83761e5a129d953b9601a1fbae331a75796", "best_bid": "0.999", "best_ask": "1"}, {"asset_id": "22465180862463802890878218013363050776036324423421578826973137699649780676225", "price": "0.001", "size": "84788", "side": "SELL", "hash": "d46c21ecc98e551cade288bf7448dfe2fddd7318", "best_bid": "0", "best_ask": "0.001"}], "timestamp": "1769384065337", "event_type": "price_change"}}
{"_local_timestamp": "2026-01-25T23:34:25.624872+00:00", "data": {"market": "0xf830ae7b7146dc68977aa596735a8b2a419299bea02c5f5eca9348f5963d81aa", "price_changes": [{"asset_id": "107716372519422888927334300640288433797667564581302145657868044427650883268130", "price": "0.999", "size": "84796", "side": "BUY", "hash": "81a2d494a7666d178a0636f60fc0c78277731e07", "best_bid": "0.999", "best_ask": "1"}, {"asset_id": "45169541514252127947234447377271141805966865895526058685469085914288834360469", "price": "0.001", "size": "84796", "side": "SELL", "hash": "5c98a999233fa6ebdf3035b4835fe3d3eabb6a92", "best_bid": "0", "best_ask": "0.001"}], "timestamp": "1769384065339", "event_type": "price_change"}}
{"_local_timestamp": "2026-01-25T23:34:26.477017+00:00", "data": {"market": "0xf830ae7b7146dc68977aa596735a8b2a419299bea02c5f5eca9348f5963d81aa", "price_changes": [{"asset_id": "107716372519422888927334300640288433797667564581302145657868044427650883268130", "price": "0.999", "size": "85421", "side": "BUY", "hash": "a5b2c03578b747180486782a90c2d531266212f6", "best_bid": "0.999", "best_ask": "1"}, {"asset_id": "45169541514252127947234447377271141805966865895526058685469085914288834360469", "price": "0.001", "size": "85421", "side": "SELL", "hash": "638d158aeeeba77df2066ae230d4042b7c071c2d", "best_bid": "0", "best_ask": "0.001"}], "timestamp": "1769384066211", "event_type": "price_change"}}
{"_local_timestamp": "2026-01-25T23:34:26.477617+00:00", "data": {"market": "0xc2561f6035b5e4666674eef9c486686b7a10f5e973ec3b38aaf9eb43cfe173c9", "price_changes": [{"asset_id": "30445257308427026522347165359940478531369941712572491600551781507011164168723", "price": "0.999", "size": "85413", "side": "BUY", "hash": "784239f259084427855f28408f5562174f2a3d6a", "best_bid": "0.999", "best_ask": "1"}, {"asset_id": "22465180862463802890878218013363050776036324423421578826973137699649780676225", "price": "0.001", "size": "85413", "side": "SELL", "hash": "c84d8f5f53e7c733468bf9d8d3ce675edfe36f77", "best_bid": "0", "best_ask": "0.001"}], "timestamp": "1769384066211", "event_type": "price_change"}}
{"_local_timestamp": "2026-01-25T23:34:26.479868+00:00", "data": {"market": "0x755ca54c6e8ef588c395faa908461d4d39fef56761a178176b91cccbe0f240c7", "price_changes": [{"asset_id": "17466735811934923763792574336691337549121477091298921225435774847543449448689", "price": "0.999", "size": "85426.1", "side": "BUY", "hash": "9d8a7ba4752e1efec029dc6aed6950564516a33e", "best_bid": "0.999", "best_ask": "1"}, {"asset_id": "67889473315110810095614158744365999522844472359130963701321996446606244498524", "price": "0.001", "size": "85426.1", "side": "SELL", "hash": "21ff3a95243bf3691858bf6d3a02f5d34e82bac9", "best_bid": "0", "best_ask": "0.001"}], "timestamp": "1769384066211", "event_type": "price_change"}}
{"_local_timestamp": "2026-01-25T23:34:26.813565+00:00", "data": {"market": "0x755ca54c6e8ef588c395faa908461d4d39fef56761a178176b91cccbe0f240c7", "price_changes": [{"asset_id": "17466735811934923763792574336691337549121477091298921225435774847543449448689", "price": "0.999", "size": "86050.1", "side": "BUY", "hash": "892e229721e1ee99e079303ba6693ab113d6e7cc", "best_bid": "0.999", "best_ask": "1"}, {"asset_id": "67889473315110810095614158744365999522844472359130963701321996446606244498524", "price": "0.001", "size": "86050.1", "side": "SELL", "hash": "65a60324c4c377ec28a49ed88e4d9e69dd61d453", "best_bid": "0", "best_ask": "0.001"}], "timestamp": "1769384066570", "event_type": "price_change"}}
{"_local_timestamp": "2026-01-25T23:34:26.836239+00:00", "data": {"market": "0xf830ae7b7146dc68977aa596735a8b2a419299bea02c5f5eca9348f5963d81aa", "price_changes": [{"asset_id": "107716372519422888927334300640288433797667564581302145657868044427650883268130", "price": "0.999", "size": "86045", "side": "BUY", "hash": "db00ca93c719abbab0bd408564e2c3adde71ccb2", "best_bid": "0.999", "best_ask": "1"}, {"asset_id": "45169541514252127947234447377271141805966865895526058685469085914288834360469", "price": "0.001", "size": "86045", "side": "SELL", "hash": "528aab2f459bf2bafe217b3762a74700e1a54966", "best_bid": "0", "best_ask": "0.001"}], "timestamp": "1769384066570", "event_type": "price_change"}}
{"_local_timestamp": "2026-01-25T23:34:26.836667+00:00", "data": {"market": "0xc2561f6035b5e4666674eef9c486686b7a10f5e973ec3b38aaf9eb43cfe173c9", "price_changes": [{"asset_id": "30445257308427026522347165359940478531369941712572491600551781507011164168723", "price": "0.999", "size": "86037", "side": "BUY", "hash": "a86f4594e5d510acae0ba656f698d31e518cb359", "best_bid": "0.999", "best_ask": "1"}, {"asset_id": "22465180862463802890878218013363050776036324423421578826973137699649780676225", "price": "0.001", "size": "86037", "side": "SELL", "hash": "f20c4ef87e32d6fd08c6b90275c79ba4bedd7239", "best_bid": "0", "best_ask": "0.001"}], "timestamp": "1769384066571", "event_type": "price_change"}}
{"_local_timestamp": "2026-01-25T23:34:28.067908+00:00", "data": {"market": "0xc2561f6035b5e4666674eef9c486686b7a10f5e973ec3b38aaf9eb43cfe173c9", "price_changes": [{"asset_id": "30445257308427026522347165359940478531369941712572491600551781507011164168723", "price": "0.999", "size": "86192", "side": "BUY", "hash": "ed0bd10554919d120698f4036f858b294126223a", "best_bid": "0.999", "best_ask": "1"}, {"asset_id": "22465180862463802890878218013363050776036324423421578826973137699649780676225", "price": "0.001", "size": "86192", "side": "SELL", "hash": "95ac2c92ea19ca10d3151e0799ce1a0ae344790d", "best_bid": "0", "best_ask": "0.001"}], "timestamp": "1769384067732", "event_type": "price_change"}}
{"_local_timestamp": "2026-01-25T23:34:28.072442+00:00", "data": {"market": "0xf830ae7b7146dc68977aa596735a8b2a419299bea02c5f5eca9348f5963d81aa", "price_changes": [{"asset_id": "107716372519422888927334300640288433797667564581302145657868044427650883268130", "price": "0.999", "size": "86200", "side": "BUY", "hash": "21b8d800d661e825a61d24f3be0bc7afbb3fdada", "best_bid": "0.999", "best_ask": "1"}, {"asset_id": "45169541514252127947234447377271141805966865895526058685469085914288834360469", "price": "0.001", "size": "86200", "side": "SELL", "hash": "08b2626fde103ed65b68e38606f227b9c044c76f", "best_bid": "0", "best_ask": "0.001"}], "timestamp": "1769384067732", "event_type": "price_change"}}
{"_local_timestamp": "2026-01-25T23:34:28.072757+00:00", "data": {"market": "0x755ca54c6e8ef588c395faa908461d4d39fef56761a178176b91cccbe0f240c7", "price_changes": [{"asset_id": "17466735811934923763792574336691337549121477091298921225435774847543449448689", "price": "0.999", "size": "86205.1", "side": "BUY", "hash": "de3d26411d8a263ea421d35fb48869383e7c7ba9", "best_bid": "0.999", "best_ask": "1"}, {"asset_id": "67889473315110810095614158744365999522844472359130963701321996446606244498524", "price": "0.001", "size": "86205.1", "side": "SELL", "hash": "efaae89aecf88059eb31834204d9915b4d9e6eae", "best_bid": "0", "best_ask": "0.001"}], "timestamp": "1769384067733", "event_type": "price_change"}}
{"_local_timestamp": "2026-01-25T23:34:28.419995+00:00", "data": {"market": "0x755ca54c6e8ef588c395faa908461d4d39fef56761a178176b91cccbe0f240c7", "price_changes": [{"asset_id": "17466735811934923763792574336691337549121477091298921225435774847543449448689", "price": "0.999", "size": "86359.1", "side": "BUY", "hash": "687454ca6e667c70ac256adf3b7f13230fbe5541", "best_bid": "0.999", "best_ask": "1"}, {"asset_id": "67889473315110810095614158744365999522844472359130963701321996446606244498524", "price": "0.001", "size": "86359.1", "side": "SELL", "hash": "deb40b2130cd41064bacbacd42a170337dc3b056", "best_bid": "0", "best_ask": "0.001"}], "timestamp": "1769384068165", "event_type": "price_change"}}
{"_local_timestamp": "2026-01-25T23:34:28.442772+00:00", "data": {"market": "0xf830ae7b7146dc68977aa596735a8b2a419299bea02c5f5eca9348f5963d81aa", "price_changes": [{"asset_id": "107716372519422888927334300640288433797667564581302145657868044427650883268130", "price": "0.999", "size": "86354", "side": "BUY", "hash": "3caae8bbfd65f04eb48103b370151c90865cab1e", "best_bid": "0.999", "best_ask": "1"}, {"asset_id": "45169541514252127947234447377271141805966865895526058685469085914288834360469", "price": "0.001", "size": "86354", "side": "SELL", "hash": "805aec42662e3aa82e294e1bd6055d621d07624a", "best_bid": "0", "best_ask": "0.001"}], "timestamp": "1769384068165", "event_type": "price_change"}}
{"_local_timestamp": "2026-01-25T23:34:28.470370+00:00", "data": {"market": "0xc2561f6035b5e4666674eef9c486686b7a10f5e973ec3b38aaf9eb43cfe173c9", "price_changes": [{"asset_id": "30445257308427026522347165359940478531369941712572491600551781507011164168723", "price": "0.999", "size": "86346", "side": "BUY", "hash": "cee056301efe0fe0bef827226632caa97ae85688", "best_bid": "0.999", "best_ask": "1"}, {"asset_id": "22465180862463802890878218013363050776036324423421578826973137699649780676225", "price": "0.001", "size": "86346", "side": "SELL", "hash": "eda7aaa664ce8ec7d3630731a5fd591a0a8df42f", "best_bid": "0", "best_ask": "0.001"}], "timestamp": "1769384068175", "event_type": "price_change"}}
{"_local_timestamp": "2026-01-25T23:34:29.516579+00:00", "data": {"market": "0x755ca54c6e8ef588c395faa908461d4d39fef56761a178176b91cccbe0f240c7", "price_changes": [{"asset_id": "17466735811934923763792574336691337549121477091298921225435774847543449448689", "price": "0.999", "size": "86512.1", "side": "BUY", "hash": "cbb9324c2ddc3c273c1c27f39adee1c9c70b7983", "best_bid": "0.999", "best_ask": "1"}, {"asset_id": "67889473315110810095614158744365999522844472359130963701321996446606244498524", "price": "0.001", "size": "86512.1", "side": "SELL", "hash": "58b3052c21a2e8c41b05144221e2fa0bff023a26", "best_bid": "0", "best_ask": "0.001"}], "timestamp": "1769384069281", "event_type": "price_change"}}
{"_local_timestamp": "2026-01-25T23:34:29.517676+00:00", "data": {"market": "0xc2561f6035b5e4666674eef9c486686b7a10f5e973ec3b38aaf9eb43cfe173c9", "price_changes": [{"asset_id": "30445257308427026522347165359940478531369941712572491600551781507011164168723", "price": "0.999", "size": "86499", "side": "BUY", "hash": "7889d5455d990e94df68b16d011c2d6aac413ebe", "best_bid": "0.999", "best_ask": "1"}, {"asset_id": "22465180862463802890878218013363050776036324423421578826973137699649780676225", "price": "0.001", "size": "86499", "side": "SELL", "hash": "e5145c17d9b35892b93cc7027ab3f3875b24e3e9", "best_bid": "0", "best_ask": "0.001"}], "timestamp": "1769384069282", "event_type": "price_change"}}
{"_local_timestamp": "2026-01-25T23:34:29.518201+00:00", "data": {"market": "0xf830ae7b7146dc68977aa596735a8b2a419299bea02c5f5eca9348f5963d81aa", "price_changes": [{"asset_id": "107716372519422888927334300640288433797667564581302145657868044427650883268130", "price": "0.999", "size": "86507", "side": "BUY", "hash": "3780083a971296806398917f3e6f4b379fc88028", "best_bid": "0.999", "best_ask": "1"}, {"asset_id": "45169541514252127947234447377271141805966865895526058685469085914288834360469", "price": "0.001", "size": "86507", "side": "SELL", "hash": "102c66e1baa898186e7caae890dd0307926d82a3", "best_bid": "0", "best_ask": "0.001"}], "timestamp": "1769384069283", "event_type": "price_change"}}
{"_local_timestamp": "2026-01-25T23:34:29.959568+00:00", "data": {"market": "0xf830ae7b7146dc68977aa596735a8b2a419299bea02c5f5eca9348f5963d81aa", "price_changes": [{"asset_id": "107716372519422888927334300640288433797667564581302145657868044427650883268130", "price": "0.999", "size": "86659", "side": "BUY", "hash": "def0256d429969bba382980dad8cb00288596308", "best_bid": "0.999", "best_ask": "1"}, {"asset_id": "45169541514252127947234447377271141805966865895526058685469085914288834360469", "price": "0.001", "size": "86659", "side": "SELL", "hash": "7541422f3b7fa9c07773939315955f4ea5f9bcc6", "best_bid": "0", "best_ask": "0.001"}], "timestamp": "1769384069659", "event_type": "price_change"}}
{"_local_timestamp": "2026-01-25T23:34:29.963596+00:00", "data": {"market": "0xc2561f6035b5e4666674eef9c486686b7a10f5e973ec3b38aaf9eb43cfe173c9", "price_changes": [{"asset_id": "30445257308427026522347165359940478531369941712572491600551781507011164168723", "price": "0.999", "size": "86651", "side": "BUY", "hash": "3442582e69fc0c400baa1c71caf2aed2667abf80", "best_bid": "0.999", "best_ask": "1"}, {"asset_id": "22465180862463802890878218013363050776036324423421578826973137699649780676225", "price": "0.001", "size": "86651", "side": "SELL", "hash": "997644f412edf0188641f29f0b67b9b303aecf83", "best_bid": "0", "best_ask": "0.001"}], "timestamp": "1769384069660", "event_type": "price_change"}}
{"_local_timestamp": "2026-01-25T23:34:29.964204+00:00", "data": {"market": "0x755ca54c6e8ef588c395faa908461d4d39fef56761a178176b91cccbe0f240c7", "price_changes": [{"asset_id": "17466735811934923763792574336691337549121477091298921225435774847543449448689", "price": "0.999", "size": "86664.1", "side": "BUY", "hash": "4609e5c900fce15ea9242a893723d60a48a4e7f3", "best_bid": "0.999", "best_ask": "1"}, {"asset_id": "67889473315110810095614158744365999522844472359130963701321996446606244498524", "price": "0.001", "size": "86664.1", "side": "SELL", "hash": "509bd9bb8ce3814cba01f62d1750a8d9d00be477", "best_bid": "0", "best_ask": "0.001"}], "timestamp": "1769384069660", "event_type": "price_change"}}
{"_local_timestamp": "2026-01-25T23:34:30.522457+00:00", "data": {"market": "0xc2561f6035b5e4666674eef9c486686b7a10f5e973ec3b38aaf9eb43cfe173c9", "price_changes": [{"asset_id": "30445257308427026522347165359940478531369941712572491600551781507011164168723", "price": "0.999", "size": "86802", "side": "BUY", "hash": "8eb371ca5bf0a919e7b4218165064ca317a97c12", "best_bid": "0.999", "best_ask": "1"}, {"asset_id": "22465180862463802890878218013363050776036324423421578826973137699649780676225", "price": "0.001", "size": "86802", "side": "SELL", "hash": "2893d4fe00a026d747ff548b543d8b0bfec5ac63", "best_bid": "0", "best_ask": "0.001"}], "timestamp": "1769384070200", "event_type": "price_change"}}
{"_local_timestamp": "2026-01-25T23:34:30.523371+00:00", "data": {"market": "0x755ca54c6e8ef588c395faa908461d4d39fef56761a178176b91cccbe0f240c7", "price_changes": [{"asset_id": "17466735811934923763792574336691337549121477091298921225435774847543449448689", "price": "0.999", "size": "86815.1", "side": "BUY", "hash": "62ed3583b8e1413c30cfa33eb65632c5553191be", "best_bid": "0.999", "best_ask": "1"}, {"asset_id": "67889473315110810095614158744365999522844472359130963701321996446606244498524", "price": "0.001", "size": "86815.1", "side": "SELL", "hash": "6b57e2589d1d4e87d27cf06b93f2b94b00ef0e98", "best_bid": "0", "best_ask": "0.001"}], "timestamp": "1769384070200", "event_type": "price_change"}}
{"_local_timestamp": "2026-01-25T23:34:30.524274+00:00", "data": {"market": "0xf830ae7b7146dc68977aa596735a8b2a419299bea02c5f5eca9348f5963d81aa", "price_changes": [{"asset_id": "107716372519422888927334300640288433797667564581302145657868044427650883268130", "price": "0.999", "size": "86810", "side": "BUY", "hash": "a424d654f4d081794146454d05c66b98199cb462", "best_bid": "0.999", "best_ask": "1"}, {"asset_id": "45169541514252127947234447377271141805966865895526058685469085914288834360469", "price": "0.001", "size": "86810", "side": "SELL", "hash": "af3ec8e4a8aa6e65cc112b32b0903a4bde4cdc9a", "best_bid": "0", "best_ask": "0.001"}], "timestamp": "1769384070200", "event_type": "price_change"}}
{"_local_timestamp": "2026-01-25T23:34:30.830461+00:00", "data": {"market": "0xf830ae7b7146dc68977aa596735a8b2a419299bea02c5f5eca9348f5963d81aa", "price_changes": [{"asset_id": "107716372519422888927334300640288433797667564581302145657868044427650883268130", "price": "0.999", "size": "86847", "side": "BUY", "hash": "569ac6dece297965f432789362ddf82d12227d8c", "best_bid": "0.999", "best_ask": "1"}, {"asset_id": "45169541514252127947234447377271141805966865895526058685469085914288834360469", "price": "0.001", "size": "86847", "side": "SELL", "hash": "8d266a95c533477f3d4dbb75b7ac92df74d31b42", "best_bid": "0", "best_ask": "0.001"}], "timestamp": "1769384070580", "event_type": "price_change"}}
{"_local_timestamp": "2026-01-25T23:34:30.833351+00:00", "data": {"market": "0x755ca54c6e8ef588c395faa908461d4d39fef56761a178176b91cccbe0f240c7", "price_changes": [{"asset_id": "17466735811934923763792574336691337549121477091298921225435774847543449448689", "price": "0.999", "size": "86852.1", "side": "BUY", "hash": "91d9775a925ae9ead5084ca7a8cce9c5d831bc2a", "best_bid": "0.999", "best_ask": "1"}, {"asset_id": "67889473315110810095614158744365999522844472359130963701321996446606244498524", "price": "0.001", "size": "86852.1", "side": "SELL", "hash": "fe0d044cd097b9fd8f89f37c09f43411c4a200cc", "best_bid": "0", "best_ask": "0.001"}], "timestamp": "1769384070580", "event_type": "price_change"}}
{"_local_timestamp": "2026-01-25T23:34:30.834979+00:00", "data": {"market": "0xc2561f6035b5e4666674eef9c486686b7a10f5e973ec3b38aaf9eb43cfe173c9", "price_changes": [{"asset_id": "30445257308427026522347165359940478531369941712572491600551781507011164168723", "price": "0.999", "size": "86839", "side": "BUY", "hash": "e7abec5626b65cd888d420c07055a17f6e2e0d77", "best_bid": "0.999", "best_ask": "1"}, {"asset_id": "22465180862463802890878218013363050776036324423421578826973137699649780676225", "price": "0.001", "size": "86839", "side": "SELL", "hash": "d1b826712408948dc7ea021045234b1f153a4c53", "best_bid": "0", "best_ask": "0.001"}], "timestamp": "1769384070580", "event_type": "price_change"}}
{"_local_timestamp": "2026-01-25T23:34:31.156131+00:00", "data": {"market": "0x755ca54c6e8ef588c395faa908461d4d39fef56761a178176b91cccbe0f240c7", "price_changes": [{"asset_id": "17466735811934923763792574336691337549121477091298921225435774847543449448689", "price": "0.999", "size": "86888.1", "side": "BUY", "hash": "6ab9ebdeabebf69f5a01ebb093c136f08a7d823e", "best_bid": "0.999", "best_ask": "1"}, {"asset_id": "67889473315110810095614158744365999522844472359130963701321996446606244498524", "price": "0.001", "size": "86888.1", "side": "SELL", "hash": "325326a2b38aa88f0da27f5b3dc98a90512a65c4", "best_bid": "0", "best_ask": "0.001"}], "timestamp": "1769384070925", "event_type": "price_change"}}
{"_local_timestamp": "2026-01-25T23:34:31.161923+00:00", "data": {"market": "0xc2561f6035b5e4666674eef9c486686b7a10f5e973ec3b38aaf9eb43cfe173c9", "price_changes": [{"asset_id": "30445257308427026522347165359940478531369941712572491600551781507011164168723", "price": "0.999", "size": "86875", "side": "BUY", "hash": "579f2112a2fd408f59016acb1ec1117161711998", "best_bid": "0.999", "best_ask": "1"}, {"asset_id": "22465180862463802890878218013363050776036324423421578826973137699649780676225", "price": "0.001", "size": "86875", "side": "SELL", "hash": "75bec1d89bf4e30a4925a2fcd0a49ea49ad54d1c", "best_bid": "0", "best_ask": "0.001"}], "timestamp": "1769384070925", "event_type": "price_change"}}
{"_local_timestamp": "2026-01-25T23:34:31.165047+00:00", "data": {"market": "0xf830ae7b7146dc68977aa596735a8b2a419299bea02c5f5eca9348f5963d81aa", "price_changes": [{"asset_id": "107716372519422888927334300640288433797667564581302145657868044427650883268130", "price": "0.999", "size": "86883", "side": "BUY", "hash": "b4cd6508e47b8df4c44b80e123485373c453ca6d", "best_bid": "0.999", "best_ask": "1"}, {"asset_id": "45169541514252127947234447377271141805966865895526058685469085914288834360469", "price": "0.001", "size": "86883", "side": "SELL", "hash": "6f1a19fc079d7f85306eab1607201f209e26704d", "best_bid": "0", "best_ask": "0.001"}], "timestamp": "1769384070924", "event_type": "price_change"}}
{"_local_timestamp": "2026-01-25T23:34:32.356885+00:00", "data": {"market": "0x755ca54c6e8ef588c395faa908461d4d39fef56761a178176b91cccbe0f240c7", "price_changes": [{"asset_id": "17466735811934923763792574336691337549121477091298921225435774847543449448689", "price": "0.999", "size": "86923.1", "side": "BUY", "hash": "158a1ba70ec24f82a9653cd21440fc1c9fc00a26", "best_bid": "0.999", "best_ask": "1"}, {"asset_id": "67889473315110810095614158744365999522844472359130963701321996446606244498524", "price": "0.001", "size": "86923.1", "side": "SELL", "hash": "11b02da9769882597dbde25ebc4b0c4ea75f38fd", "best_bid": "0", "best_ask": "0.001"}], "timestamp": "1769384072105", "event_type": "price_change"}}
{"_local_timestamp": "2026-01-25T23:34:32.381745+00:00", "data": {"market": "0xf830ae7b7146dc68977aa596735a8b2a419299bea02c5f5eca9348f5963d81aa", "price_changes": [{"asset_id": "107716372519422888927334300640288433797667564581302145657868044427650883268130", "price": "0.999", "size": "86918", "side": "BUY", "hash": "ec3a89a0b5f6acc5d1d39422e1bd04682c76b579", "best_bid": "0.999", "best_ask": "1"}, {"asset_id": "45169541514252127947234447377271141805966865895526058685469085914288834360469", "price": "0.001", "size": "86918", "side": "SELL", "hash": "e07d2a7902272ba662f6d10639fcc79f72c1ad21", "best_bid": "0", "best_ask": "0.001"}], "timestamp": "1769384072105", "event_type": "price_change"}}
{"_local_timestamp": "2026-01-25T23:34:32.382763+00:00", "data": {"market": "0xc2561f6035b5e4666674eef9c486686b7a10f5e973ec3b38aaf9eb43cfe173c9", "price_changes": [{"asset_id": "30445257308427026522347165359940478531369941712572491600551781507011164168723", "price": "0.999", "size": "86910", "side": "BUY", "hash": "e5610caf76c4881ce36dd6ac38cafc8c409c4057", "best_bid": "0.999", "best_ask": "1"}, {"asset_id": "22465180862463802890878218013363050776036324423421578826973137699649780676225", "price": "0.001", "size": "86910", "side": "SELL", "hash": "5a13859506b53b77e8a3eb25bc9292183e0949ad", "best_bid": "0", "best_ask": "0.001"}], "timestamp": "1769384072106", "event_type": "price_change"}}
{"_local_timestamp": "2026-01-25T23:34:32.797494+00:00", "data": {"market": "0x755ca54c6e8ef588c395faa908461d4d39fef56761a178176b91cccbe0f240c7", "price_changes": [{"asset_id": "17466735811934923763792574336691337549121477091298921225435774847543449448689", "price": "0.999", "size": "86957.1", "side": "BUY", "hash": "921c08bb23203aee25ee17ec68f3f9e8c476d37d", "best_bid": "0.999", "best_ask": "1"}, {"asset_id": "67889473315110810095614158744365999522844472359130963701321996446606244498524", "price": "0.001", "size": "86957.1", "side": "SELL", "hash": "dad967aec280106285d4bb6ea374f62498b65fdd", "best_bid": "0", "best_ask": "0.001"}], "timestamp": "1769384072581", "event_type": "price_change"}}
{"_local_timestamp": "2026-01-25T23:34:32.814686+00:00", "data": {"market": "0xf830ae7b7146dc68977aa596735a8b2a419299bea02c5f5eca9348f5963d81aa", "price_changes": [{"asset_id": "107716372519422888927334300640288433797667564581302145657868044427650883268130", "price": "0.999", "size": "86952", "side": "BUY", "hash": "22140a21d9b69b0d0837494b0fb6b7c6e0854dde", "best_bid": "0.999", "best_ask": "1"}, {"asset_id": "45169541514252127947234447377271141805966865895526058685469085914288834360469", "price": "0.001", "size": "86952", "side": "SELL", "hash": "b964ce23d04a5c7ab9ce29a5f814947994cb0ef0", "best_bid": "0", "best_ask": "0.001"}], "timestamp": "1769384072581", "event_type": "price_change"}}
{"_local_timestamp": "2026-01-25T23:34:32.826715+00:00", "data": {"market": "0xc2561f6035b5e4666674eef9c486686b7a10f5e973ec3b38aaf9eb43cfe173c9", "price_changes": [{"asset_id": "30445257308427026522347165359940478531369941712572491600551781507011164168723", "price": "0.999", "size": "86944", "side": "BUY", "hash": "ba4cc7ed3e9dc0bf99f7187b9b2fa993b76d3167", "best_bid": "0.999", "best_ask": "1"}, {"asset_id": "22465180862463802890878218013363050776036324423421578826973137699649780676225", "price": "0.001", "size": "86944", "side": "SELL", "hash": "a9007c7ca3aa578b95479341bf3df4e0eadee518", "best_bid": "0", "best_ask": "0.001"}], "timestamp": "1769384072579", "event_type": "price_change"}}
{"_local_timestamp": "2026-01-25T23:34:33.594142+00:00", "data": {"market": "0x755ca54c6e8ef588c395faa908461d4d39fef56761a178176b91cccbe0f240c7", "price_changes": [{"asset_id": "17466735811934923763792574336691337549121477091298921225435774847543449448689", "price": "0.999", "size": "86990.1", "side": "BUY", "hash": "8166288826b8dfd88ce2399747868225a8c2b4f3", "best_bid": "0.999", "best_ask": "1"}, {"asset_id": "67889473315110810095614158744365999522844472359130963701321996446606244498524", "price": "0.001", "size": "86990.1", "side": "SELL", "hash": "d9dcfe62a067ae28c997e63e310aa9d9d266320b", "best_bid": "0", "best_ask": "0.001"}], "timestamp": "1769384073349", "event_type": "price_change"}}
{"_local_timestamp": "2026-01-25T23:34:33.605874+00:00", "data": {"market": "0xf830ae7b7146dc68977aa596735a8b2a419299bea02c5f5eca9348f5963d81aa", "price_changes": [{"asset_id": "107716372519422888927334300640288433797667564581302145657868044427650883268130", "price": "0.999", "size": "86985", "side": "BUY", "hash": "81f9e173ac64cb5b36248a3d04e3f7ddd8838ec1", "best_bid": "0.999", "best_ask": "1"}, {"asset_id": "45169541514252127947234447377271141805966865895526058685469085914288834360469", "price": "0.001", "size": "86985", "side": "SELL", "hash": "c36f2929bb260404e8f2e59b795001d34155086b", "best_bid": "0", "best_ask": "0.001"}], "timestamp": "1769384073351", "event_type": "price_change"}}
{"_local_timestamp": "2026-01-25T23:34:33.606428+00:00", "data": {"market": "0xc2561f6035b5e4666674eef9c486686b7a10f5e973ec3b38aaf9eb43cfe173c9", "price_changes": [{"asset_id": "30445257308427026522347165359940478531369941712572491600551781507011164168723", "price": "0.999", "size": "86977", "side": "BUY", "hash": "b9617966ecf1f99edc13bf19f6788403ee19a402", "best_bid": "0.999", "best_ask": "1"}, {"asset_id": "22465180862463802890878218013363050776036324423421578826973137699649780676225", "price": "0.001", "size": "86977", "side": "SELL", "hash": "ba20795809c6839b0fc7894f927a961070dc1db8", "best_bid": "0", "best_ask": "0.001"}], "timestamp": "1769384073352", "event_type": "price_change"}}
{"_local_timestamp": "2026-01-25T23:34:36.283939+00:00", "data": {"market": "0x755ca54c6e8ef588c395faa908461d4d39fef56761a178176b91cccbe0f240c7", "price_changes": [{"asset_id": "17466735811934923763792574336691337549121477091298921225435774847543449448689", "price": "0.999", "size": "89490.1", "side": "BUY", "hash": "5e32720c5f3a889e2da95f74ccc70ea0382d57c4", "best_bid": "0.999", "best_ask": "1"}, {"asset_id": "67889473315110810095614158744365999522844472359130963701321996446606244498524", "price": "0.001", "size": "89490.1", "side": "SELL", "hash": "808cb2a13f43e0301ddea4b756720f762df1fce4", "best_bid": "0", "best_ask": "0.001"}], "timestamp": "1769384076053", "event_type": "price_change"}}
{"_local_timestamp": "2026-01-25T23:34:36.287722+00:00", "data": {"market": "0xf830ae7b7146dc68977aa596735a8b2a419299bea02c5f5eca9348f5963d81aa", "price_changes": [{"asset_id": "107716372519422888927334300640288433797667564581302145657868044427650883268130", "price": "0.999", "size": "89485", "side": "BUY", "hash": "425ab1366c8edfb182587949dda59e56014eb404", "best_bid": "0.999", "best_ask": "1"}, {"asset_id": "45169541514252127947234447377271141805966865895526058685469085914288834360469", "price": "0.001", "size": "89485", "side": "SELL", "hash": "7df0314d503db744722a3c083345dfd9294040fb", "best_bid": "0", "best_ask": "0.001"}], "timestamp": "1769384076053", "event_type": "price_change"}}
{"_local_timestamp": "2026-01-25T23:34:36.288270+00:00", "data": {"market": "0xc2561f6035b5e4666674eef9c486686b7a10f5e973ec3b38aaf9eb43cfe173c9", "price_changes": [{"asset_id": "30445257308427026522347165359940478531369941712572491600551781507011164168723", "price": "0.999", "size": "89477", "side": "BUY", "hash": "d7c2b1c943644956fbb7dc219415c7f8d51682f0", "best_bid": "0.999", "best_ask": "1"}, {"asset_id": "22465180862463802890878218013363050776036324423421578826973137699649780676225", "price": "0.001", "size": "89477", "side": "SELL", "hash": "2f5c9af997383c6636f0a256f82edc8351307540", "best_bid": "0", "best_ask": "0.001"}], "timestamp": "1769384076053", "event_type": "price_change"}}
{"_local_timestamp": "2026-01-25T23:34:37.338752+00:00", "data": {"market": "0x755ca54c6e8ef588c395faa908461d4d39fef56761a178176b91cccbe0f240c7", "price_changes": [{"asset_id": "17466735811934923763792574336691337549121477091298921225435774847543449448689", "price": "0.999", "size": "90114.1", "side": "BUY", "hash": "dadd81fc044e6f28a8bce6a162e91ba0a2002674", "best_bid": "0.999", "best_ask": "1"}, {"asset_id": "67889473315110810095614158744365999522844472359130963701321996446606244498524", "price": "0.001", "size": "90114.1", "side": "SELL", "hash": "7e3546dea06902091042bbf24df1353ce120c613", "best_bid": "0", "best_ask": "0.001"}], "timestamp": "1769384077119", "event_type": "price_change"}}
{"_local_timestamp": "2026-01-25T23:34:37.339337+00:00", "data": {"market": "0xc2561f6035b5e4666674eef9c486686b7a10f5e973ec3b38aaf9eb43cfe173c9", "price_changes": [{"asset_id": "30445257308427026522347165359940478531369941712572491600551781507011164168723", "price": "0.999", "size": "90101", "side": "BUY", "hash": "d921477492c927c36f9821f67487ea44932ff545", "best_bid": "0.999", "best_ask": "1"}, {"asset_id": "22465180862463802890878218013363050776036324423421578826973137699649780676225", "price": "0.001", "size": "90101", "side": "SELL", "hash": "2b2466eb9198c21b2ea44232fdd9ed2b3b228c78", "best_bid": "0", "best_ask": "0.001"}], "timestamp": "1769384077119", "event_type": "price_change"}}
{"_local_timestamp": "2026-01-25T23:34:37.339710+00:00", "data": {"market": "0xf830ae7b7146dc68977aa596735a8b2a419299bea02c5f5eca9348f5963d81aa", "price_changes": [{"asset_id": "107716372519422888927334300640288433797667564581302145657868044427650883268130", "price": "0.999", "size": "90109", "side": "BUY", "hash": "5c85b79b6fbf8548ec9b00268a80d9ebe473cf31", "best_bid": "0.999", "best_ask": "1"}, {"asset_id": "45169541514252127947234447377271141805966865895526058685469085914288834360469", "price": "0.001", "size": "90109", "side": "SELL", "hash": "eef816d834dd674f398e1f0d69a34ae4ad184c20", "best_bid": "0", "best_ask": "0.001"}], "timestamp": "1769384077119", "event_type": "price_change"}}
{"_local_timestamp": "2026-01-25T23:34:38.528647+00:00", "data": {"market": "0xf830ae7b7146dc68977aa596735a8b2a419299bea02c5f5eca9348f5963d81aa", "price_changes": [{"asset_id": "107716372519422888927334300640288433797667564581302145657868044427650883268130", "price": "0.999", "size": "90264", "side": "BUY", "hash": "0bd0fa6e5d6a42363001b2447cab171c03f65246", "best_bid": "0.999", "best_ask": "1"}, {"asset_id": "45169541514252127947234447377271141805966865895526058685469085914288834360469", "price": "0.001", "size": "90264", "side": "SELL", "hash": "93bfadfcfb1fc79aac20a9b72cba88e8540c36f1", "best_bid": "0", "best_ask": "0.001"}], "timestamp": "1769384078437", "event_type": "price_change"}}
{"_local_timestamp": "2026-01-25T23:34:38.529054+00:00", "data": {"market": "0x755ca54c6e8ef588c395faa908461d4d39fef56761a178176b91cccbe0f240c7", "price_changes": [{"asset_id": "17466735811934923763792574336691337549121477091298921225435774847543449448689", "price": "0.999", "size": "90269.1", "side": "BUY", "hash": "9313996f8e536c2db4a7f754287e8a0d3da63c7b", "best_bid": "0.999", "best_ask": "1"}, {"asset_id": "67889473315110810095614158744365999522844472359130963701321996446606244498524", "price": "0.001", "size": "90269.1", "side": "SELL", "hash": "46a6b383d90585b548f687dc315fc9da79e06059", "best_bid": "0", "best_ask": "0.001"}], "timestamp": "1769384078437", "event_type": "price_change"}}
{"_local_timestamp": "2026-01-25T23:34:38.529363+00:00", "data": {"market": "0xc2561f6035b5e4666674eef9c486686b7a10f5e973ec3b38aaf9eb43cfe173c9", "price_changes": [{"asset_id": "30445257308427026522347165359940478531369941712572491600551781507011164168723", "price": "0.999", "size": "90256", "side": "BUY", "hash": "5e6cbd96295adbeed128e64e8c5dfce0a7ed44c2", "best_bid": "0.999", "best_ask": "1"}, {"asset_id": "22465180862463802890878218013363050776036324423421578826973137699649780676225", "price": "0.001", "size": "90256", "side": "SELL", "hash": "e1162e6d01718d8692bab8e52344482ad7b7b73f", "best_bid": "0", "best_ask": "0.001"}], "timestamp": "1769384078437", "event_type": "price_change"}}
{"_local_timestamp": "2026-01-25T23:34:41.425417+00:00", "data": {"market": "0xc2561f6035b5e4666674eef9c486686b7a10f5e973ec3b38aaf9eb43cfe173c9", "price_changes": [{"asset_id": "30445257308427026522347165359940478531369941712572491600551781507011164168723", "price": "0.999", "size": "90293", "side": "BUY", "hash": "598c262d1d9120b9b5616976c6b78c017eb0489d", "best_bid": "0.999", "best_ask": "1"}, {"asset_id": "22465180862463802890878218013363050776036324423421578826973137699649780676225", "price": "0.001", "size": "90293", "side": "SELL", "hash": "7d7bdbe8294428fc41e4223d15a04235eec519fa", "best_bid": "0", "best_ask": "0.001"}], "timestamp": "1769384081362", "event_type": "price_change"}}
{"_local_timestamp": "2026-01-25T23:34:41.425777+00:00", "data": {"market": "0x755ca54c6e8ef588c395faa908461d4d39fef56761a178176b91cccbe0f240c7", "price_changes": [{"asset_id": "17466735811934923763792574336691337549121477091298921225435774847543449448689", "price": "0.999", "size": "90306.1", "side": "BUY", "hash": "00055b09ef025a6d39008bf088ad8229eb23e38d", "best_bid": "0.999", "best_ask": "1"}, {"asset_id": "67889473315110810095614158744365999522844472359130963701321996446606244498524", "price": "0.001", "size": "90306.1", "side": "SELL", "hash": "e96a627bbe18d9e2d35ed73701c8834d7fba1464", "best_bid": "0", "best_ask": "0.001"}], "timestamp": "1769384081362", "event_type": "price_change"}}
{"_local_timestamp": "2026-01-25T23:34:41.426040+00:00", "data": {"market": "0xf830ae7b7146dc68977aa596735a8b2a419299bea02c5f5eca9348f5963d81aa", "price_changes": [{"asset_id": "107716372519422888927334300640288433797667564581302145657868044427650883268130", "price": "0.999", "size": "90301", "side": "BUY", "hash": "e82b603bd9151979b862be5c3a061834f554787c", "best_bid": "0.999", "best_ask": "1"}, {"asset_id": "45169541514252127947234447377271141805966865895526058685469085914288834360469", "price": "0.001", "size": "90301", "side": "SELL", "hash": "c1e915916491ba38836c8743e0a7405deca721c2", "best_bid": "0", "best_ask": "0.001"}], "timestamp": "1769384081362", "event_type": "price_change"}}
{"_local_timestamp": "2026-01-25T23:35:07.465869+00:00", "data": {"market": "0x755ca54c6e8ef588c395faa908461d4d39fef56761a178176b91cccbe0f240c7", "price_changes": [{"asset_id": "17466735811934923763792574336691337549121477091298921225435774847543449448689", "price": "0.999", "size": "84801.1", "side": "BUY", "hash": "2bfb79e8073bbd237621ded2d238472b053e720a", "best_bid": "0.999", "best_ask": "1"}, {"asset_id": "67889473315110810095614158744365999522844472359130963701321996446606244498524", "price": "0.001", "size": "84801.1", "side": "SELL", "hash": "34ae43ef223f1a36033dce4bedc6df6178942dbf", "best_bid": "0", "best_ask": "0.001"}], "timestamp": "1769384107390", "event_type": "price_change"}}
{"_local_timestamp": "2026-01-25T23:35:07.488627+00:00", "data": {"market": "0xf830ae7b7146dc68977aa596735a8b2a419299bea02c5f5eca9348f5963d81aa", "price_changes": [{"asset_id": "107716372519422888927334300640288433797667564581302145657868044427650883268130", "price": "0.999", "size": "84796", "side": "BUY", "hash": "af15fac555c1303b088967a40338be211c38047c", "best_bid": "0.999", "best_ask": "1"}, {"asset_id": "45169541514252127947234447377271141805966865895526058685469085914288834360469", "price": "0.001", "size": "84796", "side": "SELL", "hash": "7eb463338a8785166b882fd6c6c9d195c026d6f9", "best_bid": "0", "best_ask": "0.001"}], "timestamp": "1769384107398", "event_type": "price_change"}}
{"_local_timestamp": "2026-01-25T23:35:07.503733+00:00", "data": {"market": "0xc2561f6035b5e4666674eef9c486686b7a10f5e973ec3b38aaf9eb43cfe173c9", "price_changes": [{"asset_id": "30445257308427026522347165359940478531369941712572491600551781507011164168723", "price": "0.999", "size": "84788", "side": "BUY", "hash": "e6d2abe7c71716bfe7b4bcab582092db4c4e4dd1", "best_bid": "0.999", "best_ask": "1"}, {"asset_id": "22465180862463802890878218013363050776036324423421578826973137699649780676225", "price": "0.001", "size": "84788", "side": "SELL", "hash": "d39c500414ac56554e7f6b68f5710e5b7d635138", "best_bid": "0", "best_ask": "0.001"}], "timestamp": "1769384107401", "event_type": "price_change"}}
{"_local_timestamp": "2026-01-25T23:35:07.703915+00:00", "data": {"market": "0xf830ae7b7146dc68977aa596735a8b2a419299bea02c5f5eca9348f5963d81aa", "price_changes": [{"asset_id": "107716372519422888927334300640288433797667564581302145657868044427650883268130", "price": "0.999", "size": "84835", "side": "BUY", "hash": "624c1721b5a8a399e8c585be5b0fee85ba532e8a", "best_bid": "0.999", "best_ask": "1"}, {"asset_id": "45169541514252127947234447377271141805966865895526058685469085914288834360469", "price": "0.001", "size": "84835", "side": "SELL", "hash": "01efb7156990e2f603e232c445b208b9cad5a9cb", "best_bid": "0", "best_ask": "0.001"}], "timestamp": "1769384107610", "event_type": "price_change"}}
{"_local_timestamp": "2026-01-25T23:35:07.704281+00:00", "data": {"market": "0x755ca54c6e8ef588c395faa908461d4d39fef56761a178176b91cccbe0f240c7", "price_changes": [{"asset_id": "17466735811934923763792574336691337549121477091298921225435774847543449448689", "price": "0.999", "size": "84840.1", "side": "BUY", "hash": "2ad39ec01fe180cbc0942e5b12926b2a630b7e33", "best_bid": "0.999", "best_ask": "1"}, {"asset_id": "67889473315110810095614158744365999522844472359130963701321996446606244498524", "price": "0.001", "size": "84840.1", "side": "SELL", "hash": "ad4dd2cfd32e3b408a852475823e536d8a107cd8", "best_bid": "0", "best_ask": "0.001"}], "timestamp": "1769384107610", "event_type": "price_change"}}
{"_local_timestamp": "2026-01-25T23:35:07.711070+00:00", "data": {"market": "0xc2561f6035b5e4666674eef9c486686b7a10f5e973ec3b38aaf9eb43cfe173c9", "price_changes": [{"asset_id": "30445257308427026522347165359940478531369941712572491600551781507011164168723", "price": "0.999", "size": "84827", "side": "BUY", "hash": "a6d5d27ce252be8bb15e6f2902358da1e84ffe5c", "best_bid": "0.999", "best_ask": "1"}, {"asset_id": "22465180862463802890878218013363050776036324423421578826973137699649780676225", "price": "0.001", "size": "84827", "side": "SELL", "hash": "346acc2f777b85bfdf55c501d960001feabb4ae8", "best_bid": "0", "best_ask": "0.001"}], "timestamp": "1769384107612", "event_type": "price_change"}}
{"_local_timestamp": "2026-01-25T23:35:08.011965+00:00", "data": {"market": "0x755ca54c6e8ef588c395faa908461d4d39fef56761a178176b91cccbe0f240c7", "price_changes": [{"asset_id": "17466735811934923763792574336691337549121477091298921225435774847543449448689", "price": "0.999", "size": "84878.1", "side": "BUY", "hash": "8aef4d8298109c4dc0df8dbc7c612d457bb728ba", "best_bid": "0.999", "best_ask": "1"}, {"asset_id": "67889473315110810095614158744365999522844472359130963701321996446606244498524", "price": "0.001", "size": "84878.1", "side": "SELL", "hash": "1d365e277d826ec1f43fba8e21c6e1fae47317a9", "best_bid": "0", "best_ask": "0.001"}], "timestamp": "1769384107942", "event_type": "price_change"}}
{"_local_timestamp": "2026-01-25T23:35:08.017750+00:00", "data": {"market": "0xc2561f6035b5e4666674eef9c486686b7a10f5e973ec3b38aaf9eb43cfe173c9", "price_changes": [{"asset_id": "30445257308427026522347165359940478531369941712572491600551781507011164168723", "price": "0.999", "size": "84865", "side": "BUY", "hash": "96718a2b06170ce40286f1716a5dfd993ee135b4", "best_bid": "0.999", "best_ask": "1"}, {"asset_id": "22465180862463802890878218013363050776036324423421578826973137699649780676225", "price": "0.001", "size": "84865", "side": "SELL", "hash": "5f6a61205e9ba4e296914cdcf86200a2f3d636ce", "best_bid": "0", "best_ask": "0.001"}], "timestamp": "1769384107942", "event_type": "price_change"}}
{"_local_timestamp": "2026-01-25T23:35:08.018102+00:00", "data": {"market": "0xf830ae7b7146dc68977aa596735a8b2a419299bea02c5f5eca9348f5963d81aa", "price_changes": [{"asset_id": "107716372519422888927334300640288433797667564581302145657868044427650883268130", "price": "0.999", "size": "84873", "side": "BUY", "hash": "d30a27838a98cda809f5a2ee84169af306c09e64", "best_bid": "0.999", "best_ask": "1"}, {"asset_id": "45169541514252127947234447377271141805966865895526058685469085914288834360469", "price": "0.001", "size": "84873", "side": "SELL", "hash": "dcaa7d49a455f6beb6f39a1810601618836fc8a1", "best_bid": "0", "best_ask": "0.001"}], "timestamp": "1769384107942", "event_type": "price_change"}}
{"_local_timestamp": "2026-01-25T23:35:08.463628+00:00", "data": {"market": "0x755ca54c6e8ef588c395faa908461d4d39fef56761a178176b91cccbe0f240c7", "price_changes": [{"asset_id": "17466735811934923763792574336691337549121477091298921225435774847543449448689", "price": "0.999", "size": "84915.1", "side": "BUY", "hash": "76a0cea596a4c4cd62dd717dd29feaa278b7c120", "best_bid": "0.999", "best_ask": "1"}, {"asset_id": "67889473315110810095614158744365999522844472359130963701321996446606244498524", "price": "0.001", "size": "84915.1", "side": "SELL", "hash": "32dd71f9e8bf4600f9313b4a9f0c8939aed2a375", "best_bid": "0", "best_ask": "0.001"}], "timestamp": "1769384108375", "event_type": "price_change"}}
{"_local_timestamp": "2026-01-25T23:35:08.464291+00:00", "data": {"market": "0xc2561f6035b5e4666674eef9c486686b7a10f5e973ec3b38aaf9eb43cfe173c9", "price_changes": [{"asset_id": "30445257308427026522347165359940478531369941712572491600551781507011164168723", "price": "0.999", "size": "84902", "side": "BUY", "hash": "ff836557d8d9b79c1a293157a687bb892300c255", "best_bid": "0.999", "best_ask": "1"}, {"asset_id": "22465180862463802890878218013363050776036324423421578826973137699649780676225", "price": "0.001", "size": "84902", "side": "SELL", "hash": "b5693622d0de294800bda9932bf7af4200756456", "best_bid": "0", "best_ask": "0.001"}], "timestamp": "1769384108375", "event_type": "price_change"}}
{"_local_timestamp": "2026-01-25T23:35:08.464644+00:00", "data": {"market": "0xf830ae7b7146dc68977aa596735a8b2a419299bea02c5f5eca9348f5963d81aa", "price_changes": [{"asset_id": "107716372519422888927334300640288433797667564581302145657868044427650883268130", "price": "0.999", "size": "84910", "side": "BUY", "hash": "627b5b52905c4cf3dd93aa16a18ebf83bc4d52a9", "best_bid": "0.999", "best_ask": "1"}, {"asset_id": "45169541514252127947234447377271141805966865895526058685469085914288834360469", "price": "0.001", "size": "84910", "side": "SELL", "hash": "120ba4134ab43abd269afe53196088523fe45159", "best_bid": "0", "best_ask": "0.001"}], "timestamp": "1769384108375", "event_type": "price_change"}}
{"_local_timestamp": "2026-01-25T23:35:08.902958+00:00", "data": {"market": "0xc2561f6035b5e4666674eef9c486686b7a10f5e973ec3b38aaf9eb43cfe173c9", "price_changes": [{"asset_id": "30445257308427026522347165359940478531369941712572491600551781507011164168723", "price": "0.999", "size": "84938", "side": "BUY", "hash": "632649575863aad3553125d32e1c55ed697ad752", "best_bid": "0.999", "best_ask": "1"}, {"asset_id": "22465180862463802890878218013363050776036324423421578826973137699649780676225", "price": "0.001", "size": "84938", "side": "SELL", "hash": "289fc6e82f1ba0bb2fe9402ddae20e63f92fb4ef", "best_bid": "0", "best_ask": "0.001"}], "timestamp": "1769384108818", "event_type": "price_change"}}
{"_local_timestamp": "2026-01-25T23:35:08.903859+00:00", "data": {"market": "0xf830ae7b7146dc68977aa596735a8b2a419299bea02c5f5eca9348f5963d81aa", "price_changes": [{"asset_id": "107716372519422888927334300640288433797667564581302145657868044427650883268130", "price": "0.999", "size": "84946", "side": "BUY", "hash": "f0e98cdc2b11d5833304bf9f68bbc32fabd318a0", "best_bid": "0.999", "best_ask": "1"}, {"asset_id": "45169541514252127947234447377271141805966865895526058685469085914288834360469", "price": "0.001", "size": "84946", "side": "SELL", "hash": "a7bc8ec7ad121549db78efc9226dcaf988dd1e69", "best_bid": "0", "best_ask": "0.001"}], "timestamp": "1769384108819", "event_type": "price_change"}}
{"_local_timestamp": "2026-01-25T23:35:08.904286+00:00", "data": {"market": "0x755ca54c6e8ef588c395faa908461d4d39fef56761a178176b91cccbe0f240c7", "price_changes": [{"asset_id": "17466735811934923763792574336691337549121477091298921225435774847543449448689", "price": "0.999", "size": "84951.1", "side": "BUY", "hash": "a4cce3e82389823024fc3ccef789143a1e992dce", "best_bid": "0.999", "best_ask": "1"}, {"asset_id": "67889473315110810095614158744365999522844472359130963701321996446606244498524", "price": "0.001", "size": "84951.1", "side": "SELL", "hash": "afee96014c07e64b7a30b697860f2a9103d867da", "best_bid": "0", "best_ask": "0.001"}], "timestamp": "1769384108818", "event_type": "price_change"}}
{"_local_timestamp": "2026-01-25T23:35:09.250479+00:00", "data": {"market": "0x755ca54c6e8ef588c395faa908461d4d39fef56761a178176b91cccbe0f240c7", "price_changes": [{"asset_id": "17466735811934923763792574336691337549121477091298921225435774847543449448689", "price": "0.999", "size": "84986.1", "side": "BUY", "hash": "23387e2c9ac407753d3bf28fcdef91249d29c884", "best_bid": "0.999", "best_ask": "1"}, {"asset_id": "67889473315110810095614158744365999522844472359130963701321996446606244498524", "price": "0.001", "size": "84986.1", "side": "SELL", "hash": "c953b7a02b37be53b913487bab4d85a3211bfdba", "best_bid": "0", "best_ask": "0.001"}], "timestamp": "1769384109165", "event_type": "price_change"}}
{"_local_timestamp": "2026-01-25T23:35:09.260425+00:00", "data": {"market": "0xf830ae7b7146dc68977aa596735a8b2a419299bea02c5f5eca9348f5963d81aa", "price_changes": [{"asset_id": "107716372519422888927334300640288433797667564581302145657868044427650883268130", "price": "0.999", "size": "84981", "side": "BUY", "hash": "fd2d4f89d09ce2b72448003ff5c453e022caed7c", "best_bid": "0.999", "best_ask": "1"}, {"asset_id": "45169541514252127947234447377271141805966865895526058685469085914288834360469", "price": "0.001", "size": "84981", "side": "SELL", "hash": "51ec369d9359276a912ce1a1823baeab336545d3", "best_bid": "0", "best_ask": "0.001"}], "timestamp": "1769384109166", "event_type": "price_change"}}
{"_local_timestamp": "2026-01-25T23:35:09.262260+00:00", "data": {"market": "0xc2561f6035b5e4666674eef9c486686b7a10f5e973ec3b38aaf9eb43cfe173c9", "price_changes": [{"asset_id": "30445257308427026522347165359940478531369941712572491600551781507011164168723", "price": "0.999", "size": "84973", "side": "BUY", "hash": "bb0307a742e03348390933fcbd2febe7d92c9ee9", "best_bid": "0.999", "best_ask": "1"}, {"asset_id": "22465180862463802890878218013363050776036324423421578826973137699649780676225", "price": "0.001", "size": "84973", "side": "SELL", "hash": "3700da8e0e08fc5e86c89874cd1e0530dc8c5466", "best_bid": "0", "best_ask": "0.001"}], "timestamp": "1769384109166", "event_type": "price_change"}}
