{"_local_timestamp": "2026-01-25T23:34:21.423166+00:00", "data": [{"market": "0x39487de3af0e429afb17f2a8d2c6e62dd6f90b3e288edcb878d9b298000bc799", "asset_id": "27363182361653096127776421295975341891015589414878418454316935352759599392683", "timestamp": "1769377063945", "hash": "0b0af10da566a917e706150571b9dfa2e6b04e01", "bids": [{"price": "0.01", "size": "200"}, {"price": "0.03", "size": "109"}, {"price": "0.05", "size": "100"}, {"price": "0.06", "size": "5.47"}], "asks": [{"price": "0.99", "size": "200"}, {"price": "0.97", "size": "66"}, {"price": "0.95", "size": "60"}, {"price": "0.94", "size": "63"}, {"price": "0.93", "size": "158"}], "event_type": "book", "last_trade_price": ""}, {"market": "0x087f1bad7161925728d793586a5591a4579c646c511415c09de3b1c739036517", "asset_id": "67456233649015759907055392048732119311993838150623271204278376988327927467276", "timestamp": "1769377063944", "hash": "a35fec0e464eb35307c5b93d23bbd4bdc18c74fc", "bids": [{"price": "0.01", "size": "200"}, {"price": "0.03", "size": "66"}, {"price": "0.05", "size": "60"}, {"price": "0.06", "size": "63"}, {"price": "0.07", "size": "158"}], "asks": [{"price": "0.99", "size": "200"}, {"price": "0.97", "size": "109"}, {"price": "0.95", "size": "60"}, {"price": "0.94", "size": "38.47"}], "event_type": "book", "last_trade_price": ""}, {"market": "0x39487de3af0e429afb17f2a8d2c6e62dd6f90b3e288edcb878d9b298000bc799", "asset_id": "32283724221172418924039985303281119777107792096819916765565899973643539728241", "timestamp": "1769377063945", "hash": "da7c464a4de339ebd9bfbde65541b5607234c48a", "bids": [{"price": "0.01", "size": "200"}, {"price": "0.03", "size": "66"}, {"price": "0.05", "size": "60"}, {"price": "0.06", "size": "63"}, {"price": "0.07", "size": "158"}], "asks": [{"price": "0.99", "size": "200"}, {"price": "0.97", "size": "109"}, {"price": "0.95", "size": "100"}, {"price": "0.94", "size": "5.47"}], "event_type": "book", "last_trade_price": ""}, {"market": "0x5232b676f28d63957c173af00cb96d044cef12ba99b826452f56ea97c83d3d0b", "asset_id": "2893098131855835406338521864164340591495254455460978550362363689691312119233", "timestamp": "1769377063944", "hash": "7f4826ebd026b8df11061ca3e207bcb840ab696c", "bids": [{"price": "0.01", "size": "200"}, {"price": "0.03", "size": "109"}, {"price": "0.05", "size": "100"}, {"price": "0.06", "size": "5.47"}], "asks": [{"price": "0.99", "size": "200"}, {"price": "0.97", "size": "66"}, {"price": "0.95", "size": "60"}, {"price": "0.94", "size": "63"}, {"price": "0.93", "size": "158"}], "event_type": "book", "last_trade_price": ""}, {"market": "0x087f1bad7161925728d793586a5591a4579c646c511415c09de3b1c739036517", "asset_id": "94473328221502355530525971223145863646256943510962012145106707075035422157070", "timestamp": "1769377063944", "hash": "afbb60a7f28ad680ae54ebaaf95e02f63770d3f2", "bids": [{"price": "0.01", "size": "200"}, {"price": "0.03", "size": "109"}, {"price": "0.05", "size": "60"}, {"price": "0.06", "size": "38.47"}], "asks": [{"price": "0.99", "size": "200"}, {"price": "0.97", "size": "66"}, {"price": "0.95", "size": "60"}, {"price": "0.94", "size": "63"}, {"price": "0.93", "size": "158"}], "event_type": "book", "last_trade_price": ""}, {"market": "0x5232b676f28d63957c173af00cb96d044cef12ba99b826452f56ea97c83d3d0b", "asset_id": "64502660440746628286966246066828475781399284222649834935511987253771788491706", "timestamp": "1769377063944", "hash": "00e354a5acf60826fcc54071530a8c4511d25e32", "bids": [{"price": "0.01", "size": "200"}, {"price": "0.03", "size": "66"}, {"price": "0.05", "size": "60"}, {"price": "0.06", "size": "63"}, {"price": "0.07", "size": "158"}], "asks": [{"price": "0.99", "size": "200"}, {"price": "0.97", "size": "109"}, {"price": "0.95", "size": "100"}, {"price": "0.94", "size": "5.47"}], "event_type": "book", "last_trade_price": ""}]}
