{"_local_timestamp": "2026-01-25T23:41:26.882258+00:00", "data": [{"market": "0x10ffbcb35263223bc0bc0e7d2f7b239df1a7b058318af06755c5b6e79169f7c2", "asset_id": "26392691956903514946434239689416534807240605657085924742195094533483292970964", "timestamp": "1769376495040", "hash": "ee059f8236a54afcb59236d6251ddb74fa3f4512", "bids": [{"price": "0.01", "size": "200"}, {"price": "0.03", "size": "116"}, {"price": "0.05", "size": "100"}, {"price": "0.06", "size": "5.47"}], "asks": [{"price": "0.99", "size": "200"}, {"price": "0.97", "size": "66"}, {"price": "0.95", "size": "60"}, {"price": "0.94", "size": "63"}, {"price": "0.93", "size": "158"}], "event_type": "book", "last_trade_price": ""}, {"market": "0x375833db9e66edecc3e6d52c8314e9f0dfca426cde15c62a74511ee9b369b572", "asset_id": "85607295090129653852500884969503185253322823782693303667432612594320881587520", "timestamp": "1769376495039", "hash": "43ec2329349782a0e967aa71d12158d774fc4dc7", "bids": [{"price": "0.01", "size": "200"}, {"price": "0.03", "size": "66"}, {"price": "0.04", "size": "33"}, {"price": "0.05", "size": "100"}, {"price": "0.06", "size": "5.47"}], "asks": [{"price": "0.99", "size": "200"}, {"price": "0.97", "size": "66"}, {"price": "0.95", "size": "60"}, {"price": "0.94", "size": "63"}, {"price": "0.93", "size": "158"}], "event_type": "book", "last_trade_price": ""}, {"market": "0x70ce60130883ec7b38e32a0178268af34aaa90d6b15d95c72116fa86fbbfeeec", "asset_id": "34489705747575054723360703381274052698796257581984398333618187349399572833052", "timestamp": "1769376495039", "hash": "400a7cfb3461f28a4e3ec9c7a144a16a09b28389", "bids": [{"price": "0.01", "size": "200"}, {"price": "0.03", "size": "116"}, {"price": "0.05", "size": "100"}, {"price": "0.06", "size": "5.47"}], "asks": [{"price": "0.99", "size": "200"}, {"price": "0.97", "size": "66"}, {"price": "0.95", "size": "60"}, {"price": "0.94", "size": "63"}, {"price": "0.93", "size": "158"}], "event_type": "book", "last_trade_price": ""}, {"market": "0x70ce60130883ec7b38e32a0178268af34aaa90d6b15d95c72116fa86fbbfeeec", "asset_id": "48547100420215705796217292241765712719217180991013053809088285775820752970260", "timestamp": "1769376495039", "hash": "fb2094d77f73ab77a580b15e44d5aa0d27a0ce60", "bids": [{"price": "0.01", "size": "200"}, {"price": "0.03", "size": "66"}, {"price": "0.05", "size": "60"}, {"price": "0.06", "size": "63"}, {"price": "0.07", "size": "158"}], "asks": [{"price": "0.99", "size": "200"}, {"price": "0.97", "size": "116"}, {"price": "0.95", "size": "100"}, {"price": "0.94", "size": "5.47"}], "event_type": "book", "last_trade_price": ""}, {"market": "0x10ffbcb35263223bc0bc0e7d2f7b239df1a7b058318af06755c5b6e79169f7c2", "asset_id": "16289095694602870698946746484902002452689158464194983892888064184380562066112", "timestamp": "1769376495040", "hash": "77e8f77a6b80ccb565d0cab88b426acbb870214e", "bids": [{"price": "0.01", "size": "200"}, {"price": "0.03", "size": "66"}, {"price": "0.05", "size": "60"}, {"price": "0.06", "size": "63"}, {"price": "0.07", "size": "158"}], "asks": [{"price": "0.99", "size": "200"}, {"price": "0.97", "size": "116"}, {"price": "0.95", "size": "100"}, {"price": "0.94", "size": "5.47"}], "event_type": "book", "last_trade_price": ""}, {"market": "0x375833db9e66edecc3e6d52c8314e9f0dfca426cde15c62a74511ee9b369b572", "asset_id": "115779867544105038441657595053161529152672995745976483256013918110473168083301", "timestamp": "1769376495039", "hash": "3cb114d5630f738dd0141ae94847c93c825e2caf", "bids": [{"price": "0.01", "size": "200"}, {"price": "0.03", "size": "66"}, {"price": "0.05", "size": "60"}, {"price": "0.06", "size": "63"}, {"price": "0.07", "size": "158"}], "asks": [{"price": "0.99", "size": "200"}, {"price": "0.97", "size": "66"}, {"price": "0.96", "size": "33"}, {"price": "0.95", "size": "100"}, {"price": "0.94", "size": "5.47"}], "event_type": "book", "last_trade_price": ""}]}
