{"_local_timestamp": "2026-01-25T23:41:26.934281+00:00", "data": [{"market": "0x3d2b9c46b991b17d85dda73ed4599d7d22acc736bdbb7782b8be23152dfe28b7", "asset_id": "53220659002829514578101432112229758147408839972808635671077839763936772737175", "timestamp": "1769375711494", "hash": "b8b772fc4418bf9681407f7103615580603feb57", "bids": [{"price": "0.01", "size": "200"}, {"price": "0.03", "size": "66"}, {"price": "0.04", "size": "33"}, {"price": "0.05", "size": "100"}, {"price": "0.06", "size": "5.47"}], "asks": [{"price": "0.99", "size": "200"}, {"price": "0.97", "size": "66"}, {"price": "0.96", "size": "33"}, {"price": "0.95", "size": "60"}, {"price": "0.94", "size": "191"}], "event_type": "book", "last_trade_price": ""}, {"market": "0x1d437cdefff4dc9538742ea62626afc6c6e73836d9b12b4b550a6e4c65bf36f8", "asset_id": "34033008829492778140973833342637900852903285501975475655065017377186574858061", "timestamp": "1769375711494", "hash": "05868df543a897b64d55213c6bdf18ec3085afb9", "bids": [{"price": "0.01", "size": "200"}, {"price": "0.03", "size": "66"}, {"price": "0.04", "size": "33"}, {"price": "0.05", "size": "60"}, {"price": "0.06", "size": "191"}], "asks": [{"price": "0.99", "size": "200"}, {"price": "0.97", "size": "66"}, {"price": "0.96", "size": "33"}, {"price": "0.95", "size": "60"}, {"price": "0.94", "size": "38.47"}], "event_type": "book", "last_trade_price": ""}, {"market": "0x1d437cdefff4dc9538742ea62626afc6c6e73836d9b12b4b550a6e4c65bf36f8", "asset_id": "58137854423606878373541224813318436454044737692973258646040473897890390296552", "timestamp": "1769375711494", "hash": "60de14e8e920674ac1737a76278f5ba3349a7f4c", "bids": [{"price": "0.01", "size": "200"}, {"price": "0.03", "size": "66"}, {"price": "0.04", "size": "33"}, {"price": "0.05", "size": "60"}, {"price": "0.06", "size": "38.47"}], "asks": [{"price": "0.99", "size": "200"}, {"price": "0.97", "size": "66"}, {"price": "0.96", "size": "33"}, {"price": "0.95", "size": "60"}, {"price": "0.94", "size": "191"}], "event_type": "book", "last_trade_price": ""}, {"market": "0xa838b243ddc10fbc7a229953df7667fb358e1ad252e03c3ac23e52b784f08dcd", "asset_id": "51645829965187039772223531180349530821574517607635111835971026754171418392628", "timestamp": "1769375711494", "hash": "dfdd33881c48d44047851833f1acdf405ba9831f", "bids": [{"price": "0.01", "size": "200"}, {"price": "0.03", "size": "66"}, {"price": "0.04", "size": "33"}, {"price": "0.05", "size": "60"}, {"price": "0.06", "size": "191"}], "asks": [{"price": "0.99", "size": "200"}, {"price": "0.97", "size": "66"}, {"price": "0.96", "size": "33"}, {"price": "0.95", "size": "100"}, {"price": "0.94", "size": "5.47"}], "event_type": "book", "last_trade_price": ""}, {"market": "0x3d2b9c46b991b17d85dda73ed4599d7d22acc736bdbb7782b8be23152dfe28b7", "asset_id": "37061152576808768336057668894113991571771264904436175766388029586961089172539", "timestamp": "1769375711494", "hash": "28bbb33d6f64d012050daba0f525f549df77785b", "bids": [{"price": "0.01", "size": "200"}, {"price": "0.03", "size": "66"}, {"price": "0.04", "size": "33"}, {"price": "0.05", "size": "60"}, {"price": "0.06", "size": "191"}], "asks": [{"price": "0.99", "size": "200"}, {"price": "0.97", "size": "66"}, {"price": "0.96", "size": "33"}, {"price": "0.95", "size": "100"}, {"price": "0.94", "size": "5.47"}], "event_type": "book", "last_trade_price": ""}, {"market": "0xa838b243ddc10fbc7a229953df7667fb358e1ad252e03c3ac23e52b784f08dcd", "asset_id": "11724630264020019796716263002781456226693480355233543934042923906359479255007", "timestamp": "1769375711494", "hash": "3c7e2c55c7b6ab18afc9d87bfdc499dc0578e6df", "bids": [{"price": "0.01", "size": "200"}, {"price": "0.03", "size": "66"}, {"price": "0.04", "size": "33"}, {"price": "0.05", "size": "100"}, {"price": "0.06", "size": "5.47"}], "asks": [{"price": "0.99", "size": "200"}, {"price": "0.97", "size": "66"}, {"price": "0.96", "size": "33"}, {"price": "0.95", "size": "60"}, {"price": "0.94", "size": "191"}], "event_type": "book", "last_trade_price": ""}]}
