{"_local_timestamp": "2026-01-25T23:33:59.023288+00:00", "data": [{"market": "0x17165b25b40d0cd5eded79a10ea4edf5afb14815dfb8950a234fad94f8af4f27", "asset_id": "72838904447407604633859031895061203337832266740009110247480573168832581988066", "timestamp": "1769383904531", "hash": "c7b3d21dc13663f4235439b3353452cb9b16d65a", "bids": [{"price": "0.01", "size": "550"}, {"price": "0.15", "size": "300"}, {"price": "0.25", "size": "115"}, {"price": "0.29", "size": "500"}, {"price": "0.3", "size": "500"}, {"price": "0.31", "size": "200"}, {"price": "0.35", "size": "10"}], "asks": [{"price": "0.99", "size": "550"}, {"price": "0.85", "size": "190"}, {"price": "0.83", "size": "400"}, {"price": "0.82", "size": "300"}, {"price": "0.81", "size": "300"}, {"price": "0.8", "size": "200"}, {"price": "0.79", "size": "100"}, {"price": "0.78", "size": "100"}, {"price": "0.77", "size": "100"}, {"price": "0.76", "size": "400"}, {"price": "0.75", "size": "6300"}, {"price": "0.72", "size": "10"}], "event_type": "book", "last_trade_price": ""}, {"market": "0x541590620e9bae60c81251db1f40f4bc9993471e3e96ccd370b48408c81d1f1d", "asset_id": "68439127452623117480622772828784613276199562093285677972747691711941953664692", "timestamp": "1769381145325", "hash": "154ce9a946273e24681e81cb7b7e32718259b42a", "bids": [{"price": "0.01", "size": "150"}, {"price": "0.02", "size": "5.47"}], "asks": [{"price": "0.99", "size": "150"}, {"price": "0.98", "size": "12.5"}], "event_type": "book", "last_trade_price": ""}, {"market": "0xcecb9c437a7f92554e4b3441ab806c347d819475389d9986896d0480b8548b6c", "asset_id": "72968957625689698645651894414138421392919932957697137051012273722869170945605", "timestamp": "1769381809319", "hash": "5a59dd59a40567b0866ee976a8931f47bc3cb933", "bids": [{"price": "0.01", "size": "250"}], "asks": [{"price": "0.99", "size": "262.5"}, {"price": "0.95", "size": "30"}, {"price": "0.93", "size": "10.94"}, {"price": "0.92", "size": "35"}], "event_type": "book", "last_trade_price": "0.020"}, {"market": "0x541590620e9bae60c81251db1f40f4bc9993471e3e96ccd370b48408c81d1f1d", "asset_id": "51648051052239636207331053556910137107586474997737605471428918089721608907458", "timestamp": "1769381145325", "hash": "b4756caa751af32808c9035a9430c55bf4269d39", "bids": [{"price": "0.01", "size": "150"}, {"price": "0.02", "size": "12.5"}], "asks": [{"price": "0.99", "size": "150"}, {"price": "0.98", "size": "5.47"}], "event_type": "book", "last_trade_price": ""}, {"market": "0xcecb9c437a7f92554e4b3441ab806c347d819475389d9986896d0480b8548b6c", "asset_id": "94795286023882812574380931375667939686983231394426292702825165760387887637505", "timestamp": "1769381809319", "hash": "f855ef56dcaf05a0b6fd3a97df959c45490e20e1", "bids": [{"price": "0.01", "size": "262.5"}, {"price": "0.05", "size": "30"}, {"price": "0.07", "size": "10.94"}, {"price": "0.08", "size": "35"}], "asks": [{"price": "0.99", "size": "250"}], "event_type": "book", "last_trade_price": "0.020"}, {"market": "0x17165b25b40d0cd5eded79a10ea4edf5afb14815dfb8950a234fad94f8af4f27", "asset_id": "44521773169571298754766282575198953634055716668872479467791578766962445080161", "timestamp": "1769383904531", "hash": "7a6f547f00a6d8dbe271d30b199af7b523bde073", "bids": [{"price": "0.01", "size": "550"}, {"price": "0.15", "size": "190"}, {"price": "0.17", "size": "400"}, {"price": "0.18", "size": "300"}, {"price": "0.19", "size": "300"}, {"price": "0.2", "size": "200"}, {"price": "0.21", "size": "100"}, {"price": "0.22", "size": "100"}, {"price": "0.23", "size": "100"}, {"price": "0.24", "size": "400"}, {"price": "0.25", "size": "6300"}, {"price": "0.28", "size": "10"}], "asks": [{"price": "0.99", "size": "550"}, {"price": "0.85", "size": "300"}, {"price": "0.75", "size": "115"}, {"price": "0.71", "size": "500"}, {"price": "0.7", "size": "500"}, {"price": "0.69", "size": "200"}, {"price": "0.65", "size": "10"}], "event_type": "book", "last_trade_price": ""}]}
