{"_local_timestamp": "2026-01-25T23:33:59.010847+00:00", "data": [{"market": "0x2448e4c2154fb0757a04f84a2fc01fe8d67b234644e15ba23ef076867002b131", "asset_id": "83235842810003557130483586807507002986462220686648792278247919991814747200327", "timestamp": "1769375591231", "hash": "088fb16e2f612a6c5aff79e851e7c91b604e44a4", "bids": [{"price": "0.01", "size": "250"}, {"price": "0.05", "size": "30"}, {"price": "0.06", "size": "39"}], "asks": [{"price": "0.99", "size": "250"}, {"price": "0.95", "size": "35.62"}, {"price": "0.94", "size": "11.18"}], "event_type": "book", "last_trade_price": ""}, {"market": "0x4799cf2751b1b8382b0346b7984573437ed0c06e07d95694cd82bedc83e34d2f", "asset_id": "41967744762497564043734383562738792161642967814192385141073905066130246569245", "timestamp": "1769375591231", "hash": "0d157239fb5f48be108f06625b1c2928fdcdedbf", "bids": [{"price": "0.01", "size": "250"}, {"price": "0.05", "size": "30"}, {"price": "0.06", "size": "39"}], "asks": [{"price": "0.99", "size": "250"}, {"price": "0.95", "size": "30"}, {"price": "0.94", "size": "5.47"}], "event_type": "book", "last_trade_price": ""}, {"market": "0x4799cf2751b1b8382b0346b7984573437ed0c06e07d95694cd82bedc83e34d2f", "asset_id": "114330439182173976560596847533944620148704148671303547170084798709683905227976", "timestamp": "1769375591231", "hash": "956deda81561dc94a1bb4bbd7adb281f3cd6f97a", "bids": [{"price": "0.01", "size": "250"}, {"price": "0.05", "size": "30"}, {"price": "0.06", "size": "5.47"}], "asks": [{"price": "0.99", "size": "250"}, {"price": "0.95", "size": "30"}, {"price": "0.94", "size": "39"}], "event_type": "book", "last_trade_price": ""}, {"market": "0x4beeec667475db8e266497da3f433ca2fd14d8c2524b7e2929b41666998bde8d", "asset_id": "70271641994846580672847630834178605090169667693770457575806492973092315382700", "timestamp": "1769375591231", "hash": "300e56bafbad76369cbd5d57b362e79d2d7c6b0c", "bids": [{"price": "0.01", "size": "250"}, {"price": "0.05", "size": "35.62"}, {"price": "0.06", "size": "11.18"}], "asks": [{"price": "0.99", "size": "250"}, {"price": "0.95", "size": "30"}, {"price": "0.94", "size": "39"}], "event_type": "book", "last_trade_price": ""}, {"market": "0x4beeec667475db8e266497da3f433ca2fd14d8c2524b7e2929b41666998bde8d", "asset_id": "29498593407320010537135867304984730418270086027328017669502632617848149601566", "timestamp": "1769375591231", "hash": "86475a64f900fbfc8e176dc6e4023f387d3e28d6", "bids": [{"price": "0.01", "size": "250"}, {"price": "0.05", "size": "30"}, {"price": "0.06", "size": "39"}], "asks": [{"price": "0.99", "size": "250"}, {"price": "0.95", "size": "35.62"}, {"price": "0.94", "size": "11.18"}], "event_type": "book", "last_trade_price": ""}, {"market": "0x2448e4c2154fb0757a04f84a2fc01fe8d67b234644e15ba23ef076867002b131", "asset_id": "42801715440338479634430236726226745085710258712577700532178110778292664345120", "timestamp": "1769375591231", "hash": "eefdb501ef058db6967de2ba84f2d8d14b8912b3", "bids": [{"price": "0.01", "size": "250"}, {"price": "0.05", "size": "35.62"}, {"price": "0.06", "size": "11.18"}], "asks": [{"price": "0.99", "size": "250"}, {"price": "0.95", "size": "30"}, {"price": "0.94", "size": "39"}], "event_type": "book", "last_trade_price": ""}]}
