{"_local_timestamp": "2026-01-25T23:34:21.411678+00:00", "data": [{"market": "0xcf00e511e7db33093b6ef383c664be1f7acca3aef4c23ab3b8023945ebbd55ff", "asset_id": "7170296426885719969809167553357616015364816217277998452706654193162924516164", "timestamp": "1769381804149", "hash": "8d10d60c753edc4dce4ad65b958e33d55ed0beee", "bids": [{"price": "0.01", "size": "200"}, {"price": "0.02", "size": "150"}, {"price": "0.04", "size": "109"}, {"price": "0.05", "size": "60"}, {"price": "0.06", "size": "38.47"}], "asks": [{"price": "0.99", "size": "200"}, {"price": "0.98", "size": "150"}, {"price": "0.97", "size": "199"}, {"price": "0.95", "size": "80"}], "event_type": "book", "last_trade_price": ""}, {"market": "0x78f81c93216e1a5776cad8a95352ad32182567271a4ac1dff5423075fdb9fcf6", "asset_id": "86394023441551698868342137683080093193378854406594668870899584388986908819410", "timestamp": "1769381805348", "hash": "36f01ca3955575935c574b163d48892c1706e012", "bids": [{"price": "0.01", "size": "50"}, {"price": "0.02", "size": "175"}], "asks": [{"price": "0.99", "size": "50"}, {"price": "0.98", "size": "175"}, {"price": "0.97", "size": "5.47"}], "event_type": "book", "last_trade_price": ""}, {"market": "0xcf00e511e7db33093b6ef383c664be1f7acca3aef4c23ab3b8023945ebbd55ff", "asset_id": "39029387011343711692741238700242252279172490959495822064884678694952881472556", "timestamp": "1769381804149", "hash": "9f9a645f5800b555bcf56cd875740c27f69ddff0", "bids": [{"price": "0.01", "size": "200"}, {"price": "0.02", "size": "150"}, {"price": "0.03", "size": "199"}, {"price": "0.05", "size": "80"}], "asks": [{"price": "0.99", "size": "200"}, {"price": "0.98", "size": "150"}, {"price": "0.96", "size": "109"}, {"price": "0.95", "size": "60"}, {"price": "0.94", "size": "38.47"}], "event_type": "book", "last_trade_price": ""}, {"market": "0x78f81c93216e1a5776cad8a95352ad32182567271a4ac1dff5423075fdb9fcf6", "asset_id": "6596631139440886613121465287036493012447858674218063213350995806813860997617", "timestamp": "1769381805348", "hash": "cd7013d3bba643af729d35e3aa797211e78c71d7", "bids": [{"price": "0.01", "size": "50"}, {"price": "0.02", "size": "175"}, {"price": "0.03", "size": "5.47"}], "asks": [{"price": "0.99", "size": "50"}, {"price": "0.98", "size": "175"}], "event_type": "book", "last_trade_price": ""}, {"market": "0x545b9a8cebe68407e2475bc7e3f6202b5930ad11367b5772d3d5af999e19ebef", "asset_id": "72144202265759895840677812703860985564404605690969468834912576848046978732054", "timestamp": "1769382141049", "hash": "129bc7f2c108ad28872156084e596c66ddc4a0ba", "bids": [{"price": "0.01", "size": "50"}, {"price": "0.02", "size": "175"}], "asks": [{"price": "0.99", "size": "50"}, {"price": "0.98", "size": "175"}, {"price": "0.97", "size": "5.47"}], "event_type": "book", "last_trade_price": ""}, {"market": "0x545b9a8cebe68407e2475bc7e3f6202b5930ad11367b5772d3d5af999e19ebef", "asset_id": "106916129102294724200852497553941246452598512849442001424474298697334714143869", "timestamp": "1769382141049", "hash": "c7374ab2d8a7964bc29a4b51243604bf2875f59e", "bids": [{"price": "0.01", "size": "50"}, {"price": "0.02", "size": "175"}, {"price": "0.03", "size": "5.47"}], "asks": [{"price": "0.99", "size": "50"}, {"price": "0.98", "size": "175"}], "event_type": "book", "last_trade_price": ""}]}
