{"_local_timestamp": "2026-01-25T23:33:59.007011+00:00", "data": [{"market": "0x7feaf05619563d0673d474456ad41a9e199c5395cd84c99bc1fe4fa937bd93f0", "asset_id": "110293850931122824677407004072531690427605574532325708171873533509849274503180", "timestamp": "1769375590621", "hash": "9842f71b71c48458ca12eab1b007811cc79edf6b", "bids": [{"price": "0.01", "size": "250"}, {"price": "0.05", "size": "30"}, {"price": "0.06", "size": "39"}], "asks": [{"price": "0.99", "size": "250"}, {"price": "0.95", "size": "20"}, {"price": "0.94", "size": "11.18"}], "event_type": "book", "last_trade_price": ""}, {"market": "0xf3e0b357ca51e763fc1fc965e7d9813c55405feefae3b799eeaa4427d5dca52e", "asset_id": "56689100935017146981194260942129681100617576318121178896520202350572275990855", "timestamp": "1769375590621", "hash": "2938f1eb17e96d29d9d62aa72d4e2ea82c09e7ad", "bids": [{"price": "0.01", "size": "250"}, {"price": "0.05", "size": "30"}, {"price": "0.06", "size": "10.79"}], "asks": [{"price": "0.99", "size": "250"}, {"price": "0.95", "size": "30"}, {"price": "0.94", "size": "39"}], "event_type": "book", "last_trade_price": ""}, {"market": "0x7feaf05619563d0673d474456ad41a9e199c5395cd84c99bc1fe4fa937bd93f0", "asset_id": "30648282087520366576062093672674838150130975072839027898333454077723247191027", "timestamp": "1769375590621", "hash": "d89c4fee716a73ac688d3d733aab9750ba9a3fb8", "bids": [{"price": "0.01", "size": "250"}, {"price": "0.05", "size": "20"}, {"price": "0.06", "size": "11.18"}], "asks": [{"price": "0.99", "size": "250"}, {"price": "0.95", "size": "30"}, {"price": "0.94", "size": "39"}], "event_type": "book", "last_trade_price": ""}, {"market": "0x5a4196fe1364dec9d8f441e474974ae02be19b8654dab89790f8f4f7b65d42ff", "asset_id": "43234458236547348399322886546858958229077045758968720181736238880574331043768", "timestamp": "1769375590621", "hash": "bacffd06526ad4d5ee6b9548efa374e28fbd3a50", "bids": [{"price": "0.01", "size": "250"}, {"price": "0.05", "size": "30"}, {"price": "0.06", "size": "5.47"}], "asks": [{"price": "0.99", "size": "250"}, {"price": "0.95", "size": "30"}, {"price": "0.94", "size": "39"}], "event_type": "book", "last_trade_price": ""}, {"market": "0x5a4196fe1364dec9d8f441e474974ae02be19b8654dab89790f8f4f7b65d42ff", "asset_id": "31337125126685197853980630842307213595786002642423349756160707347515923048890", "timestamp": "1769375590621", "hash": "c5a168ba0cdc6caa568c0d67fc5f7194cedc54d6", "bids": [{"price": "0.01", "size": "250"}, {"price": "0.05", "size": "30"}, {"price": "0.06", "size": "39"}], "asks": [{"price": "0.99", "size": "250"}, {"price": "0.95", "size": "30"}, {"price": "0.94", "size": "5.47"}], "event_type": "book", "last_trade_price": ""}, {"market": "0xf3e0b357ca51e763fc1fc965e7d9813c55405feefae3b799eeaa4427d5dca52e", "asset_id": "82754004587907547655664729429113411587540065834126173594237912331750785954836", "timestamp": "1769375590621", "hash": "cd68af93e0fe7f63feaf28762ac6f27b79577c21", "bids": [{"price": "0.01", "size": "250"}, {"price": "0.05", "size": "30"}, {"price": "0.06", "size": "39"}], "asks": [{"price": "0.99", "size": "250"}, {"price": "0.95", "size": "30"}, {"price": "0.94", "size": "10.79"}], "event_type": "book", "last_trade_price": ""}]}
