{"_local_timestamp": "2026-01-25T23:33:59.010457+00:00", "data": [{"market": "0xc467d9d52109e1f9f39ba3cdc36fe3eccfb728f7c67bab6e1103f26deec1d28e", "asset_id": "40408126085963330958215496285662340836254751636406741097574256444461838316026", "timestamp": "1769375590621", "hash": "c28ab6249d0e5af10cf16008e5d08319c5145b6e", "bids": [{"price": "0.01", "size": "250"}, {"price": "0.05", "size": "37.5"}], "asks": [{"price": "0.99", "size": "250"}, {"price": "0.95", "size": "36.3"}, {"price": "0.94", "size": "11.86"}], "event_type": "book", "last_trade_price": ""}, {"market": "0xf78012df0d0790be918587a1d410a88f23e0fa648c9c833f59ba3f0837e18b62", "asset_id": "37957210098344442746180986678825950657249534908999913896763754298450093695605", "timestamp": "1769375590621", "hash": "6cb9e4d575ac09c51ca4eb0c06d040b12469caa6", "bids": [{"price": "0.01", "size": "250"}, {"price": "0.05", "size": "36.3"}, {"price": "0.06", "size": "11.86"}], "asks": [{"price": "0.99", "size": "250"}, {"price": "0.95", "size": "39"}], "event_type": "book", "last_trade_price": ""}, {"market": "0xf78012df0d0790be918587a1d410a88f23e0fa648c9c833f59ba3f0837e18b62", "asset_id": "90411705680301154860923792430571842474783063090566765892219622850645670339349", "timestamp": "1769375590621", "hash": "ce46e67a6558cffb59d142cc20758484fac7a1a3", "bids": [{"price": "0.01", "size": "250"}, {"price": "0.05", "size": "39"}], "asks": [{"price": "0.99", "size": "250"}, {"price": "0.95", "size": "36.3"}, {"price": "0.94", "size": "11.86"}], "event_type": "book", "last_trade_price": ""}, {"market": "0xc467d9d52109e1f9f39ba3cdc36fe3eccfb728f7c67bab6e1103f26deec1d28e", "asset_id": "107654986993188149870519158182815128155593903165023374887052851730365232131450", "timestamp": "1769375590621", "hash": "473b8bc4dcb76aa4d71b7900e16dcd70302c1206", "bids": [{"price": "0.01", "size": "250"}, {"price": "0.05", "size": "36.3"}, {"price": "0.06", "size": "11.86"}], "asks": [{"price": "0.99", "size": "250"}, {"price": "0.95", "size": "37.5"}], "event_type": "book", "last_trade_price": ""}, {"market": "0x8cffe3d9a49cafea12b0cfd33d78317113f0a925bfcff0a93504a686f34d1840", "asset_id": "64854303414476120666096766472634541576649248389862975425507381802933744878591", "timestamp": "1769375590621", "hash": "f34fda00b28258fcf5aa821a7d754fb04410fc9d", "bids": [{"price": "0.01", "size": "250"}, {"price": "0.05", "size": "35.62"}, {"price": "0.06", "size": "11.18"}], "asks": [{"price": "0.99", "size": "250"}, {"price": "0.95", "size": "39"}], "event_type": "book", "last_trade_price": ""}, {"market": "0x8cffe3d9a49cafea12b0cfd33d78317113f0a925bfcff0a93504a686f34d1840", "asset_id": "4852553323062082390059519691540493071273565637780645416694868454189005931165", "timestamp": "1769375590621", "hash": "6d407665bed3ed197b098d067d6ec1c78bdccc10", "bids": [{"price": "0.01", "size": "250"}, {"price": "0.05", "size": "39"}], "asks": [{"price": "0.99", "size": "250"}, {"price": "0.95", "size": "35.62"}, {"price": "0.94", "size": "11.18"}], "event_type": "book", "last_trade_price": ""}]}
