{"_local_timestamp": "2026-01-25T23:41:26.761957+00:00", "data": [{"market": "0x3f70f404c533078c8b8321ba0fee6c200366baf2664834cc203279d6f0a1422e", "asset_id": "70621310668694966525151635603934491168926185265966447401337943287502696732853", "timestamp": "1769382452099", "hash": "f11ca278d675ec7ace97d197ab3c7e2b8bebf6a0", "bids": [{"price": "0.01", "size": "200"}, {"price": "0.02", "size": "150"}, {"price": "0.03", "size": "178"}, {"price": "0.05", "size": "100"}, {"price": "0.06", "size": "5.47"}], "asks": [{"price": "0.99", "size": "200"}, {"price": "0.98", "size": "150"}, {"price": "0.97", "size": "191"}, {"price": "0.95", "size": "100"}], "event_type": "book", "last_trade_price": ""}, {"market": "0x3dbf904e41924a574211ddd78009f9265eaac340493b63b716d0213602a5d8ca", "asset_id": "32692034299746666793486723010778660535813864108475911400407881859271433385706", "timestamp": "1769382511262", "hash": "7ffae75a74cf6c3de92c3a3a2c71bd74ca6836b0", "bids": [{"price": "0.01", "size": "200"}, {"price": "0.02", "size": "150"}, {"price": "0.03", "size": "178"}, {"price": "0.05", "size": "60"}, {"price": "0.06", "size": "38.47"}], "asks": [{"price": "0.99", "size": "200"}, {"price": "0.98", "size": "150"}, {"price": "0.97", "size": "191"}, {"price": "0.95", "size": "100"}], "event_type": "book", "last_trade_price": ""}, {"market": "0x3dbf904e41924a574211ddd78009f9265eaac340493b63b716d0213602a5d8ca", "asset_id": "78621216894719476299879033254193436825743305596262757075465354662723344347170", "timestamp": "1769382511262", "hash": "bb29a131f51a8f9d71f1eea2e6f63e1c286d5688", "bids": [{"price": "0.01", "size": "200"}, {"price": "0.02", "size": "150"}, {"price": "0.03", "size": "191"}, {"price": "0.05", "size": "100"}], "asks": [{"price": "0.99", "size": "200"}, {"price": "0.98", "size": "150"}, {"price": "0.97", "size": "178"}, {"price": "0.95", "size": "60"}, {"price": "0.94", "size": "38.47"}], "event_type": "book", "last_trade_price": ""}, {"market": "0xf3d8461f5cbb438f1c875d97769d47bd92c608ffec6a53f42761cf46c765029d", "asset_id": "67634170133426798068594404727683337239053843991036840271497362033015563522823", "timestamp": "1769382453098", "hash": "f5fd9350d69a67d8e81b0652525f86706bf35e48", "bids": [{"price": "0.01", "size": "200"}, {"price": "0.02", "size": "150"}, {"price": "0.03", "size": "191"}, {"price": "0.05", "size": "100"}], "asks": [{"price": "0.99", "size": "200"}, {"price": "0.98", "size": "150"}, {"price": "0.97", "size": "178"}, {"price": "0.95", "size": "100"}, {"price": "0.94", "size": "5.47"}], "event_type": "book", "last_trade_price": ""}, {"market": "0xf3d8461f5cbb438f1c875d97769d47bd92c608ffec6a53f42761cf46c765029d", "asset_id": "39643609195042020862119902313368081877408772249071402290376134803338535778204", "timestamp": "1769382453098", "hash": "0ddc938ed3ae7d59c5323b33f5c7afda34d95c8b", "bids": [{"price": "0.01", "size": "200"}, {"price": "0.02", "size": "150"}, {"price": "0.03", "size": "178"}, {"price": "0.05", "size": "100"}, {"price": "0.06", "size": "5.47"}], "asks": [{"price": "0.99", "size": "200"}, {"price": "0.98", "size": "150"}, {"price": "0.97", "size": "191"}, {"price": "0.95", "size": "100"}], "event_type": "book", "last_trade_price": ""}, {"market": "0x3f70f404c533078c8b8321ba0fee6c200366baf2664834cc203279d6f0a1422e", "asset_id": "80021875027911420911316036939620453215123237958316661496236837653400605688933", "timestamp": "1769382452099", "hash": "f51431d9c226082a9d3b3dbe7f6d48c3cd8befd0", "bids": [{"price": "0.01", "size": "200"}, {"price": "0.02", "size": "150"}, {"price": "0.03", "size": "191"}, {"price": "0.05", "size": "100"}], "asks": [{"price": "0.99", "size": "200"}, {"price": "0.98", "size": "150"}, {"price": "0.97", "size": "178"}, {"price": "0.95", "size": "100"}, {"price": "0.94", "size": "5.47"}], "event_type": "book", "last_trade_price": ""}]}
