{"_local_timestamp": "2026-01-25T23:34:21.843227+00:00", "data": [{"market": "0xb8efe398414d7abf0466c02a3a0cc6b4d34a868f35d4aa22850f83843c0d2076", "asset_id": "43743549901320976779815822703993976152474533907864875307001372134945995423309", "timestamp": "1769382511248", "hash": "71b62581ee6ed04cf07636f1ed78ee2d65e4b94e", "bids": [{"price": "0.01", "size": "200"}, {"price": "0.02", "size": "150"}, {"price": "0.04", "size": "106"}, {"price": "0.05", "size": "60"}, {"price": "0.06", "size": "38.47"}], "asks": [{"price": "0.99", "size": "200"}, {"price": "0.98", "size": "150"}, {"price": "0.97", "size": "178"}, {"price": "0.95", "size": "100"}], "event_type": "book", "last_trade_price": ""}, {"market": "0x9da662a6a60dc6519edcb7c120cca8702fd8f77c894158dc261f22afdb99c8b0", "asset_id": "54402034715628415862913788472485144060588435602986197593475944999897654199587", "timestamp": "1769382128532", "hash": "5d64e86e2d402cfa90604f13a21cb8b4fbce2f1e", "bids": [{"price": "0.01", "size": "50"}, {"price": "0.02", "size": "175"}], "asks": [{"price": "0.99", "size": "50"}, {"price": "0.98", "size": "175"}, {"price": "0.97", "size": "5.47"}], "event_type": "book", "last_trade_price": ""}, {"market": "0xd21594768de32ad60bd1fc72412eded770d93bbf7b9732e2b90d5f28f4bae937", "asset_id": "28010118971830760499002965289914229735626616397150333664234196817331266396352", "timestamp": "1769382134799", "hash": "55ae47841348aa1c84e8845bb67185ebc3dd5f1c", "bids": [{"price": "0.01", "size": "50"}, {"price": "0.02", "size": "175"}, {"price": "0.03", "size": "5.47"}], "asks": [{"price": "0.99", "size": "50"}, {"price": "0.98", "size": "175"}], "event_type": "book", "last_trade_price": ""}, {"market": "0x9da662a6a60dc6519edcb7c120cca8702fd8f77c894158dc261f22afdb99c8b0", "asset_id": "3634648216227127111449640042475115917129936628699987596067051193849772107630", "timestamp": "1769382128532", "hash": "837958dace0e82ad00cfa33f2c70d8b15df8f955", "bids": [{"price": "0.01", "size": "50"}, {"price": "0.02", "size": "175"}, {"price": "0.03", "size": "5.47"}], "asks": [{"price": "0.99", "size": "50"}, {"price": "0.98", "size": "175"}], "event_type": "book", "last_trade_price": ""}, {"market": "0xb8efe398414d7abf0466c02a3a0cc6b4d34a868f35d4aa22850f83843c0d2076", "asset_id": "110951366762995679316525289646405414542248109792982837767137756775338891281980", "timestamp": "1769382511248", "hash": "554254dd7db9ad5ff3ef95d4e3f7dcb74d1ccef0", "bids": [{"price": "0.01", "size": "200"}, {"price": "0.02", "size": "150"}, {"price": "0.03", "size": "178"}, {"price": "0.05", "size": "100"}], "asks": [{"price": "0.99", "size": "200"}, {"price": "0.98", "size": "150"}, {"price": "0.96", "size": "106"}, {"price": "0.95", "size": "60"}, {"price": "0.94", "size": "38.47"}], "event_type": "book", "last_trade_price": ""}, {"market": "0xd21594768de32ad60bd1fc72412eded770d93bbf7b9732e2b90d5f28f4bae937", "asset_id": "7702754291669865574737652352281290593276763261408807778432597179546845335854", "timestamp": "1769382134799", "hash": "33842090c29680cc4a8a9873b5ca325b9fdf3f83", "bids": [{"price": "0.01", "size": "50"}, {"price": "0.02", "size": "175"}], "asks": [{"price": "0.99", "size": "50"}, {"price": "0.98", "size": "175"}, {"price": "0.97", "size": "5.47"}], "event_type": "book", "last_trade_price": ""}]}
