{"_local_timestamp": "2026-01-25T23:41:26.764314+00:00", "data": [{"market": "0x7918333d7d4c42548784a95c75b74fcb90ddacc42a591074d9688391f84af315", "asset_id": "40526726168680022566864127125909654631872123415448172393976497151107955307658", "timestamp": "1769382429137", "hash": "e8d7c90042616c31a51c693e38c0ded2bc8b0d63", "bids": [{"price": "0.01", "size": "200"}, {"price": "0.02", "size": "150"}, {"price": "0.03", "size": "66"}, {"price": "0.05", "size": "60"}, {"price": "0.06", "size": "63"}, {"price": "0.07", "size": "158"}], "asks": [{"price": "0.99", "size": "200"}, {"price": "0.98", "size": "150"}, {"price": "0.97", "size": "66"}, {"price": "0.96", "size": "33"}, {"price": "0.95", "size": "60"}, {"price": "0.94", "size": "38.47"}], "event_type": "book", "last_trade_price": ""}, {"market": "0x7918333d7d4c42548784a95c75b74fcb90ddacc42a591074d9688391f84af315", "asset_id": "28504404095547435481299039168928403910852946182668612647724380129108716742647", "timestamp": "1769382429137", "hash": "fc415569642307021d3bef389d41fcb162b84775", "bids": [{"price": "0.01", "size": "200"}, {"price": "0.02", "size": "150"}, {"price": "0.03", "size": "66"}, {"price": "0.04", "size": "33"}, {"price": "0.05", "size": "60"}, {"price": "0.06", "size": "38.47"}], "asks": [{"price": "0.99", "size": "200"}, {"price": "0.98", "size": "150"}, {"price": "0.97", "size": "66"}, {"price": "0.95", "size": "60"}, {"price": "0.94", "size": "63"}, {"price": "0.93", "size": "158"}], "event_type": "book", "last_trade_price": ""}, {"market": "0xf09587732ccfc182c1c9d07c439229dcf56cc720b8a81ed4b11cbcbc95229fe1", "asset_id": "47472527998173772745401455423108523643233145736120353274706438483258988790223", "timestamp": "1769382121095", "hash": "29c609debe2b2a39a2f37b97dbcb9173802532fd", "bids": [{"price": "0.01", "size": "200"}, {"price": "0.02", "size": "150"}, {"price": "0.03", "size": "66"}, {"price": "0.05", "size": "60"}, {"price": "0.06", "size": "63"}, {"price": "0.07", "size": "158"}], "asks": [{"price": "0.99", "size": "200"}, {"price": "0.98", "size": "150"}, {"price": "0.97", "size": "141"}, {"price": "0.95", "size": "60"}, {"price": "0.94", "size": "38.47"}], "event_type": "book", "last_trade_price": ""}, {"market": "0xf09587732ccfc182c1c9d07c439229dcf56cc720b8a81ed4b11cbcbc95229fe1", "asset_id": "44710014800228067229280681916582717593798439468715391563972962478682040443667", "timestamp": "1769382121095", "hash": "2dd87b0d29bb91ae581ab5743b5b940037074416", "bids": [{"price": "0.01", "size": "200"}, {"price": "0.02", "size": "150"}, {"price": "0.03", "size": "141"}, {"price": "0.05", "size": "60"}, {"price": "0.06", "size": "38.47"}], "asks": [{"price": "0.99", "size": "200"}, {"price": "0.98", "size": "150"}, {"price": "0.97", "size": "66"}, {"price": "0.95", "size": "60"}, {"price": "0.94", "size": "63"}, {"price": "0.93", "size": "158"}], "event_type": "book", "last_trade_price": ""}, {"market": "0x18ce7bd9e1048e38db2cc8fec27c481caf8d0e602eae82f54545d784f5aec3f6", "asset_id": "65624045237303643334390762342995539785958792805193535494786795673310867889681", "timestamp": "1769383072700", "hash": "9f9f2298d4ecbdb65225c6a3b693d57eccc82e75", "bids": [{"price": "0.01", "size": "200"}, {"price": "0.02", "size": "150"}, {"price": "0.03", "size": "141"}, {"price": "0.05", "size": "60"}, {"price": "0.06", "size": "38.47"}], "asks": [{"price": "0.99", "size": "200"}, {"price": "0.98", "size": "150"}, {"price": "0.97", "size": "66"}, {"price": "0.95", "size": "60"}, {"price": "0.94", "size": "63"}, {"price": "0.93", "size": "158"}], "event_type": "book", "last_trade_price": ""}, {"market": "0x18ce7bd9e1048e38db2cc8fec27c481caf8d0e602eae82f54545d784f5aec3f6", "asset_id": "84345944607262303146572687603907687080886421430157511738577474125992604656046", "timestamp": "1769383072700", "hash": "1fde287ae4664c5ba20c142df6a4717f2b215382", "bids": [{"price": "0.01", "size": "200"}, {"price": "0.02", "size": "150"}, {"price": "0.03", "size": "66"}, {"price": "0.05", "size": "60"}, {"price": "0.06", "size": "63"}, {"price": "0.07", "size": "158"}], "asks": [{"price": "0.99", "size": "200"}, {"price": "0.98", "size": "150"}, {"price": "0.97", "size": "141"}, {"price": "0.95", "size": "60"}, {"price": "0.94", "size": "38.47"}], "event_type": "book", "last_trade_price": ""}]}
