{"_local_timestamp": "2026-01-25T23:41:26.763888+00:00", "data": [{"market": "0x4e1f6e0682642e7642cb83059d32a09e174d0257e59a59011158eeaa13ac3f7d", "asset_id": "96011108945192903115141722374423025912366209999337095427963097617194505196725", "timestamp": "1769377063945", "hash": "0213d9499efc5600d36bd4a5b4e68ba125d727f5", "bids": [{"price": "0.01", "size": "200"}, {"price": "0.03", "size": "66"}, {"price": "0.05", "size": "60"}, {"price": "0.06", "size": "63"}, {"price": "0.07", "size": "158"}], "asks": [{"price": "0.99", "size": "200"}, {"price": "0.97", "size": "109"}, {"price": "0.95", "size": "60"}, {"price": "0.94", "size": "38.47"}], "event_type": "book", "last_trade_price": ""}, {"market": "0xc8cb698f02c61d9f5ce6b1a17a2cbba7635e17ba73cd0173fcf498916e28b2d7", "asset_id": "43740394888801476844753172506889286065308642972359391863206003011299381762589", "timestamp": "1769377063945", "hash": "0cd8d4437b27c41d4313af241fb03fa307b06c2e", "bids": [{"price": "0.01", "size": "200"}, {"price": "0.03", "size": "66"}, {"price": "0.05", "size": "60"}, {"price": "0.06", "size": "63"}, {"price": "0.07", "size": "158"}], "asks": [{"price": "0.99", "size": "200"}, {"price": "0.97", "size": "109"}, {"price": "0.95", "size": "100"}, {"price": "0.94", "size": "5.47"}], "event_type": "book", "last_trade_price": ""}, {"market": "0xcdcac134688e43a26608c12b8aaa30d18ff14db3db6289aa91d4844542ca006b", "asset_id": "71865884502735452402983253273871917397559753120970901757326577032202647265298", "timestamp": "1769377063945", "hash": "31948126dc73956d73ed117ab079d08f237ecd30", "bids": [{"price": "0.01", "size": "200"}, {"price": "0.03", "size": "109"}, {"price": "0.05", "size": "100"}, {"price": "0.06", "size": "5.47"}], "asks": [{"price": "0.99", "size": "200"}, {"price": "0.97", "size": "66"}, {"price": "0.95", "size": "60"}, {"price": "0.94", "size": "63"}, {"price": "0.93", "size": "158"}], "event_type": "book", "last_trade_price": ""}, {"market": "0xcdcac134688e43a26608c12b8aaa30d18ff14db3db6289aa91d4844542ca006b", "asset_id": "31122828594162223898139537185445328954511973565557969029097117043761455254056", "timestamp": "1769377063945", "hash": "8efaed4fd885efb4e8b1d14d2dfd884819d9243e", "bids": [{"price": "0.01", "size": "200"}, {"price": "0.03", "size": "66"}, {"price": "0.05", "size": "60"}, {"price": "0.06", "size": "63"}, {"price": "0.07", "size": "158"}], "asks": [{"price": "0.99", "size": "200"}, {"price": "0.97", "size": "109"}, {"price": "0.95", "size": "100"}, {"price": "0.94", "size": "5.47"}], "event_type": "book", "last_trade_price": ""}, {"market": "0xc8cb698f02c61d9f5ce6b1a17a2cbba7635e17ba73cd0173fcf498916e28b2d7", "asset_id": "70118799520227065801409066206902677346703865975002039018481716308839349629297", "timestamp": "1769377063945", "hash": "93bba987b976a572e3147f25372e1f28449728ae", "bids": [{"price": "0.01", "size": "200"}, {"price": "0.03", "size": "109"}, {"price": "0.05", "size": "100"}, {"price": "0.06", "size": "5.47"}], "asks": [{"price": "0.99", "size": "200"}, {"price": "0.97", "size": "66"}, {"price": "0.95", "size": "60"}, {"price": "0.94", "size": "63"}, {"price": "0.93", "size": "158"}], "event_type": "book", "last_trade_price": ""}, {"market": "0x4e1f6e0682642e7642cb83059d32a09e174d0257e59a59011158eeaa13ac3f7d", "asset_id": "5339545226922918942970438490063873195340647552561210022295283222138002657674", "timestamp": "1769377063945", "hash": "3ad574bac153d41d37a756e1b7169c682e21e6ad", "bids": [{"price": "0.01", "size": "200"}, {"price": "0.03", "size": "109"}, {"price": "0.05", "size": "60"}, {"price": "0.06", "size": "38.47"}], "asks": [{"price": "0.99", "size": "200"}, {"price": "0.97", "size": "66"}, {"price": "0.95", "size": "60"}, {"price": "0.94", "size": "63"}, {"price": "0.93", "size": "158"}], "event_type": "book", "last_trade_price": ""}]}
