{"_local_timestamp": "2026-01-25T23:41:26.969919+00:00", "data": [{"market": "0xa09f8d50e522cc48e90189f5babf83181db1b7d6a702034cc3a14bb79885a5b2", "asset_id": "58596133037334515869404241586038632521224367185649739603926379444445804809890", "timestamp": "1769376327177", "hash": "aafae17f86f1773e372ea9b3e827a6614ac6de10", "bids": [{"price": "0.01", "size": "200"}, {"price": "0.03", "size": "66"}, {"price": "0.05", "size": "60"}, {"price": "0.06", "size": "33"}, {"price": "0.07", "size": "158"}], "asks": [{"price": "0.99", "size": "200"}, {"price": "0.97", "size": "66"}, {"price": "0.95", "size": "100"}, {"price": "0.94", "size": "5.47"}], "event_type": "book", "last_trade_price": ""}, {"market": "0x6812e493b685f31fb1d18479084d49c8f9878b2dc1300d86c87fbafef4b5d451", "asset_id": "32929713528268219644444242445161500959741619585924361223664416756094504165285", "timestamp": "1769376327177", "hash": "c32454115e3fc401b2f2d0c96189be89a7944095", "bids": [{"price": "0.01", "size": "200"}, {"price": "0.03", "size": "66"}, {"price": "0.05", "size": "60"}, {"price": "0.06", "size": "33"}, {"price": "0.07", "size": "158"}], "asks": [{"price": "0.99", "size": "200"}, {"price": "0.97", "size": "66"}, {"price": "0.95", "size": "100"}, {"price": "0.94", "size": "5.47"}], "event_type": "book", "last_trade_price": ""}, {"market": "0xacdbf703352bcb636fef1d8ec19ebc4dcdd53cc24716a20e1d0db65e674ee308", "asset_id": "16769087147660483604234837478412707875593337676275223978358663359138277719167", "timestamp": "1769376327177", "hash": "43cc4d120397e31543fd2a9d17bce0e86bf7dda2", "bids": [{"price": "0.01", "size": "200"}, {"price": "0.03", "size": "66"}, {"price": "0.05", "size": "60"}, {"price": "0.06", "size": "33"}, {"price": "0.07", "size": "158"}], "asks": [{"price": "0.99", "size": "200"}, {"price": "0.97", "size": "66"}, {"price": "0.95", "size": "100"}, {"price": "0.94", "size": "5.47"}], "event_type": "book", "last_trade_price": ""}, {"market": "0x6812e493b685f31fb1d18479084d49c8f9878b2dc1300d86c87fbafef4b5d451", "asset_id": "39262949793635096937468091555392096021892193215653957619824084072106179154429", "timestamp": "1769376327177", "hash": "08d74eb1763bfa37021a56efa4deccb0bd49666a", "bids": [{"price": "0.01", "size": "200"}, {"price": "0.03", "size": "66"}, {"price": "0.05", "size": "100"}, {"price": "0.06", "size": "5.47"}], "asks": [{"price": "0.99", "size": "200"}, {"price": "0.97", "size": "66"}, {"price": "0.95", "size": "60"}, {"price": "0.94", "size": "33"}, {"price": "0.93", "size": "158"}], "event_type": "book", "last_trade_price": ""}, {"market": "0xa09f8d50e522cc48e90189f5babf83181db1b7d6a702034cc3a14bb79885a5b2", "asset_id": "25215950527401848930351621914557545115637457189349360339727867583651472262639", "timestamp": "1769376327177", "hash": "347836a904d9244360b3e53731163f3737e53b43", "bids": [{"price": "0.01", "size": "200"}, {"price": "0.03", "size": "66"}, {"price": "0.05", "size": "100"}, {"price": "0.06", "size": "5.47"}], "asks": [{"price": "0.99", "size": "200"}, {"price": "0.97", "size": "66"}, {"price": "0.95", "size": "60"}, {"price": "0.94", "size": "33"}, {"price": "0.93", "size": "158"}], "event_type": "book", "last_trade_price": ""}, {"market": "0xacdbf703352bcb636fef1d8ec19ebc4dcdd53cc24716a20e1d0db65e674ee308", "asset_id": "96198700051354173368101655799297028847222820998484063878731345703418098351670", "timestamp": "1769376327177", "hash": "c11ab0ad3b7784a222363b2890c014daf7d9b330", "bids": [{"price": "0.01", "size": "200"}, {"price": "0.03", "size": "66"}, {"price": "0.05", "size": "100"}, {"price": "0.06", "size": "5.47"}], "asks": [{"price": "0.99", "size": "200"}, {"price": "0.97", "size": "66"}, {"price": "0.95", "size": "60"}, {"price": "0.94", "size": "33"}, {"price": "0.93", "size": "158"}], "event_type": "book", "last_trade_price": ""}]}
