{"_local_timestamp": "2026-01-25T23:34:21.528643+00:00", "data": [{"market": "0xb79e20e0bc01927b122a172c266085c2757846a8a74da85775feec037a754159", "asset_id": "100459109682104935449431421830550851124959704406294293536937860484828326100070", "timestamp": "1769376308904", "hash": "b31595a64a2cde5af7f37c12cb55a473244b5acf", "bids": [{"price": "0.01", "size": "200"}, {"price": "0.03", "size": "66"}, {"price": "0.05", "size": "60"}, {"price": "0.06", "size": "33"}, {"price": "0.07", "size": "158"}], "asks": [{"price": "0.99", "size": "200"}, {"price": "0.97", "size": "66"}, {"price": "0.95", "size": "100"}, {"price": "0.94", "size": "5.47"}], "event_type": "book", "last_trade_price": ""}, {"market": "0xb79e20e0bc01927b122a172c266085c2757846a8a74da85775feec037a754159", "asset_id": "33302384937389087300242704381667196427167767683148107794061768581770846901972", "timestamp": "1769376308904", "hash": "4934029053c8ac8317b3fa516aed01b7dbaf20b7", "bids": [{"price": "0.01", "size": "200"}, {"price": "0.03", "size": "66"}, {"price": "0.05", "size": "100"}, {"price": "0.06", "size": "5.47"}], "asks": [{"price": "0.99", "size": "200"}, {"price": "0.97", "size": "66"}, {"price": "0.95", "size": "60"}, {"price": "0.94", "size": "33"}, {"price": "0.93", "size": "158"}], "event_type": "book", "last_trade_price": ""}, {"market": "0x09673a26553a91aa63249b8a70cda7f17223213f97610f2677ded5b97df87ee7", "asset_id": "85447948676417648908862635674924473446074221950680235039664820332881060196510", "timestamp": "1769376308905", "hash": "a33d85a7681f30d41aeac20a0836ce14615c665e", "bids": [{"price": "0.01", "size": "200"}, {"price": "0.03", "size": "66"}, {"price": "0.05", "size": "60"}, {"price": "0.06", "size": "33"}, {"price": "0.07", "size": "158"}], "asks": [{"price": "0.99", "size": "200"}, {"price": "0.97", "size": "66"}, {"price": "0.95", "size": "60"}, {"price": "0.94", "size": "38.47"}], "event_type": "book", "last_trade_price": ""}, {"market": "0x33230f954f666b3d5feb8eb4a5c4f327a800a32deccd52ef0789a1f6da1f67ab", "asset_id": "112854613620452296628681500354590844370019048967423772969059611181459420587183", "timestamp": "1769376308904", "hash": "ec08d1af4a5a2c6bbf662661cbab53a78dc464a7", "bids": [{"price": "0.01", "size": "200"}, {"price": "0.03", "size": "66"}, {"price": "0.05", "size": "100"}, {"price": "0.06", "size": "5.47"}], "asks": [{"price": "0.99", "size": "200"}, {"price": "0.97", "size": "66"}, {"price": "0.95", "size": "60"}, {"price": "0.94", "size": "33"}, {"price": "0.93", "size": "158"}], "event_type": "book", "last_trade_price": ""}, {"market": "0x09673a26553a91aa63249b8a70cda7f17223213f97610f2677ded5b97df87ee7", "asset_id": "29472211277814572262971754497967531206909294385108290908731457629166018855449", "timestamp": "1769376308905", "hash": "815cc309815c51708f40151c2815df30f8a0621d", "bids": [{"price": "0.01", "size": "200"}, {"price": "0.03", "size": "66"}, {"price": "0.05", "size": "60"}, {"price": "0.06", "size": "38.47"}], "asks": [{"price": "0.99", "size": "200"}, {"price": "0.97", "size": "66"}, {"price": "0.95", "size": "60"}, {"price": "0.94", "size": "33"}, {"price": "0.93", "size": "158"}], "event_type": "book", "last_trade_price": ""}, {"market": "0x33230f954f666b3d5feb8eb4a5c4f327a800a32deccd52ef0789a1f6da1f67ab", "asset_id": "82677509875088372858838036506421674016677637142801036745743155185555788694289", "timestamp": "1769376308904", "hash": "f9d06a19c36d6ab977824032dcc809adec5c50a7", "bids": [{"price": "0.01", "size": "200"}, {"price": "0.03", "size": "66"}, {"price": "0.05", "size": "60"}, {"price": "0.06", "size": "33"}, {"price": "0.07", "size": "158"}], "asks": [{"price": "0.99", "size": "200"}, {"price": "0.97", "size": "66"}, {"price": "0.95", "size": "100"}, {"price": "0.94", "size": "5.47"}], "event_type": "book", "last_trade_price": ""}]}
