{"_local_timestamp": "2026-01-25T23:34:21.596902+00:00", "data": [{"market": "0x06de27213f23ad3fe9bb3acc1d5a38395aee3bf4347fbe23c42868e61beeea7e", "asset_id": "40320547056907091244591822035821238263373730616757434361896081755257643043976", "timestamp": "1769375713562", "hash": "78ae98484775245a4e148f3ef12262b267f8fd90", "bids": [{"price": "0.01", "size": "200"}, {"price": "0.03", "size": "66"}, {"price": "0.05", "size": "60"}, {"price": "0.06", "size": "38.47"}], "asks": [{"price": "0.99", "size": "200"}, {"price": "0.97", "size": "66"}, {"price": "0.95", "size": "60"}, {"price": "0.94", "size": "33"}, {"price": "0.93", "size": "142"}], "event_type": "book", "last_trade_price": ""}, {"market": "0xc6efcf405baad4bd257b8321d25eaf027ce6222881f23e32a6d9ef54c2d7b899", "asset_id": "98127286285248379084059499397286258136545011934681326919631049863239453433704", "timestamp": "1769375713562", "hash": "fa8f1fdf3274ea28a21beb1f8fff985f26c32107", "bids": [{"price": "0.01", "size": "200"}, {"price": "0.03", "size": "66"}, {"price": "0.05", "size": "100"}, {"price": "0.06", "size": "5.47"}], "asks": [{"price": "0.99", "size": "200"}, {"price": "0.97", "size": "66"}, {"price": "0.95", "size": "60"}, {"price": "0.94", "size": "33"}, {"price": "0.93", "size": "142"}], "event_type": "book", "last_trade_price": ""}, {"market": "0x47b59b281751513bce54b770ea83f349434fed3b2e6b91fd4a57244067a820bb", "asset_id": "84956062692972021957890387909052649115372187219618046719944146551814827695832", "timestamp": "1769375713561", "hash": "a8e27816ff5554e247e0c6343767ff2d19fa2f6d", "bids": [{"price": "0.01", "size": "200"}, {"price": "0.03", "size": "66"}, {"price": "0.05", "size": "60"}, {"price": "0.06", "size": "38.47"}], "asks": [{"price": "0.99", "size": "200"}, {"price": "0.97", "size": "66"}, {"price": "0.95", "size": "60"}, {"price": "0.94", "size": "33"}, {"price": "0.93", "size": "142"}], "event_type": "book", "last_trade_price": ""}, {"market": "0x47b59b281751513bce54b770ea83f349434fed3b2e6b91fd4a57244067a820bb", "asset_id": "66634062876831217478120149388930157019776125822394268769874659892519331642315", "timestamp": "1769375713561", "hash": "6d589e106549e09e148453fef5d7471624edda80", "bids": [{"price": "0.01", "size": "200"}, {"price": "0.03", "size": "66"}, {"price": "0.05", "size": "60"}, {"price": "0.06", "size": "33"}, {"price": "0.07", "size": "142"}], "asks": [{"price": "0.99", "size": "200"}, {"price": "0.97", "size": "66"}, {"price": "0.95", "size": "60"}, {"price": "0.94", "size": "38.47"}], "event_type": "book", "last_trade_price": ""}, {"market": "0x06de27213f23ad3fe9bb3acc1d5a38395aee3bf4347fbe23c42868e61beeea7e", "asset_id": "222330324885749200658659081456072329692749154734375516633456542227862038797", "timestamp": "1769375713562", "hash": "215040401501067a43bb44833be2da6590aa0f4f", "bids": [{"price": "0.01", "size": "200"}, {"price": "0.03", "size": "66"}, {"price": "0.05", "size": "60"}, {"price": "0.06", "size": "33"}, {"price": "0.07", "size": "142"}], "asks": [{"price": "0.99", "size": "200"}, {"price": "0.97", "size": "66"}, {"price": "0.95", "size": "60"}, {"price": "0.94", "size": "38.47"}], "event_type": "book", "last_trade_price": ""}, {"market": "0xc6efcf405baad4bd257b8321d25eaf027ce6222881f23e32a6d9ef54c2d7b899", "asset_id": "66961754670585045174335093782897741321604365419626420800931660288956260203969", "timestamp": "1769375713562", "hash": "ba46ffe5f99b41711bd979bea9e9d2a3e01d9795", "bids": [{"price": "0.01", "size": "200"}, {"price": "0.03", "size": "66"}, {"price": "0.05", "size": "60"}, {"price": "0.06", "size": "33"}, {"price": "0.07", "size": "142"}], "asks": [{"price": "0.99", "size": "200"}, {"price": "0.97", "size": "66"}, {"price": "0.95", "size": "100"}, {"price": "0.94", "size": "5.47"}], "event_type": "book", "last_trade_price": ""}]}
