{"_local_timestamp": "2026-01-25T23:34:21.614852+00:00", "data": [{"market": "0xeb557c74134ae43d6cd325468b57b1223fa1720469cb531a4ffa4b73b65e5427", "asset_id": "95093281423558893519399569470256972810891546667138961197202268553978160876744", "timestamp": "1769375713562", "hash": "40639b905341bf9da3229af840d3f0147d46fe88", "bids": [{"price": "0.01", "size": "200"}, {"price": "0.03", "size": "66"}, {"price": "0.05", "size": "100"}], "asks": [{"price": "0.99", "size": "200"}, {"price": "0.97", "size": "66"}, {"price": "0.95", "size": "60"}, {"price": "0.94", "size": "38.47"}], "event_type": "book", "last_trade_price": ""}, {"market": "0xeb557c74134ae43d6cd325468b57b1223fa1720469cb531a4ffa4b73b65e5427", "asset_id": "112802682566409213897110112411921553577323940475806363955684506038838485502296", "timestamp": "1769375713562", "hash": "376ceeb77182633380d75f9f2722dcd6be8266e2", "bids": [{"price": "0.01", "size": "200"}, {"price": "0.03", "size": "66"}, {"price": "0.05", "size": "60"}, {"price": "0.06", "size": "38.47"}], "asks": [{"price": "0.99", "size": "200"}, {"price": "0.97", "size": "66"}, {"price": "0.95", "size": "100"}], "event_type": "book", "last_trade_price": ""}, {"market": "0x5f0636b3be1a20570882c82598a8dff680b2fceb987115eecbd01ef990a9c823", "asset_id": "97025071969576441942734032375870378766983326269771547241333632534784201225602", "timestamp": "1769375713561", "hash": "41f39f2c5d8b32a02e5111ca979e16802541e1f6", "bids": [{"price": "0.01", "size": "200"}, {"price": "0.03", "size": "66"}, {"price": "0.05", "size": "100"}], "asks": [{"price": "0.99", "size": "200"}, {"price": "0.97", "size": "66"}, {"price": "0.95", "size": "100"}, {"price": "0.94", "size": "5.47"}], "event_type": "book", "last_trade_price": ""}, {"market": "0xbf962239f4dceadc3410f0533beb751cdb5fe70a009e7824e00021458548b25a", "asset_id": "49088139569380553378109574580112641388908777984952202883390565855710392302731", "timestamp": "1769375713562", "hash": "6ac6d7f3ce85406852867a70e56de9cf6d56f6a0", "bids": [{"price": "0.01", "size": "200"}, {"price": "0.03", "size": "66"}, {"price": "0.05", "size": "100"}], "asks": [{"price": "0.99", "size": "200"}, {"price": "0.97", "size": "66"}, {"price": "0.95", "size": "100"}, {"price": "0.94", "size": "5.47"}], "event_type": "book", "last_trade_price": ""}, {"market": "0xbf962239f4dceadc3410f0533beb751cdb5fe70a009e7824e00021458548b25a", "asset_id": "27893502122860603899328128974237052640648072750087616229624707952375973118842", "timestamp": "1769375713562", "hash": "89bd6b9b9997c0c5d41ef4be375939bfca636419", "bids": [{"price": "0.01", "size": "200"}, {"price": "0.03", "size": "66"}, {"price": "0.05", "size": "100"}, {"price": "0.06", "size": "5.47"}], "asks": [{"price": "0.99", "size": "200"}, {"price": "0.97", "size": "66"}, {"price": "0.95", "size": "100"}], "event_type": "book", "last_trade_price": ""}, {"market": "0x5f0636b3be1a20570882c82598a8dff680b2fceb987115eecbd01ef990a9c823", "asset_id": "95254275335698665003072655320386222973755532520762174881364783436969942846481", "timestamp": "1769375713561", "hash": "c8a39fcbbb2be616f379d699ac08fe6f80e8ff20", "bids": [{"price": "0.01", "size": "200"}, {"price": "0.03", "size": "66"}, {"price": "0.05", "size": "100"}, {"price": "0.06", "size": "5.47"}], "asks": [{"price": "0.99", "size": "200"}, {"price": "0.97", "size": "66"}, {"price": "0.95", "size": "100"}], "event_type": "book", "last_trade_price": ""}]}
