{"_local_timestamp": "2026-01-25T23:34:26.013950+00:00", "data": [{"market": "0xb902cf3834fad5225e8d58286c767cee514badd918561393e7d716d587465230", "asset_id": "115235547330565289621887153185343153198260997827461547422731251249961128753500", "timestamp": "1769383983645", "hash": "71a9a8cf87f75ca185a11e8143ca6b0ae690e366", "bids": [{"price": "0.01", "size": "21901.59"}, {"price": "0.02", "size": "2200.59"}, {"price": "0.03", "size": "18.99"}, {"price": "0.04", "size": "29.99"}], "asks": [{"price": "0.99", "size": "21902.86"}, {"price": "0.98", "size": "2197.14"}, {"price": "0.97", "size": "20.87"}, {"price": "0.95", "size": "23.99"}, {"price": "0.94", "size": "5.47"}], "event_type": "book", "last_trade_price": ""}, {"market": "0x90c9af63d3a8057c0f16bc8a8afbb15c7cdefb5eea6da57368f966201ab79806", "asset_id": "1678216491759912418684259969807901262117276757541129591397611715243714240966", "timestamp": "1769383982692", "hash": "bf26c791abab5db406ffbf92e737d5a7ec83cd09", "bids": [{"price": "0.01", "size": "21938.98"}, {"price": "0.02", "size": "2190.11"}, {"price": "0.03", "size": "29.18"}, {"price": "0.27", "size": "10"}, {"price": "0.28", "size": "50"}], "asks": [{"price": "0.99", "size": "21938.47"}, {"price": "0.98", "size": "2190.11"}, {"price": "0.97", "size": "29.35"}, {"price": "0.69", "size": "50"}], "event_type": "book", "last_trade_price": ""}, {"market": "0x6b885acfaf7937f28250ea108085e75722f83e57ca1b60ae810e41f152dab260", "asset_id": "64333493695889850799290234121221932834834711640529570983175780910007646162003", "timestamp": "1769383983079", "hash": "274ce8c2bff933e84913521692cfa6d5bfd7a90e", "bids": [{"price": "0.01", "size": "21846.01"}, {"price": "0.02", "size": "2196.56"}, {"price": "0.03", "size": "22.54"}, {"price": "0.05", "size": "23.99"}, {"price": "0.06", "size": "5.47"}], "asks": [{"price": "0.99", "size": "21848.59"}, {"price": "0.98", "size": "2200.59"}, {"price": "0.97", "size": "18.99"}, {"price": "0.96", "size": "29.99"}], "event_type": "book", "last_trade_price": ""}, {"market": "0xe903948bce784f521839bdd04c535d7fd7418a141833350372f002faf43515c3", "asset_id": "72809954497010975026759507317806820004411577712432627670355896253913947813954", "timestamp": "1769383983078", "hash": "67e8f7b727bd5bc265699c46f6528204707fa450", "bids": [{"price": "0.01", "size": "197.82"}, {"price": "0.02", "size": "41.09"}, {"price": "0.04", "size": "29.99"}, {"price": "0.05", "size": "5.47"}], "asks": [{"price": "0.99", "size": "202.04"}, {"price": "0.98", "size": "38.97"}, {"price": "0.96", "size": "29.99"}], "event_type": "book", "last_trade_price": ""}, {"market": "0xe903948bce784f521839bdd04c535d7fd7418a141833350372f002faf43515c3", "asset_id": "111461771774819939776267904406029367026598896527918172063801585844010315897846", "timestamp": "1769383983078", "hash": "b1f532244b3d4795a21e3143296fbeaccbe4f670", "bids": [{"price": "0.01", "size": "202.04"}, {"price": "0.02", "size": "38.97"}, {"price": "0.04", "size": "29.99"}], "asks": [{"price": "0.99", "size": "197.82"}, {"price": "0.98", "size": "41.09"}, {"price": "0.96", "size": "29.99"}, {"price": "0.95", "size": "5.47"}], "event_type": "book", "last_trade_price": ""}, {"market": "0x6b885acfaf7937f28250ea108085e75722f83e57ca1b60ae810e41f152dab260", "asset_id": "4440067261175566805538406764631510911208488973293580872403794004522948300875", "timestamp": "1769383983079", "hash": "aca90b5854f17aca557658724c62950b1fa4405b", "bids": [{"price": "0.01", "size": "21848.59"}, {"price": "0.02", "size": "2200.59"}, {"price": "0.03", "size": "18.99"}, {"price": "0.04", "size": "29.99"}], "asks": [{"price": "0.99", "size": "21846.01"}, {"price": "0.98", "size": "2196.56"}, {"price": "0.97", "size": "22.54"}, {"price": "0.95", "size": "23.99"}, {"price": "0.94", "size": "5.47"}], "event_type": "book", "last_trade_price": ""}, {"market": "0xb902cf3834fad5225e8d58286c767cee514badd918561393e7d716d587465230", "asset_id": "15239708892658361698801551850903083059304967065683358189503437727663677688612", "timestamp": "1769383983645", "hash": "4c11b7c90dd6c991aee16d8403892bed892725b0", "bids": [{"price": "0.01", "size": "21902.86"}, {"price": "0.02", "size": "2197.14"}, {"price": "0.03", "size": "20.87"}, {"price": "0.05", "size": "23.99"}, {"price": "0.06", "size": "5.47"}], "asks": [{"price": "0.99", "size": "21901.59"}, {"price": "0.98", "size": "2200.59"}, {"price": "0.97", "size": "18.99"}, {"price": "0.96", "size": "29.99"}], "event_type": "book", "last_trade_price": ""}, {"market": "0xe0ad5c4c140d2ad47f7645975f9eff593ce86827f8347f5d41b278b7b733563f", "asset_id": "56909617231267933034599202672257827230759558780653111871000505930456978211393", "timestamp": "1769383984952", "hash": "9ebe57b13b4ab220f5cd1bb71a714677f447ff0f", "bids": [{"price": "0.01", "size": "21848.59"}, {"price": "0.02", "size": "2200.59"}, {"price": "0.03", "size": "18.99"}, {"price": "0.04", "size": "29.99"}], "asks": [{"price": "0.99", "size": "21853.45"}, {"price": "0.98", "size": "2202.9"}, {"price": "0.97", "size": "15.83"}, {"price": "0.96", "size": "29.99"}, {"price": "0.95", "size": "5.47"}], "event_type": "book", "last_trade_price": ""}, {"market": "0xe0ad5c4c140d2ad47f7645975f9eff593ce86827f8347f5d41b278b7b733563f", "asset_id": "48253934614151040737342368064863281646686193736726745155679030693782323028044", "timestamp": "1769383984952", "hash": "197a2f8efb6106a2cda68fa6095d3bd10b442a62", "bids": [{"price": "0.01", "size": "21853.45"}, {"price": "0.02", "size": "2202.9"}, {"price": "0.03", "size": "15.83"}, {"price": "0.04", "size": "29.99"}, {"price": "0.05", "size": "5.47"}], "asks": [{"price": "0.99", "size": "21848.59"}, {"price": "0.98", "size": "2200.59"}, {"price": "0.97", "size": "18.99"}, {"price": "0.96", "size": "29.99"}], "event_type": "book", "last_trade_price": ""}, {"market": "0x90c9af63d3a8057c0f16bc8a8afbb15c7cdefb5eea6da57368f966201ab79806", "asset_id": "30739440859233156591604615519848254275355529090264738276291402586121142290851", "timestamp": "1769383982692", "hash": "f25e3d513b7a745c6f9aa50823a6bb4a65ffc760", "bids": [{"price": "0.01", "size": "21938.47"}, {"price": "0.02", "size": "2190.11"}, {"price": "0.03", "size": "29.35"}, {"price": "0.31", "size": "50"}], "asks": [{"price": "0.99", "size": "21938.98"}, {"price": "0.98", "size": "2190.11"}, {"price": "0.97", "size": "29.18"}, {"price": "0.73", "size": "10"}, {"price": "0.72", "size": "50"}], "event_type": "book", "last_trade_price": ""}]}
{"_local_timestamp": "2026-01-25T23:34:34.346247+00:00", "data": {"market": "0xb902cf3834fad5225e8d58286c767cee514badd918561393e7d716d587465230", "price_changes": [{"asset_id": "15239708892658361698801551850903083059304967065683358189503437727663677688612", "price": "0.05", "size": "0", "side": "BUY", "hash": "9351e6a9c182101a653b552ef2823b895b8fbeae", "best_bid": "0.06", "best_ask": "0.96"}, {"asset_id": "115235547330565289621887153185343153198260997827461547422731251249961128753500", "price": "0.95", "size": "0", "side": "SELL", "hash": "12b18699631ae60fb1d25dd7b5db1c07744b4055", "best_bid": "0.04", "best_ask": "0.94"}], "timestamp": "1769384074278", "event_type": "price_change"}}
{"_local_timestamp": "2026-01-25T23:34:34.347853+00:00", "data": {"market": "0x6b885acfaf7937f28250ea108085e75722f83e57ca1b60ae810e41f152dab260", "price_changes": [{"asset_id": "64333493695889850799290234121221932834834711640529570983175780910007646162003", "price": "0.05", "size": "0", "side": "BUY", "hash": "58e00d3b8bcc309ca30c2a94a4c1b69fa0549ce5", "best_bid": "0.06", "best_ask": "0.96"}, {"asset_id": "4440067261175566805538406764631510911208488973293580872403794004522948300875", "price": "0.95", "size": "0", "side": "SELL", "hash": "468ee51320083db6794a1c462d3447b02a86c630", "best_bid": "0.04", "best_ask": "0.94"}], "timestamp": "1769384074278", "event_type": "price_change"}}
{"_local_timestamp": "2026-01-25T23:34:34.449459+00:00", "data": {"market": "0xe903948bce784f521839bdd04c535d7fd7418a141833350372f002faf43515c3", "price_changes": [{"asset_id": "72809954497010975026759507317806820004411577712432627670355896253913947813954", "price": "0.04", "size": "0", "side": "BUY", "hash": "251cbe625365b636cd80dd2fa0d6d8eb3108a5b7", "best_bid": "0.05", "best_ask": "0.96"}, {"asset_id": "111461771774819939776267904406029367026598896527918172063801585844010315897846", "price": "0.96", "size": "0", "side": "SELL", "hash": "c2b5406ddfe6cd69b9d63b0a87ae1b99e2630a4f", "best_bid": "0.04", "best_ask": "0.95"}], "timestamp": "1769384074376", "event_type": "price_change"}}
{"_local_timestamp": "2026-01-25T23:34:34.452072+00:00", "data": {"market": "0xe0ad5c4c140d2ad47f7645975f9eff593ce86827f8347f5d41b278b7b733563f", "price_changes": [{"asset_id": "48253934614151040737342368064863281646686193736726745155679030693782323028044", "price": "0.04", "size": "0", "side": "BUY", "hash": "d00961900ab7dd170dba846b4ebb6dcd441a7870", "best_bid": "0.05", "best_ask": "0.96"}, {"asset_id": "56909617231267933034599202672257827230759558780653111871000505930456978211393", "price": "0.96", "size": "0", "side": "SELL", "hash": "5f9362323fc377cebe2e40a2cd1cd293032664b5", "best_bid": "0.04", "best_ask": "0.95"}], "timestamp": "1769384074376", "event_type": "price_change"}}
{"_local_timestamp": "2026-01-25T23:34:35.129953+00:00", "data": {"market": "0xb902cf3834fad5225e8d58286c767cee514badd918561393e7d716d587465230", "price_changes": [{"asset_id": "15239708892658361698801551850903083059304967065683358189503437727663677688612", "price": "0.06", "size": "0", "side": "BUY", "hash": "824b70a318ac577d49b77f843d4658b65c42309f", "best_bid": "0.03", "best_ask": "0.96"}, {"asset_id": "115235547330565289621887153185343153198260997827461547422731251249961128753500", "price": "0.94", "size": "0", "side": "SELL", "hash": "ef86e0fb313e13d685ac4f6ca3de7b5ad52e88a5", "best_bid": "0.04", "best_ask": "0.97"}], "timestamp": "1769384075057", "event_type": "price_change"}}
{"_local_timestamp": "2026-01-25T23:34:35.130798+00:00", "data": {"market": "0xe0ad5c4c140d2ad47f7645975f9eff593ce86827f8347f5d41b278b7b733563f", "price_changes": [{"asset_id": "48253934614151040737342368064863281646686193736726745155679030693782323028044", "price": "0.05", "size": "0", "side": "BUY", "hash": "3d2c4b2a8ccdc27dc38ce4b857026bac9e13c603", "best_bid": "0.03", "best_ask": "0.96"}, {"asset_id": "56909617231267933034599202672257827230759558780653111871000505930456978211393", "price": "0.95", "size": "0", "side": "SELL", "hash": "272c86f88ffe47579bcc58933c535d0090ac9fdc", "best_bid": "0.04", "best_ask": "0.97"}], "timestamp": "1769384075057", "event_type": "price_change"}}
{"_local_timestamp": "2026-01-25T23:34:35.137333+00:00", "data": {"market": "0x6b885acfaf7937f28250ea108085e75722f83e57ca1b60ae810e41f152dab260", "price_changes": [{"asset_id": "64333493695889850799290234121221932834834711640529570983175780910007646162003", "price": "0.06", "size": "0", "side": "BUY", "hash": "811bae03446a073287e768191a934f6c6d0c10a8", "best_bid": "0.03", "best_ask": "0.96"}, {"asset_id": "4440067261175566805538406764631510911208488973293580872403794004522948300875", "price": "0.94", "size": "0", "side": "SELL", "hash": "0897a25c3924e9346244e57914d59b90b11b413f", "best_bid": "0.04", "best_ask": "0.97"}], "timestamp": "1769384075058", "event_type": "price_change"}}
{"_local_timestamp": "2026-01-25T23:34:35.139340+00:00", "data": {"market": "0xe903948bce784f521839bdd04c535d7fd7418a141833350372f002faf43515c3", "price_changes": [{"asset_id": "72809954497010975026759507317806820004411577712432627670355896253913947813954", "price": "0.05", "size": "0", "side": "BUY", "hash": "5e38b0c4a60f1bfb75ce2cf470c1e41b2c285121", "best_bid": "0.02", "best_ask": "0.96"}, {"asset_id": "111461771774819939776267904406029367026598896527918172063801585844010315897846", "price": "0.95", "size": "0", "side": "SELL", "hash": "731bf371213b61f45e8f7dda2b4ab10615bd2832", "best_bid": "0.04", "best_ask": "0.98"}], "timestamp": "1769384075058", "event_type": "price_change"}}
{"_local_timestamp": "2026-01-25T23:34:35.506917+00:00", "data": {"market": "0xe903948bce784f521839bdd04c535d7fd7418a141833350372f002faf43515c3", "price_changes": [{"asset_id": "72809954497010975026759507317806820004411577712432627670355896253913947813954", "price": "0.03", "size": "5.47", "side": "BUY", "hash": "599f49cb7a5830ad897f0fcc8e22e3840c9533fc", "best_bid": "0.03", "best_ask": "0.96"}, {"asset_id": "111461771774819939776267904406029367026598896527918172063801585844010315897846", "price": "0.97", "size": "5.47", "side": "SELL", "hash": "f91f89b6560b396fd7afcb954fd321d549afdef0", "best_bid": "0.04", "best_ask": "0.97"}], "timestamp": "1769384075436", "event_type": "price_change"}}
{"_local_timestamp": "2026-01-25T23:34:35.507351+00:00", "data": {"market": "0x6b885acfaf7937f28250ea108085e75722f83e57ca1b60ae810e41f152dab260", "price_changes": [{"asset_id": "64333493695889850799290234121221932834834711640529570983175780910007646162003", "price": "0.04", "size": "5.47", "side": "BUY", "hash": "a3c711be055ecfa86b395cf184aab3ba3e8c0863", "best_bid": "0.04", "best_ask": "0.96"}, {"asset_id": "4440067261175566805538406764631510911208488973293580872403794004522948300875", "price": "0.96", "size": "5.47", "side": "SELL", "hash": "8101278ab6f0dc0cb54a3773f1e3f32387283504", "best_bid": "0.04", "best_ask": "0.96"}], "timestamp": "1769384075436", "event_type": "price_change"}}
{"_local_timestamp": "2026-01-25T23:34:35.507665+00:00", "data": {"market": "0xe0ad5c4c140d2ad47f7645975f9eff593ce86827f8347f5d41b278b7b733563f", "price_changes": [{"asset_id": "48253934614151040737342368064863281646686193736726745155679030693782323028044", "price": "0.04", "size": "5.47", "side": "BUY", "hash": "33597292b6ce92306096f0f1ab736ebfa291cb2e", "best_bid": "0.04", "best_ask": "0.96"}, {"asset_id": "56909617231267933034599202672257827230759558780653111871000505930456978211393", "price": "0.96", "size": "5.47", "side": "SELL", "hash": "7f85e229576b318ad2a14548416651bc76a61093", "best_bid": "0.04", "best_ask": "0.96"}], "timestamp": "1769384075436", "event_type": "price_change"}}
{"_local_timestamp": "2026-01-25T23:34:35.507991+00:00", "data": {"market": "0xb902cf3834fad5225e8d58286c767cee514badd918561393e7d716d587465230", "price_changes": [{"asset_id": "15239708892658361698801551850903083059304967065683358189503437727663677688612", "price": "0.04", "size": "5.47", "side": "BUY", "hash": "1832aa97e462d3e19b085cb7883c8680f1aa888e", "best_bid": "0.04", "best_ask": "0.96"}, {"asset_id": "115235547330565289621887153185343153198260997827461547422731251249961128753500", "price": "0.96", "size": "5.47", "side": "SELL", "hash": "97db2517144e43f1e2009f2b2f9506376c0c4e79", "best_bid": "0.04", "best_ask": "0.96"}], "timestamp": "1769384075436", "event_type": "price_change"}}
{"_local_timestamp": "2026-01-25T23:35:05.509931+00:00", "data": {"market": "0xe903948bce784f521839bdd04c535d7fd7418a141833350372f002faf43515c3", "price_changes": [{"asset_id": "72809954497010975026759507317806820004411577712432627670355896253913947813954", "price": "0.02", "size": "22.01", "side": "BUY", "hash": "992dfbcb6fcf30a6bbe5a8a9661f2d5e48e47248", "best_bid": "0.03", "best_ask": "0.96"}, {"asset_id": "111461771774819939776267904406029367026598896527918172063801585844010315897846", "price": "0.98", "size": "22.01", "side": "SELL", "hash": "eae2738e462db4db4c068ccd77cea30405a64a2a", "best_bid": "0.04", "best_ask": "0.97"}], "timestamp": "1769384105368", "event_type": "price_change"}}
{"_local_timestamp": "2026-01-25T23:35:06.029579+00:00", "data": {"market": "0xe903948bce784f521839bdd04c535d7fd7418a141833350372f002faf43515c3", "price_changes": [{"asset_id": "72809954497010975026759507317806820004411577712432627670355896253913947813954", "price": "0.02", "size": "36.54", "side": "BUY", "hash": "d464957303760eef496d3ae13b6ad54fa5081f6a", "best_bid": "0.03", "best_ask": "0.96"}, {"asset_id": "111461771774819939776267904406029367026598896527918172063801585844010315897846", "price": "0.98", "size": "36.54", "side": "SELL", "hash": "4b8076d56ddba167d7c245df2af5226d24159e8f", "best_bid": "0.04", "best_ask": "0.97"}], "timestamp": "1769384105856", "event_type": "price_change"}}
{"_local_timestamp": "2026-01-25T23:35:06.032387+00:00", "data": {"market": "0xe903948bce784f521839bdd04c535d7fd7418a141833350372f002faf43515c3", "price_changes": [{"asset_id": "72809954497010975026759507317806820004411577712432627670355896253913947813954", "price": "0.01", "size": "206.9", "side": "BUY", "hash": "e288638f15327d90c8edf7221ade2587b9f92b79", "best_bid": "0.03", "best_ask": "0.96"}, {"asset_id": "111461771774819939776267904406029367026598896527918172063801585844010315897846", "price": "0.99", "size": "206.9", "side": "SELL", "hash": "77d53cd0c9b750f1b816822567ba590c3e31779a", "best_bid": "0.04", "best_ask": "0.97"}], "timestamp": "1769384105859", "event_type": "price_change"}}
{"_local_timestamp": "2026-01-25T23:35:06.464813+00:00", "data": {"market": "0x6b885acfaf7937f28250ea108085e75722f83e57ca1b60ae810e41f152dab260", "price_changes": [{"asset_id": "64333493695889850799290234121221932834834711640529570983175780910007646162003", "price": "0.03", "size": "5.26", "side": "BUY", "hash": "aee9487f51138d997d0143e6f3778f9f3d55258e", "best_bid": "0.04", "best_ask": "0.96"}, {"asset_id": "4440067261175566805538406764631510911208488973293580872403794004522948300875", "price": "0.97", "size": "5.26", "side": "SELL", "hash": "6c4937c0f570dae664b5ac4548ec15e10851bfc3", "best_bid": "0.04", "best_ask": "0.96"}], "timestamp": "1769384106279", "event_type": "price_change"}}
{"_local_timestamp": "2026-01-25T23:35:06.637654+00:00", "data": {"market": "0x6b885acfaf7937f28250ea108085e75722f83e57ca1b60ae810e41f152dab260", "price_changes": [{"asset_id": "64333493695889850799290234121221932834834711640529570983175780910007646162003", "price": "0.03", "size": "22.54", "side": "BUY", "hash": "d59d48b13ab7da708e593853082d6b983399fd95", "best_bid": "0.04", "best_ask": "0.96"}, {"asset_id": "4440067261175566805538406764631510911208488973293580872403794004522948300875", "price": "0.97", "size": "22.54", "side": "SELL", "hash": "0782fc41921decaf8837162968ec45a81afaa82e", "best_bid": "0.04", "best_ask": "0.96"}], "timestamp": "1769384106459", "event_type": "price_change"}}
{"_local_timestamp": "2026-01-25T23:35:07.474169+00:00", "data": {"market": "0xe0ad5c4c140d2ad47f7645975f9eff593ce86827f8347f5d41b278b7b733563f", "price_changes": [{"asset_id": "48253934614151040737342368064863281646686193736726745155679030693782323028044", "price": "0.01", "size": "21838.41", "side": "BUY", "hash": "0451fead04351f11db59dba642a84eadf76ca2ec", "best_bid": "0.04", "best_ask": "0.96"}, {"asset_id": "56909617231267933034599202672257827230759558780653111871000505930456978211393", "price": "0.99", "size": "21838.41", "side": "SELL", "hash": "58974c9a88118b2aec56333d16fcec4f4e54591b", "best_bid": "0.04", "best_ask": "0.96"}], "timestamp": "1769384107278", "event_type": "price_change"}}
{"_local_timestamp": "2026-01-25T23:35:08.272145+00:00", "data": {"market": "0xe0ad5c4c140d2ad47f7645975f9eff593ce86827f8347f5d41b278b7b733563f", "price_changes": [{"asset_id": "48253934614151040737342368064863281646686193736726745155679030693782323028044", "price": "0.01", "size": "21853.48", "side": "BUY", "hash": "73bf7fbdf562083ed11311f12040abcc922fdec0", "best_bid": "0.04", "best_ask": "0.96"}, {"asset_id": "56909617231267933034599202672257827230759558780653111871000505930456978211393", "price": "0.99", "size": "21853.48", "side": "SELL", "hash": "b4f16d328fda73f3f42b161ea976852c395cde45", "best_bid": "0.04", "best_ask": "0.96"}], "timestamp": "1769384108021", "event_type": "price_change"}}
{"_local_timestamp": "2026-01-25T23:36:06.175725+00:00", "data": {"market": "0x6b885acfaf7937f28250ea108085e75722f83e57ca1b60ae810e41f152dab260", "price_changes": [{"asset_id": "64333493695889850799290234121221932834834711640529570983175780910007646162003", "price": "0.05", "size": "23.99", "side": "BUY", "hash": "7300ca6a38959c278a3af5f7a806a25544d5de2a", "best_bid": "0.05", "best_ask": "0.96"}, {"asset_id": "4440067261175566805538406764631510911208488973293580872403794004522948300875", "price": "0.95", "size": "23.99", "side": "SELL", "hash": "b0e9586937c54019c123c92b91a8380721084e1d", "best_bid": "0.04", "best_ask": "0.95"}], "timestamp": "1769384166079", "event_type": "price_change"}}
{"_local_timestamp": "2026-01-25T23:36:06.176779+00:00", "data": {"market": "0xb902cf3834fad5225e8d58286c767cee514badd918561393e7d716d587465230", "price_changes": [{"asset_id": "15239708892658361698801551850903083059304967065683358189503437727663677688612", "price": "0.05", "size": "23.99", "side": "BUY", "hash": "ae4d5c5f57bf1b3b661916ad96cc0e4c490f3a62", "best_bid": "0.05", "best_ask": "0.96"}, {"asset_id": "115235547330565289621887153185343153198260997827461547422731251249961128753500", "price": "0.95", "size": "23.99", "side": "SELL", "hash": "6ee930a0ed7b58cb84b7339604640c624d3e5af3", "best_bid": "0.04", "best_ask": "0.95"}], "timestamp": "1769384166079", "event_type": "price_change"}}
{"_local_timestamp": "2026-01-25T23:36:06.241999+00:00", "data": {"market": "0xe0ad5c4c140d2ad47f7645975f9eff593ce86827f8347f5d41b278b7b733563f", "price_changes": [{"asset_id": "48253934614151040737342368064863281646686193736726745155679030693782323028044", "price": "0.05", "size": "23.99", "side": "BUY", "hash": "e2e6e9990cc7b6bc6dee70f82d233d31acea0776", "best_bid": "0.05", "best_ask": "0.96"}, {"asset_id": "56909617231267933034599202672257827230759558780653111871000505930456978211393", "price": "0.95", "size": "23.99", "side": "SELL", "hash": "9e4ee7e6186a6cb578947e080e47e71d49814770", "best_bid": "0.04", "best_ask": "0.95"}], "timestamp": "1769384166176", "event_type": "price_change"}}
{"_local_timestamp": "2026-01-25T23:36:06.251534+00:00", "data": {"market": "0xe903948bce784f521839bdd04c535d7fd7418a141833350372f002faf43515c3", "price_changes": [{"asset_id": "72809954497010975026759507317806820004411577712432627670355896253913947813954", "price": "0.04", "size": "29.99", "side": "BUY", "hash": "91cac8d627b4fe81280b846f4156859863a619cc", "best_bid": "0.04", "best_ask": "0.96"}, {"asset_id": "111461771774819939776267904406029367026598896527918172063801585844010315897846", "price": "0.96", "size": "29.99", "side": "SELL", "hash": "8d77d438c2e8791d3081da72ac09adda15ad2f87", "best_bid": "0.04", "best_ask": "0.96"}], "timestamp": "1769384166176", "event_type": "price_change"}}
{"_local_timestamp": "2026-01-25T23:36:09.242655+00:00", "data": {"market": "0xe903948bce784f521839bdd04c535d7fd7418a141833350372f002faf43515c3", "price_changes": [{"asset_id": "72809954497010975026759507317806820004411577712432627670355896253913947813954", "price": "0.03", "size": "0", "side": "BUY", "hash": "7ad36bf5fb7e1a08b8d825bceb5235e153bae945", "best_bid": "0.04", "best_ask": "0.96"}, {"asset_id": "111461771774819939776267904406029367026598896527918172063801585844010315897846", "price": "0.97", "size": "0", "side": "SELL", "hash": "09f428ab3bb8754d5c1b059c51e792edc740f4a7", "best_bid": "0.04", "best_ask": "0.96"}], "timestamp": "1769384169171", "event_type": "price_change"}}
{"_local_timestamp": "2026-01-25T23:36:09.243586+00:00", "data": {"market": "0x6b885acfaf7937f28250ea108085e75722f83e57ca1b60ae810e41f152dab260", "price_changes": [{"asset_id": "64333493695889850799290234121221932834834711640529570983175780910007646162003", "price": "0.04", "size": "0", "side": "BUY", "hash": "f7ecb6dc289be0d853fe7e5380350fcc9d35ac85", "best_bid": "0.05", "best_ask": "0.96"}, {"asset_id": "4440067261175566805538406764631510911208488973293580872403794004522948300875", "price": "0.96", "size": "0", "side": "SELL", "hash": "d8044941472b9d08ca39c4360b2edb6df224a426", "best_bid": "0.04", "best_ask": "0.95"}], "timestamp": "1769384169172", "event_type": "price_change"}}
{"_local_timestamp": "2026-01-25T23:36:09.251582+00:00", "data": {"market": "0xe0ad5c4c140d2ad47f7645975f9eff593ce86827f8347f5d41b278b7b733563f", "price_changes": [{"asset_id": "48253934614151040737342368064863281646686193736726745155679030693782323028044", "price": "0.04", "size": "0", "side": "BUY", "hash": "f160ca562e25071222b41b928b924538ea6173f1", "best_bid": "0.05", "best_ask": "0.96"}, {"asset_id": "56909617231267933034599202672257827230759558780653111871000505930456978211393", "price": "0.96", "size": "0", "side": "SELL", "hash": "cb6780edec1724d8f57794bc5389fcacceaec143", "best_bid": "0.04", "best_ask": "0.95"}], "timestamp": "1769384169172", "event_type": "price_change"}}
{"_local_timestamp": "2026-01-25T23:36:09.253016+00:00", "data": {"market": "0xb902cf3834fad5225e8d58286c767cee514badd918561393e7d716d587465230", "price_changes": [{"asset_id": "15239708892658361698801551850903083059304967065683358189503437727663677688612", "price": "0.04", "size": "0", "side": "BUY", "hash": "e796153deee5098c54b7dbbb24dfac5252ca94f7", "best_bid": "0.05", "best_ask": "0.96"}, {"asset_id": "115235547330565289621887153185343153198260997827461547422731251249961128753500", "price": "0.96", "size": "0", "side": "SELL", "hash": "a4ba0a15c32cfdef14ce1d343b8ac2c0bfb1229d", "best_bid": "0.04", "best_ask": "0.95"}], "timestamp": "1769384169172", "event_type": "price_change"}}
{"_local_timestamp": "2026-01-25T23:36:09.687590+00:00", "data": {"market": "0xe903948bce784f521839bdd04c535d7fd7418a141833350372f002faf43515c3", "price_changes": [{"asset_id": "72809954497010975026759507317806820004411577712432627670355896253913947813954", "price": "0.05", "size": "5.47", "side": "BUY", "hash": "53bcea488620d9fb4307e64afbd7318e9161434e", "best_bid": "0.05", "best_ask": "0.96"}, {"asset_id": "111461771774819939776267904406029367026598896527918172063801585844010315897846", "price": "0.95", "size": "5.47", "side": "SELL", "hash": "6524d24781152413d993ff3ea8f1638213493f85", "best_bid": "0.04", "best_ask": "0.95"}], "timestamp": "1769384169614", "event_type": "price_change"}}
{"_local_timestamp": "2026-01-25T23:36:09.688231+00:00", "data": {"market": "0xe0ad5c4c140d2ad47f7645975f9eff593ce86827f8347f5d41b278b7b733563f", "price_changes": [{"asset_id": "48253934614151040737342368064863281646686193736726745155679030693782323028044", "price": "0.06", "size": "5.47", "side": "BUY", "hash": "b37915fb8b2af289a20be12b0dc728c9b19c8a5d", "best_bid": "0.06", "best_ask": "0.96"}, {"asset_id": "56909617231267933034599202672257827230759558780653111871000505930456978211393", "price": "0.94", "size": "5.47", "side": "SELL", "hash": "f498d283c6d633faab9635c1588a2ba8322fe7ec", "best_bid": "0.04", "best_ask": "0.94"}], "timestamp": "1769384169614", "event_type": "price_change"}}
{"_local_timestamp": "2026-01-25T23:36:09.688699+00:00", "data": {"market": "0x6b885acfaf7937f28250ea108085e75722f83e57ca1b60ae810e41f152dab260", "price_changes": [{"asset_id": "64333493695889850799290234121221932834834711640529570983175780910007646162003", "price": "0.06", "size": "5.47", "side": "BUY", "hash": "01401bc28f920c33e6d2665ffde3067fa20c13f6", "best_bid": "0.06", "best_ask": "0.96"}, {"asset_id": "4440067261175566805538406764631510911208488973293580872403794004522948300875", "price": "0.94", "size": "5.47", "side": "SELL", "hash": "52565e76d7cd8e925e04bf6951df4c226114e5d0", "best_bid": "0.04", "best_ask": "0.94"}], "timestamp": "1769384169614", "event_type": "price_change"}}
{"_local_timestamp": "2026-01-25T23:36:09.689066+00:00", "data": {"market": "0xb902cf3834fad5225e8d58286c767cee514badd918561393e7d716d587465230", "price_changes": [{"asset_id": "15239708892658361698801551850903083059304967065683358189503437727663677688612", "price": "0.06", "size": "5.47", "side": "BUY", "hash": "aff9071c2e1773ca7d9e4315d757b35d2864e542", "best_bid": "0.06", "best_ask": "0.96"}, {"asset_id": "115235547330565289621887153185343153198260997827461547422731251249961128753500", "price": "0.94", "size": "5.47", "side": "SELL", "hash": "58ff59c5acc3819d36dea28b5981259a7d0b3d4f", "best_bid": "0.04", "best_ask": "0.94"}], "timestamp": "1769384169614", "event_type": "price_change"}}
{"_local_timestamp": "2026-01-25T23:37:43.746972+00:00", "data": {"market": "0x6b885acfaf7937f28250ea108085e75722f83e57ca1b60ae810e41f152dab260", "price_changes": [{"asset_id": "64333493695889850799290234121221932834834711640529570983175780910007646162003", "price": "0.05", "size": "0", "side": "BUY", "hash": "d85e647f3fb86262d617a5826d5ffd92a7a5a8d0", "best_bid": "0.06", "best_ask": "0.96"}, {"asset_id": "4440067261175566805538406764631510911208488973293580872403794004522948300875", "price": "0.95", "size": "0", "side": "SELL", "hash": "866ad2a01105939c55a3e35fd5e9c28b5d919c3f", "best_bid": "0.04", "best_ask": "0.94"}], "timestamp": "1769384263668", "event_type": "price_change"}}
{"_local_timestamp": "2026-01-25T23:37:43.747919+00:00", "data": {"market": "0xe0ad5c4c140d2ad47f7645975f9eff593ce86827f8347f5d41b278b7b733563f", "price_changes": [{"asset_id": "48253934614151040737342368064863281646686193736726745155679030693782323028044", "price": "0.05", "size": "0", "side": "BUY", "hash": "c7f01a53d0ec20d27f0a4780d6426bab5fe943da", "best_bid": "0.06", "best_ask": "0.96"}, {"asset_id": "56909617231267933034599202672257827230759558780653111871000505930456978211393", "price": "0.95", "size": "0", "side": "SELL", "hash": "b76a98a7d089778779eab4791ab4143adc4380f4", "best_bid": "0.04", "best_ask": "0.94"}], "timestamp": "1769384263668", "event_type": "price_change"}}
{"_local_timestamp": "2026-01-25T23:37:43.835456+00:00", "data": {"market": "0xe903948bce784f521839bdd04c535d7fd7418a141833350372f002faf43515c3", "price_changes": [{"asset_id": "72809954497010975026759507317806820004411577712432627670355896253913947813954", "price": "0.04", "size": "0", "side": "BUY", "hash": "f946de4dbff330c2b88f454c26fcb4272686ff87", "best_bid": "0.05", "best_ask": "0.96"}, {"asset_id": "111461771774819939776267904406029367026598896527918172063801585844010315897846", "price": "0.96", "size": "0", "side": "SELL", "hash": "f580897e1b5eb62663a5c6ee40c64bc4ce5155a7", "best_bid": "0.04", "best_ask": "0.95"}], "timestamp": "1769384263764", "event_type": "price_change"}}
{"_local_timestamp": "2026-01-25T23:37:43.961028+00:00", "data": {"market": "0xb902cf3834fad5225e8d58286c767cee514badd918561393e7d716d587465230", "price_changes": [{"asset_id": "15239708892658361698801551850903083059304967065683358189503437727663677688612", "price": "0.05", "size": "0", "side": "BUY", "hash": "972e740ed9a0108e618c970a47c400f7384ac9fe", "best_bid": "0.06", "best_ask": "0.96"}, {"asset_id": "115235547330565289621887153185343153198260997827461547422731251249961128753500", "price": "0.95", "size": "0", "side": "SELL", "hash": "88115e57939d6343f524ed5f38abd1396e9f6138", "best_bid": "0.04", "best_ask": "0.94"}], "timestamp": "1769384263863", "event_type": "price_change"}}
{"_local_timestamp": "2026-01-25T23:37:46.240141+00:00", "data": {"market": "0xe0ad5c4c140d2ad47f7645975f9eff593ce86827f8347f5d41b278b7b733563f", "price_changes": [{"asset_id": "48253934614151040737342368064863281646686193736726745155679030693782323028044", "price": "0.06", "size": "0", "side": "BUY", "hash": "2117707f216a7eaf498434b32c35688d8905f25e", "best_bid": "0.03", "best_ask": "0.96"}, {"asset_id": "56909617231267933034599202672257827230759558780653111871000505930456978211393", "price": "0.94", "size": "0", "side": "SELL", "hash": "6ef5bf859305fc5a6001c4f45c2b47441589b604", "best_bid": "0.04", "best_ask": "0.97"}], "timestamp": "1769384266142", "event_type": "price_change"}}
{"_local_timestamp": "2026-01-25T23:37:46.244000+00:00", "data": {"market": "0xe903948bce784f521839bdd04c535d7fd7418a141833350372f002faf43515c3", "price_changes": [{"asset_id": "72809954497010975026759507317806820004411577712432627670355896253913947813954", "price": "0.05", "size": "0", "side": "BUY", "hash": "385860b1be1bd8d99d628637862c1ca41e95d980", "best_bid": "0.02", "best_ask": "0.96"}, {"asset_id": "111461771774819939776267904406029367026598896527918172063801585844010315897846", "price": "0.95", "size": "0", "side": "SELL", "hash": "780a9e3a063a185589e83e0e259284f77f215ab6", "best_bid": "0.04", "best_ask": "0.98"}], "timestamp": "1769384266142", "event_type": "price_change"}}
{"_local_timestamp": "2026-01-25T23:37:46.247588+00:00", "data": {"market": "0xb902cf3834fad5225e8d58286c767cee514badd918561393e7d716d587465230", "price_changes": [{"asset_id": "15239708892658361698801551850903083059304967065683358189503437727663677688612", "price": "0.06", "size": "0", "side": "BUY", "hash": "d1c42c52a018d0332c74768cc67269933edd37e7", "best_bid": "0.03", "best_ask": "0.96"}, {"asset_id": "115235547330565289621887153185343153198260997827461547422731251249961128753500", "price": "0.94", "size": "0", "side": "SELL", "hash": "a6e72235a07b3d272217e9660a97038c8640ba09", "best_bid": "0.04", "best_ask": "0.97"}], "timestamp": "1769384266142", "event_type": "price_change"}}
{"_local_timestamp": "2026-01-25T23:37:46.261347+00:00", "data": {"market": "0x6b885acfaf7937f28250ea108085e75722f83e57ca1b60ae810e41f152dab260", "price_changes": [{"asset_id": "64333493695889850799290234121221932834834711640529570983175780910007646162003", "price": "0.06", "size": "0", "side": "BUY", "hash": "0c825f217540470fcf238603d74571e3e1c6c11c", "best_bid": "0.03", "best_ask": "0.96"}, {"asset_id": "4440067261175566805538406764631510911208488973293580872403794004522948300875", "price": "0.94", "size": "0", "side": "SELL", "hash": "8f385ae3906eedc4796f99e00620aa125a64f6d4", "best_bid": "0.04", "best_ask": "0.97"}], "timestamp": "1769384266141", "event_type": "price_change"}}
