{"_local_timestamp": "2026-01-25T23:34:26.448515+00:00", "data": [{"market": "0xe49ce4b6ee29f0f0713dc794a4e5f163d6de18ab17bfe172f25fd76bfdb83391", "asset_id": "108870509037789535699006468534992455474230377131552050931793292098643767107473", "timestamp": "1769384061841", "hash": "60c9f0493440063da46f11bb4dc25067bec76968", "bids": [{"price": "0.01", "size": "13389.34"}, {"price": "0.02", "size": "1800"}, {"price": "0.03", "size": "7.17"}, {"price": "0.07", "size": "1500"}, {"price": "0.08", "size": "8457.33"}, {"price": "0.11", "size": "6.2"}, {"price": "0.13", "size": "600"}, {"price": "0.14", "size": "21946.55"}, {"price": "0.15", "size": "2190.11"}, {"price": "0.3", "size": "50"}, {"price": "0.44", "size": "100"}, {"price": "0.47", "size": "99.99"}, {"price": "0.48", "size": "5"}], "asks": [{"price": "0.99", "size": "21831.79"}, {"price": "0.98", "size": "47.37"}, {"price": "0.72", "size": "10"}, {"price": "0.71", "size": "50"}, {"price": "0.52", "size": "65.05"}], "event_type": "book", "last_trade_price": "0.520"}, {"market": "0x6692ea16c53db88b301defb3762264011bbf6b67416d192f67909d12063127f7", "asset_id": "97798000851441319833689967343124252910689074437776520465660449584731679297456", "timestamp": "1769383981020", "hash": "a972afa392f606e85d06b3cb6f77f63c19c1a228", "bids": [{"price": "0.01", "size": "14279.73"}, {"price": "0.02", "size": "10647.44"}, {"price": "0.03", "size": "29.83"}, {"price": "0.44", "size": "100"}], "asks": [{"price": "0.99", "size": "22737.18"}, {"price": "0.98", "size": "10647.44"}, {"price": "0.97", "size": "29.78"}, {"price": "0.54", "size": "100"}], "event_type": "book", "last_trade_price": ""}, {"market": "0xc50f2fcdcba0fe6f7a89ceb654b60cfb19f15dd8c323f24eb0712440a3061107", "asset_id": "40376946734337182069993939441507238052037011628859621040304109764877514484068", "timestamp": "1769383981020", "hash": "842c47c5cf850510c7c679c18377b0b125fb75ae", "bids": [{"price": "0.01", "size": "14277.09"}, {"price": "0.02", "size": "10647.44"}, {"price": "0.03", "size": "30.71"}, {"price": "0.44", "size": "100"}], "asks": [{"price": "0.99", "size": "14279.85"}, {"price": "0.98", "size": "10647.44"}, {"price": "0.97", "size": "29.78"}, {"price": "0.54", "size": "100"}], "event_type": "book", "last_trade_price": ""}, {"market": "0x35d1c29476c988c30993aa89bb5cf8ffd8730d34d128719bb64d3326391d0591", "asset_id": "5298707198493424907580876344514588338807903444696512044104746202528098519118", "timestamp": "1769381971265", "hash": "acfbc5398e79a3df5321231da4befc287b65d7a7", "bids": [{"price": "0.01", "size": "99.99"}, {"price": "0.02", "size": "40"}, {"price": "0.05", "size": "10"}], "asks": [{"price": "0.99", "size": "102.04"}, {"price": "0.98", "size": "38.97"}, {"price": "0.95", "size": "15.47"}], "event_type": "book", "last_trade_price": ""}, {"market": "0x3531cc1de299cc3a892e1d4c139e992d80df12900c28d7c2b294562eb3c2dc41", "asset_id": "42373353418571960815110741833859030303763769349068679289172987063673381058695", "timestamp": "1769383983188", "hash": "1d6b549cca26f4f5fdf71835e224c2b5a1f6eda3", "bids": [{"price": "0.01", "size": "14332.99"}, {"price": "0.02", "size": "21646.55"}, {"price": "0.03", "size": "29.74"}, {"price": "0.42", "size": "100"}], "asks": [{"price": "0.99", "size": "14332.63"}, {"price": "0.98", "size": "21646.55"}, {"price": "0.97", "size": "29.86"}, {"price": "0.52", "size": "100"}], "event_type": "book", "last_trade_price": ""}, {"market": "0x3531cc1de299cc3a892e1d4c139e992d80df12900c28d7c2b294562eb3c2dc41", "asset_id": "32270220732793653041165288668007613424809177688814692718764156782627980664569", "timestamp": "1769383983188", "hash": "36c9c95ce467ac1e5d47414b720ff366a0d883cf", "bids": [{"price": "0.01", "size": "14332.63"}, {"price": "0.02", "size": "21646.55"}, {"price": "0.03", "size": "29.86"}, {"price": "0.48", "size": "100"}], "asks": [{"price": "0.99", "size": "14332.99"}, {"price": "0.98", "size": "21646.55"}, {"price": "0.97", "size": "29.74"}, {"price": "0.58", "size": "100"}], "event_type": "book", "last_trade_price": ""}, {"market": "0xe49ce4b6ee29f0f0713dc794a4e5f163d6de18ab17bfe172f25fd76bfdb83391", "asset_id": "61061378659551608622228120633282928183853204529668231038064119883981478894733", "timestamp": "1769384061841", "hash": "d474e1ed6f3be88f06f5a23940f6aea3e7be790e", "bids": [{"price": "0.01", "size": "21831.79"}, {"price": "0.02", "size": "47.37"}, {"price": "0.28", "size": "10"}, {"price": "0.29", "size": "50"}, {"price": "0.48", "size": "65.05"}], "asks": [{"price": "0.99", "size": "13389.34"}, {"price": "0.98", "size": "1800"}, {"price": "0.97", "size": "7.17"}, {"price": "0.93", "size": "1500"}, {"price": "0.92", "size": "8457.33"}, {"price": "0.89", "size": "6.2"}, {"price": "0.87", "size": "600"}, {"price": "0.86", "size": "21946.55"}, {"price": "0.85", "size": "2190.11"}, {"price": "0.7", "size": "50"}, {"price": "0.56", "size": "100"}, {"price": "0.53", "size": "99.99"}, {"price": "0.52", "size": "5"}], "event_type": "book", "last_trade_price": "0.520"}, {"market": "0x2e7df4c1faaae26e3ffb3930c950df6593fb2d91a2df411de9406ecc7188efc3", "asset_id": "4210959198708965559202817140905242248106258256473541425365485964309536827566", "timestamp": "1769383960973", "hash": "4f5ea7fd7d337536aceb97ba1c2775b2b7a3c541", "bids": [{"price": "0.01", "size": "80"}, {"price": "0.02", "size": "59.99"}], "asks": [{"price": "0.99", "size": "80"}, {"price": "0.98", "size": "59.99"}], "event_type": "book", "last_trade_price": ""}, {"market": "0x2e7df4c1faaae26e3ffb3930c950df6593fb2d91a2df411de9406ecc7188efc3", "asset_id": "2535652802377528120233024976894355714518534757216690150090784883819764207478", "timestamp": "1769383960973", "hash": "7d74e4bdaa1617fd6a9b5cb8fb75f66f3a5ac808", "bids": [{"price": "0.01", "size": "80"}, {"price": "0.02", "size": "59.99"}], "asks": [{"price": "0.99", "size": "80"}, {"price": "0.98", "size": "59.99"}], "event_type": "book", "last_trade_price": ""}, {"market": "0x35d1c29476c988c30993aa89bb5cf8ffd8730d34d128719bb64d3326391d0591", "asset_id": "55355894033895657053315149464207036331926436463332923377860381003691144547012", "timestamp": "1769381971265", "hash": "ac680442ae982470700e13e03b593bbdfbcb3e5f", "bids": [{"price": "0.01", "size": "102.04"}, {"price": "0.02", "size": "38.97"}, {"price": "0.05", "size": "15.47"}], "asks": [{"price": "0.99", "size": "99.99"}, {"price": "0.98", "size": "40"}, {"price": "0.95", "size": "10"}], "event_type": "book", "last_trade_price": ""}, {"market": "0x6692ea16c53db88b301defb3762264011bbf6b67416d192f67909d12063127f7", "asset_id": "24813680551878341910803891972527820818898859019805483347710884234210938179802", "timestamp": "1769383981020", "hash": "6002b3d6e868f8298460585a1600e6c3ae9f3bda", "bids": [{"price": "0.01", "size": "22737.18"}, {"price": "0.02", "size": "10647.44"}, {"price": "0.03", "size": "29.78"}, {"price": "0.46", "size": "100"}], "asks": [{"price": "0.99", "size": "14279.73"}, {"price": "0.98", "size": "10647.44"}, {"price": "0.97", "size": "29.83"}, {"price": "0.56", "size": "100"}], "event_type": "book", "last_trade_price": ""}, {"market": "0xc50f2fcdcba0fe6f7a89ceb654b60cfb19f15dd8c323f24eb0712440a3061107", "asset_id": "38699762667199522145994208247581030607113112356500994021312374663893478576940", "timestamp": "1769383981020", "hash": "39bd9b4fadec3923d3665eb23b0b504b771d882e", "bids": [{"price": "0.01", "size": "14279.85"}, {"price": "0.02", "size": "10647.44"}, {"price": "0.03", "size": "29.78"}, {"price": "0.46", "size": "100"}], "asks": [{"price": "0.99", "size": "14277.09"}, {"price": "0.98", "size": "10647.44"}, {"price": "0.97", "size": "30.71"}, {"price": "0.56", "size": "100"}], "event_type": "book", "last_trade_price": ""}]}
{"_local_timestamp": "2026-01-25T23:34:29.445769+00:00", "data": {"market": "0xe49ce4b6ee29f0f0713dc794a4e5f163d6de18ab17bfe172f25fd76bfdb83391", "price_changes": [{"asset_id": "108870509037789535699006468534992455474230377131552050931793292098643767107473", "price": "0.13", "size": "500", "side": "BUY", "hash": "3be62b876e665f9b168a958750d45911cc1a32dd", "best_bid": "0.48", "best_ask": "0.52"}, {"asset_id": "61061378659551608622228120633282928183853204529668231038064119883981478894733", "price": "0.87", "size": "500", "side": "SELL", "hash": "35aef876b81a08f96a2474d6bfe0fd551d81a116", "best_bid": "0.48", "best_ask": "0.52"}], "timestamp": "1769384069211", "event_type": "price_change"}}
{"_local_timestamp": "2026-01-25T23:34:29.533342+00:00", "data": {"market": "0xe49ce4b6ee29f0f0713dc794a4e5f163d6de18ab17bfe172f25fd76bfdb83391", "price_changes": [{"asset_id": "108870509037789535699006468534992455474230377131552050931793292098643767107473", "price": "0.14", "size": "10947.44", "side": "BUY", "hash": "c899acb6066e9b908df97490a043dcd9d4263ae2", "best_bid": "0.48", "best_ask": "0.52"}, {"asset_id": "61061378659551608622228120633282928183853204529668231038064119883981478894733", "price": "0.86", "size": "10947.44", "side": "SELL", "hash": "ba897ecdb6d74d0c237e41f41f6b7b89188dd31b", "best_bid": "0.48", "best_ask": "0.52"}], "timestamp": "1769384069304", "event_type": "price_change"}}
{"_local_timestamp": "2026-01-25T23:34:29.721181+00:00", "data": {"market": "0xe49ce4b6ee29f0f0713dc794a4e5f163d6de18ab17bfe172f25fd76bfdb83391", "price_changes": [{"asset_id": "108870509037789535699006468534992455474230377131552050931793292098643767107473", "price": "0.08", "size": "8557.33", "side": "BUY", "hash": "1af53d9f5ff77d7f8f28d8bd7d479db3efa8a932", "best_bid": "0.48", "best_ask": "0.52"}, {"asset_id": "61061378659551608622228120633282928183853204529668231038064119883981478894733", "price": "0.92", "size": "8557.33", "side": "SELL", "hash": "5ef39fb183a8132be5290c8016e0dd699debc06e", "best_bid": "0.48", "best_ask": "0.52"}], "timestamp": "1769384069496", "event_type": "price_change"}}
{"_local_timestamp": "2026-01-25T23:34:30.186743+00:00", "data": {"market": "0xe49ce4b6ee29f0f0713dc794a4e5f163d6de18ab17bfe172f25fd76bfdb83391", "price_changes": [{"asset_id": "108870509037789535699006468534992455474230377131552050931793292098643767107473", "price": "0.13", "size": "100", "side": "BUY", "hash": "bc0448d1f094b31664dd56f4b81741a7e70383f5", "best_bid": "0.48", "best_ask": "0.52"}, {"asset_id": "61061378659551608622228120633282928183853204529668231038064119883981478894733", "price": "0.87", "size": "100", "side": "SELL", "hash": "18a54ba419428bdf6644b8477b9a1e27d58d3c76", "best_bid": "0.48", "best_ask": "0.52"}], "timestamp": "1769384069842", "event_type": "price_change"}}
{"_local_timestamp": "2026-01-25T23:34:31.203550+00:00", "data": {"market": "0xe49ce4b6ee29f0f0713dc794a4e5f163d6de18ab17bfe172f25fd76bfdb83391", "price_changes": [{"asset_id": "108870509037789535699006468534992455474230377131552050931793292098643767107473", "price": "0.08", "size": "8957.33", "side": "BUY", "hash": "29e1fa6abef4a9146d025cc533b267555a776313", "best_bid": "0.48", "best_ask": "0.52"}, {"asset_id": "61061378659551608622228120633282928183853204529668231038064119883981478894733", "price": "0.92", "size": "8957.33", "side": "SELL", "hash": "985454745e6768cb9ab6e8740998e980ab64dfad", "best_bid": "0.48", "best_ask": "0.52"}], "timestamp": "1769384070113", "event_type": "price_change"}}
{"_local_timestamp": "2026-01-25T23:34:31.952335+00:00", "data": {"market": "0xe49ce4b6ee29f0f0713dc794a4e5f163d6de18ab17bfe172f25fd76bfdb83391", "price_changes": [{"asset_id": "108870509037789535699006468534992455474230377131552050931793292098643767107473", "price": "0.14", "size": "10847.44", "side": "BUY", "hash": "dde41a3f2b3f1a1502c284ebf59a3522aa6aeac1", "best_bid": "0.48", "best_ask": "0.52"}, {"asset_id": "61061378659551608622228120633282928183853204529668231038064119883981478894733", "price": "0.86", "size": "10847.44", "side": "SELL", "hash": "09a4b29722bc211b70a86313dfa17d6a52317690", "best_bid": "0.48", "best_ask": "0.52"}], "timestamp": "1769384071737", "event_type": "price_change"}}
{"_local_timestamp": "2026-01-25T23:34:32.019368+00:00", "data": {"market": "0xe49ce4b6ee29f0f0713dc794a4e5f163d6de18ab17bfe172f25fd76bfdb83391", "price_changes": [{"asset_id": "108870509037789535699006468534992455474230377131552050931793292098643767107473", "price": "0.14", "size": "2390.11", "side": "BUY", "hash": "7580c1dc2b1681ecc3fe8e6331f471fc35aa961d", "best_bid": "0.48", "best_ask": "0.52"}, {"asset_id": "61061378659551608622228120633282928183853204529668231038064119883981478894733", "price": "0.86", "size": "2390.11", "side": "SELL", "hash": "68ec3dd57d0bf03862bb3309a56373ebad57b930", "best_bid": "0.48", "best_ask": "0.52"}], "timestamp": "1769384071802", "event_type": "price_change"}}
{"_local_timestamp": "2026-01-25T23:34:32.413962+00:00", "data": {"market": "0xe49ce4b6ee29f0f0713dc794a4e5f163d6de18ab17bfe172f25fd76bfdb83391", "price_changes": [{"asset_id": "108870509037789535699006468534992455474230377131552050931793292098643767107473", "price": "0.08", "size": "9057.33", "side": "BUY", "hash": "70def8035f55f5f51a41da1e06dab5b3ee2e4e9c", "best_bid": "0.48", "best_ask": "0.52"}, {"asset_id": "61061378659551608622228120633282928183853204529668231038064119883981478894733", "price": "0.92", "size": "9057.33", "side": "SELL", "hash": "eb5cdaaa39c79abdb28a129d80060cbb15672b73", "best_bid": "0.48", "best_ask": "0.52"}], "timestamp": "1769384072119", "event_type": "price_change"}}
{"_local_timestamp": "2026-01-25T23:34:32.500129+00:00", "data": {"market": "0xe49ce4b6ee29f0f0713dc794a4e5f163d6de18ab17bfe172f25fd76bfdb83391", "price_changes": [{"asset_id": "108870509037789535699006468534992455474230377131552050931793292098643767107473", "price": "0.09", "size": "2190.11", "side": "BUY", "hash": "363b1318c49170d24d03801df0d37673b764c6f1", "best_bid": "0.48", "best_ask": "0.52"}, {"asset_id": "61061378659551608622228120633282928183853204529668231038064119883981478894733", "price": "0.91", "size": "2190.11", "side": "SELL", "hash": "380675f72a884d7af9db677402f825a33253c7db", "best_bid": "0.48", "best_ask": "0.52"}], "timestamp": "1769384072254", "event_type": "price_change"}}
{"_local_timestamp": "2026-01-25T23:34:32.509211+00:00", "data": {"market": "0xe49ce4b6ee29f0f0713dc794a4e5f163d6de18ab17bfe172f25fd76bfdb83391", "price_changes": [{"asset_id": "108870509037789535699006468534992455474230377131552050931793292098643767107473", "price": "0.09", "size": "4460.22", "side": "BUY", "hash": "c9437db3d6ef0faa5771721c2e5c3e630abbc48e", "best_bid": "0.48", "best_ask": "0.52"}, {"asset_id": "61061378659551608622228120633282928183853204529668231038064119883981478894733", "price": "0.91", "size": "4460.22", "side": "SELL", "hash": "f0e2e4b767d3f33081e21a1323db08f79e579372", "best_bid": "0.48", "best_ask": "0.52"}], "timestamp": "1769384072256", "event_type": "price_change"}}
{"_local_timestamp": "2026-01-25T23:34:32.510705+00:00", "data": {"market": "0xe49ce4b6ee29f0f0713dc794a4e5f163d6de18ab17bfe172f25fd76bfdb83391", "price_changes": [{"asset_id": "108870509037789535699006468534992455474230377131552050931793292098643767107473", "price": "0.09", "size": "8457.33", "side": "BUY", "hash": "d82e1bdae106d48a5663b728b16004c1b3177d6e", "best_bid": "0.48", "best_ask": "0.52"}, {"asset_id": "61061378659551608622228120633282928183853204529668231038064119883981478894733", "price": "0.91", "size": "8457.33", "side": "SELL", "hash": "24117beb022705057fd563311c3a7378a2269c3e", "best_bid": "0.48", "best_ask": "0.52"}], "timestamp": "1769384072259", "event_type": "price_change"}}
{"_local_timestamp": "2026-01-25T23:34:32.715197+00:00", "data": {"market": "0xe49ce4b6ee29f0f0713dc794a4e5f163d6de18ab17bfe172f25fd76bfdb83391", "price_changes": [{"asset_id": "108870509037789535699006468534992455474230377131552050931793292098643767107473", "price": "0.1", "size": "10999.11", "side": "BUY", "hash": "ef401bc0e3a1dc687aa328e7dce6b2611b15a5b7", "best_bid": "0.48", "best_ask": "0.52"}, {"asset_id": "61061378659551608622228120633282928183853204529668231038064119883981478894733", "price": "0.9", "size": "10999.11", "side": "SELL", "hash": "2bdda1e247b0154c7340bff91a362c2a396251ec", "best_bid": "0.48", "best_ask": "0.52"}], "timestamp": "1769384072501", "event_type": "price_change"}}
{"_local_timestamp": "2026-01-25T23:34:50.616527+00:00", "data": {"market": "0xe49ce4b6ee29f0f0713dc794a4e5f163d6de18ab17bfe172f25fd76bfdb83391", "price_changes": [{"asset_id": "108870509037789535699006468534992455474230377131552050931793292098643767107473", "price": "0.13", "size": "0", "side": "BUY", "hash": "0611cf4f11893e0a9a3f76a99294a833e7a5e26f", "best_bid": "0.48", "best_ask": "0.52"}, {"asset_id": "61061378659551608622228120633282928183853204529668231038064119883981478894733", "price": "0.87", "size": "0", "side": "SELL", "hash": "6c6e72d0f316d5f9a3862f31acc2a14f42efc0bf", "best_bid": "0.48", "best_ask": "0.52"}], "timestamp": "1769384090191", "event_type": "price_change"}}
{"_local_timestamp": "2026-01-25T23:34:50.652502+00:00", "data": {"market": "0xe49ce4b6ee29f0f0713dc794a4e5f163d6de18ab17bfe172f25fd76bfdb83391", "price_changes": [{"asset_id": "108870509037789535699006468534992455474230377131552050931793292098643767107473", "price": "0.08", "size": "6787.22", "side": "BUY", "hash": "de75a1f9fc6da7536552f54cd99b47bf235c42b7", "best_bid": "0.48", "best_ask": "0.52"}, {"asset_id": "61061378659551608622228120633282928183853204529668231038064119883981478894733", "price": "0.92", "size": "6787.22", "side": "SELL", "hash": "48cf41bbef67fdc203d713c38a27c8cd54b52188", "best_bid": "0.48", "best_ask": "0.52"}], "timestamp": "1769384090237", "event_type": "price_change"}}
{"_local_timestamp": "2026-01-25T23:34:50.717091+00:00", "data": {"market": "0xe49ce4b6ee29f0f0713dc794a4e5f163d6de18ab17bfe172f25fd76bfdb83391", "price_changes": [{"asset_id": "108870509037789535699006468534992455474230377131552050931793292098643767107473", "price": "0.1", "size": "0", "side": "BUY", "hash": "753a0fea574d5dc22b86d37fe3ae2de0b3f66b88", "best_bid": "0.48", "best_ask": "0.52"}, {"asset_id": "61061378659551608622228120633282928183853204529668231038064119883981478894733", "price": "0.9", "size": "0", "side": "SELL", "hash": "89c63ae667d09758a7c0151535ff855c26a70e20", "best_bid": "0.48", "best_ask": "0.52"}], "timestamp": "1769384090332", "event_type": "price_change"}}
{"_local_timestamp": "2026-01-25T23:34:50.718280+00:00", "data": {"market": "0xe49ce4b6ee29f0f0713dc794a4e5f163d6de18ab17bfe172f25fd76bfdb83391", "price_changes": [{"asset_id": "108870509037789535699006468534992455474230377131552050931793292098643767107473", "price": "0.08", "size": "600", "side": "BUY", "hash": "753a0fea574d5dc22b86d37fe3ae2de0b3f66b88", "best_bid": "0.48", "best_ask": "0.52"}, {"asset_id": "61061378659551608622228120633282928183853204529668231038064119883981478894733", "price": "0.92", "size": "600", "side": "SELL", "hash": "89c63ae667d09758a7c0151535ff855c26a70e20", "best_bid": "0.48", "best_ask": "0.52"}], "timestamp": "1769384090332", "event_type": "price_change"}}
{"_local_timestamp": "2026-01-25T23:34:50.719256+00:00", "data": {"market": "0xe49ce4b6ee29f0f0713dc794a4e5f163d6de18ab17bfe172f25fd76bfdb83391", "price_changes": [{"asset_id": "108870509037789535699006468534992455474230377131552050931793292098643767107473", "price": "0.09", "size": "19456.44", "side": "BUY", "hash": "bec8e71f8930bcbf06f3a1e2d8c0b73a0d16c552", "best_bid": "0.48", "best_ask": "0.52"}, {"asset_id": "61061378659551608622228120633282928183853204529668231038064119883981478894733", "price": "0.91", "size": "19456.44", "side": "SELL", "hash": "f497e88122053b245196ea262b186e012a539b83", "best_bid": "0.48", "best_ask": "0.52"}], "timestamp": "1769384090401", "event_type": "price_change"}}
{"_local_timestamp": "2026-01-25T23:34:50.719740+00:00", "data": {"market": "0xe49ce4b6ee29f0f0713dc794a4e5f163d6de18ab17bfe172f25fd76bfdb83391", "price_changes": [{"asset_id": "108870509037789535699006468534992455474230377131552050931793292098643767107473", "price": "0.1", "size": "100", "side": "BUY", "hash": "39d065af1ad1c145d16029a39422bcffec5a447a", "best_bid": "0.48", "best_ask": "0.52"}, {"asset_id": "61061378659551608622228120633282928183853204529668231038064119883981478894733", "price": "0.9", "size": "100", "side": "SELL", "hash": "cddbe2820263793331d0216ff500d7df3dc5d894", "best_bid": "0.48", "best_ask": "0.52"}], "timestamp": "1769384090481", "event_type": "price_change"}}
{"_local_timestamp": "2026-01-25T23:34:50.798360+00:00", "data": {"market": "0xe49ce4b6ee29f0f0713dc794a4e5f163d6de18ab17bfe172f25fd76bfdb83391", "price_changes": [{"asset_id": "108870509037789535699006468534992455474230377131552050931793292098643767107473", "price": "0.14", "size": "2190.11", "side": "BUY", "hash": "132373b2486379d1b53d84c57c9b073ad02680c7", "best_bid": "0.48", "best_ask": "0.52"}, {"asset_id": "61061378659551608622228120633282928183853204529668231038064119883981478894733", "price": "0.86", "size": "2190.11", "side": "SELL", "hash": "25fcdf2007e7b32ae2d4a16b54c305bc21b8e364", "best_bid": "0.48", "best_ask": "0.52"}], "timestamp": "1769384090657", "event_type": "price_change"}}
{"_local_timestamp": "2026-01-25T23:34:50.799027+00:00", "data": {"market": "0xe49ce4b6ee29f0f0713dc794a4e5f163d6de18ab17bfe172f25fd76bfdb83391", "price_changes": [{"asset_id": "108870509037789535699006468534992455474230377131552050931793292098643767107473", "price": "0.08", "size": "200", "side": "BUY", "hash": "132373b2486379d1b53d84c57c9b073ad02680c7", "best_bid": "0.48", "best_ask": "0.52"}, {"asset_id": "61061378659551608622228120633282928183853204529668231038064119883981478894733", "price": "0.92", "size": "200", "side": "SELL", "hash": "25fcdf2007e7b32ae2d4a16b54c305bc21b8e364", "best_bid": "0.48", "best_ask": "0.52"}], "timestamp": "1769384090657", "event_type": "price_change"}}
{"_local_timestamp": "2026-01-25T23:34:50.865014+00:00", "data": {"market": "0xe49ce4b6ee29f0f0713dc794a4e5f163d6de18ab17bfe172f25fd76bfdb83391", "price_changes": [{"asset_id": "108870509037789535699006468534992455474230377131552050931793292098643767107473", "price": "0.09", "size": "21646.55", "side": "BUY", "hash": "911cb0098836bfda2b38ad23279d7a0a8c1a1d99", "best_bid": "0.48", "best_ask": "0.52"}, {"asset_id": "61061378659551608622228120633282928183853204529668231038064119883981478894733", "price": "0.91", "size": "21646.55", "side": "SELL", "hash": "42f9835ff7c6feaa6aa96acd7442cdb440ee6ed7", "best_bid": "0.48", "best_ask": "0.52"}], "timestamp": "1769384090723", "event_type": "price_change"}}
{"_local_timestamp": "2026-01-25T23:34:50.921239+00:00", "data": {"market": "0xe49ce4b6ee29f0f0713dc794a4e5f163d6de18ab17bfe172f25fd76bfdb83391", "price_changes": [{"asset_id": "108870509037789535699006468534992455474230377131552050931793292098643767107473", "price": "0.08", "size": "2470.11", "side": "BUY", "hash": "f2b0063b2a7ff3064dc22a89ef58071944015fa5", "best_bid": "0.48", "best_ask": "0.52"}, {"asset_id": "61061378659551608622228120633282928183853204529668231038064119883981478894733", "price": "0.92", "size": "2470.11", "side": "SELL", "hash": "0b4be600b9d50b73e51dfd4fc49e6d367bbceb20", "best_bid": "0.48", "best_ask": "0.52"}], "timestamp": "1769384090723", "event_type": "price_change"}}
{"_local_timestamp": "2026-01-25T23:34:50.921633+00:00", "data": {"market": "0xe49ce4b6ee29f0f0713dc794a4e5f163d6de18ab17bfe172f25fd76bfdb83391", "price_changes": [{"asset_id": "108870509037789535699006468534992455474230377131552050931793292098643767107473", "price": "0.08", "size": "4660.22", "side": "BUY", "hash": "62fa64957e11756156494cef4928cdcce0b5fa2a", "best_bid": "0.48", "best_ask": "0.52"}, {"asset_id": "61061378659551608622228120633282928183853204529668231038064119883981478894733", "price": "0.92", "size": "4660.22", "side": "SELL", "hash": "79a2e02861163206948dda7e5011f36ad7cb50a3", "best_bid": "0.48", "best_ask": "0.52"}], "timestamp": "1769384090724", "event_type": "price_change"}}
{"_local_timestamp": "2026-01-25T23:34:50.922029+00:00", "data": {"market": "0xe49ce4b6ee29f0f0713dc794a4e5f163d6de18ab17bfe172f25fd76bfdb83391", "price_changes": [{"asset_id": "108870509037789535699006468534992455474230377131552050931793292098643767107473", "price": "0.08", "size": "8657.33", "side": "BUY", "hash": "511671c3de63bf8b1ea057a0a18b436bc5871619", "best_bid": "0.48", "best_ask": "0.52"}, {"asset_id": "61061378659551608622228120633282928183853204529668231038064119883981478894733", "price": "0.92", "size": "8657.33", "side": "SELL", "hash": "951ab394fe1700d87a36297953b8737acfc9a4ff", "best_bid": "0.48", "best_ask": "0.52"}], "timestamp": "1769384090725", "event_type": "price_change"}}
{"_local_timestamp": "2026-01-25T23:34:50.922417+00:00", "data": {"market": "0xe49ce4b6ee29f0f0713dc794a4e5f163d6de18ab17bfe172f25fd76bfdb83391", "price_changes": [{"asset_id": "108870509037789535699006468534992455474230377131552050931793292098643767107473", "price": "0.08", "size": "10847.44", "side": "BUY", "hash": "000bbab0db9674b0b6b0f0df382586d3a65ba50e", "best_bid": "0.48", "best_ask": "0.52"}, {"asset_id": "61061378659551608622228120633282928183853204529668231038064119883981478894733", "price": "0.92", "size": "10847.44", "side": "SELL", "hash": "e084422d7553d3089b54d10c5286202f9209bea6", "best_bid": "0.48", "best_ask": "0.52"}], "timestamp": "1769384090762", "event_type": "price_change"}}
{"_local_timestamp": "2026-01-25T23:34:51.084686+00:00", "data": {"market": "0xe49ce4b6ee29f0f0713dc794a4e5f163d6de18ab17bfe172f25fd76bfdb83391", "price_changes": [{"asset_id": "108870509037789535699006468534992455474230377131552050931793292098643767107473", "price": "0.1", "size": "500", "side": "BUY", "hash": "f0c5deb143adad879488e63b362c7edf4df56934", "best_bid": "0.48", "best_ask": "0.52"}, {"asset_id": "61061378659551608622228120633282928183853204529668231038064119883981478894733", "price": "0.9", "size": "500", "side": "SELL", "hash": "05f5a184c195ff9be23d4334030fe79bac4fc4fb", "best_bid": "0.48", "best_ask": "0.52"}], "timestamp": "1769384090939", "event_type": "price_change"}}
{"_local_timestamp": "2026-01-25T23:34:56.573623+00:00", "data": {"market": "0xe49ce4b6ee29f0f0713dc794a4e5f163d6de18ab17bfe172f25fd76bfdb83391", "price_changes": [{"asset_id": "108870509037789535699006468534992455474230377131552050931793292098643767107473", "price": "0.08", "size": "10747.44", "side": "BUY", "hash": "57ae9384c5966aeab7898999a14e52ec90ac7d8b", "best_bid": "0.48", "best_ask": "0.52"}, {"asset_id": "61061378659551608622228120633282928183853204529668231038064119883981478894733", "price": "0.92", "size": "10747.44", "side": "SELL", "hash": "ee36b867816eb650f0ac19bd2c406cc07c303f2e", "best_bid": "0.48", "best_ask": "0.52"}], "timestamp": "1769384096483", "event_type": "price_change"}}
{"_local_timestamp": "2026-01-25T23:34:56.660650+00:00", "data": {"market": "0xe49ce4b6ee29f0f0713dc794a4e5f163d6de18ab17bfe172f25fd76bfdb83391", "price_changes": [{"asset_id": "108870509037789535699006468534992455474230377131552050931793292098643767107473", "price": "0.09", "size": "0", "side": "BUY", "hash": "c13274e3ad07dca44e8873b0d83ad0723e7eb62a", "best_bid": "0.48", "best_ask": "0.52"}, {"asset_id": "61061378659551608622228120633282928183853204529668231038064119883981478894733", "price": "0.91", "size": "0", "side": "SELL", "hash": "7d49b071c23fd1d40f97c1a8334f6442f5c0f018", "best_bid": "0.48", "best_ask": "0.52"}], "timestamp": "1769384096578", "event_type": "price_change"}}
{"_local_timestamp": "2026-01-25T23:34:56.661138+00:00", "data": {"market": "0xe49ce4b6ee29f0f0713dc794a4e5f163d6de18ab17bfe172f25fd76bfdb83391", "price_changes": [{"asset_id": "108870509037789535699006468534992455474230377131552050931793292098643767107473", "price": "0.15", "size": "0", "side": "BUY", "hash": "c13274e3ad07dca44e8873b0d83ad0723e7eb62a", "best_bid": "0.48", "best_ask": "0.52"}, {"asset_id": "61061378659551608622228120633282928183853204529668231038064119883981478894733", "price": "0.85", "size": "0", "side": "SELL", "hash": "7d49b071c23fd1d40f97c1a8334f6442f5c0f018", "best_bid": "0.48", "best_ask": "0.52"}], "timestamp": "1769384096578", "event_type": "price_change"}}
{"_local_timestamp": "2026-01-25T23:34:56.661470+00:00", "data": {"market": "0xe49ce4b6ee29f0f0713dc794a4e5f163d6de18ab17bfe172f25fd76bfdb83391", "price_changes": [{"asset_id": "108870509037789535699006468534992455474230377131552050931793292098643767107473", "price": "0.14", "size": "0", "side": "BUY", "hash": "c13274e3ad07dca44e8873b0d83ad0723e7eb62a", "best_bid": "0.48", "best_ask": "0.52"}, {"asset_id": "61061378659551608622228120633282928183853204529668231038064119883981478894733", "price": "0.86", "size": "0", "side": "SELL", "hash": "7d49b071c23fd1d40f97c1a8334f6442f5c0f018", "best_bid": "0.48", "best_ask": "0.52"}], "timestamp": "1769384096578", "event_type": "price_change"}}
{"_local_timestamp": "2026-01-25T23:34:56.661821+00:00", "data": {"market": "0xe49ce4b6ee29f0f0713dc794a4e5f163d6de18ab17bfe172f25fd76bfdb83391", "price_changes": [{"asset_id": "108870509037789535699006468534992455474230377131552050931793292098643767107473", "price": "0.08", "size": "8557.33", "side": "BUY", "hash": "c13274e3ad07dca44e8873b0d83ad0723e7eb62a", "best_bid": "0.48", "best_ask": "0.52"}, {"asset_id": "61061378659551608622228120633282928183853204529668231038064119883981478894733", "price": "0.92", "size": "8557.33", "side": "SELL", "hash": "7d49b071c23fd1d40f97c1a8334f6442f5c0f018", "best_bid": "0.48", "best_ask": "0.52"}], "timestamp": "1769384096578", "event_type": "price_change"}}
{"_local_timestamp": "2026-01-25T23:34:56.721766+00:00", "data": {"market": "0xe49ce4b6ee29f0f0713dc794a4e5f163d6de18ab17bfe172f25fd76bfdb83391", "price_changes": [{"asset_id": "108870509037789535699006468534992455474230377131552050931793292098643767107473", "price": "0.16", "size": "2190.11", "side": "BUY", "hash": "67422f5824895ef7646a729dc4eaa59325a19034", "best_bid": "0.48", "best_ask": "0.52"}, {"asset_id": "61061378659551608622228120633282928183853204529668231038064119883981478894733", "price": "0.84", "size": "2190.11", "side": "SELL", "hash": "1c8b2ad4c40b9ac6d17f31bb8a4316326438c74b", "best_bid": "0.48", "best_ask": "0.52"}], "timestamp": "1769384096637", "event_type": "price_change"}}
{"_local_timestamp": "2026-01-25T23:34:56.790996+00:00", "data": {"market": "0xe49ce4b6ee29f0f0713dc794a4e5f163d6de18ab17bfe172f25fd76bfdb83391", "price_changes": [{"asset_id": "108870509037789535699006468534992455474230377131552050931793292098643767107473", "price": "0.09", "size": "3997.11", "side": "BUY", "hash": "f7b4cf5448ed897c97eed5300048aa854d9fca44", "best_bid": "0.48", "best_ask": "0.52"}, {"asset_id": "61061378659551608622228120633282928183853204529668231038064119883981478894733", "price": "0.91", "size": "3997.11", "side": "SELL", "hash": "9406cd83590daac44f8bc62826780577c547d8d7", "best_bid": "0.48", "best_ask": "0.52"}], "timestamp": "1769384096639", "event_type": "price_change"}}
{"_local_timestamp": "2026-01-25T23:34:56.791500+00:00", "data": {"market": "0xe49ce4b6ee29f0f0713dc794a4e5f163d6de18ab17bfe172f25fd76bfdb83391", "price_changes": [{"asset_id": "108870509037789535699006468534992455474230377131552050931793292098643767107473", "price": "0.11", "size": "2196.31", "side": "BUY", "hash": "7dc7000ff4776d464cdf99466d1627c9f89cd4b4", "best_bid": "0.48", "best_ask": "0.52"}, {"asset_id": "61061378659551608622228120633282928183853204529668231038064119883981478894733", "price": "0.89", "size": "2196.31", "side": "SELL", "hash": "7baf7bc10b9cc392c85f8ac659f6fc828b77a815", "best_bid": "0.48", "best_ask": "0.52"}], "timestamp": "1769384096641", "event_type": "price_change"}}
{"_local_timestamp": "2026-01-25T23:34:56.791865+00:00", "data": {"market": "0xe49ce4b6ee29f0f0713dc794a4e5f163d6de18ab17bfe172f25fd76bfdb83391", "price_changes": [{"asset_id": "108870509037789535699006468534992455474230377131552050931793292098643767107473", "price": "0.16", "size": "4460.22", "side": "BUY", "hash": "223b98e738178522ffeb2ec663f1b9be2085e87a", "best_bid": "0.48", "best_ask": "0.52"}, {"asset_id": "61061378659551608622228120633282928183853204529668231038064119883981478894733", "price": "0.84", "size": "4460.22", "side": "SELL", "hash": "4e9632602495602e14d72615d1ba3555d4d7b9f7", "best_bid": "0.48", "best_ask": "0.52"}], "timestamp": "1769384096644", "event_type": "price_change"}}
{"_local_timestamp": "2026-01-25T23:34:56.792209+00:00", "data": {"market": "0xe49ce4b6ee29f0f0713dc794a4e5f163d6de18ab17bfe172f25fd76bfdb83391", "price_changes": [{"asset_id": "108870509037789535699006468534992455474230377131552050931793292098643767107473", "price": "0.1", "size": "2690.11", "side": "BUY", "hash": "bac61d8b6fc3c9f967ab55a6a771981a54648143", "best_bid": "0.48", "best_ask": "0.52"}, {"asset_id": "61061378659551608622228120633282928183853204529668231038064119883981478894733", "price": "0.9", "size": "2690.11", "side": "SELL", "hash": "29a805aa8280845ddd1b4465171c293515229d13", "best_bid": "0.48", "best_ask": "0.52"}], "timestamp": "1769384096646", "event_type": "price_change"}}
{"_local_timestamp": "2026-01-25T23:34:56.840653+00:00", "data": {"market": "0xe49ce4b6ee29f0f0713dc794a4e5f163d6de18ab17bfe172f25fd76bfdb83391", "price_changes": [{"asset_id": "108870509037789535699006468534992455474230377131552050931793292098643767107473", "price": "0.1", "size": "13689.22", "side": "BUY", "hash": "8d55f6c60b257eb36b2e40068ac00de845c3cf17", "best_bid": "0.48", "best_ask": "0.52"}, {"asset_id": "61061378659551608622228120633282928183853204529668231038064119883981478894733", "price": "0.9", "size": "13689.22", "side": "SELL", "hash": "b98438214fe3526a31f837d94f16d64401ec30fd", "best_bid": "0.48", "best_ask": "0.52"}], "timestamp": "1769384096766", "event_type": "price_change"}}
{"_local_timestamp": "2026-01-25T23:34:56.939576+00:00", "data": {"market": "0xe49ce4b6ee29f0f0713dc794a4e5f163d6de18ab17bfe172f25fd76bfdb83391", "price_changes": [{"asset_id": "108870509037789535699006468534992455474230377131552050931793292098643767107473", "price": "0.1", "size": "13789.22", "side": "BUY", "hash": "81bf86bffab7f7b838affd8e039b93a1baa3364a", "best_bid": "0.48", "best_ask": "0.52"}, {"asset_id": "61061378659551608622228120633282928183853204529668231038064119883981478894733", "price": "0.9", "size": "13789.22", "side": "SELL", "hash": "515f59cc0f5e8af89420a5329157784bc93f2a59", "best_bid": "0.48", "best_ask": "0.52"}], "timestamp": "1769384096863", "event_type": "price_change"}}
{"_local_timestamp": "2026-01-25T23:35:01.798921+00:00", "data": {"market": "0xe49ce4b6ee29f0f0713dc794a4e5f163d6de18ab17bfe172f25fd76bfdb83391", "price_changes": [{"asset_id": "108870509037789535699006468534992455474230377131552050931793292098643767107473", "price": "0.08", "size": "8457.33", "side": "BUY", "hash": "74c59ef9aae6a2a0b1f8468cc311e35fc7a67ca4", "best_bid": "0.48", "best_ask": "0.52"}, {"asset_id": "61061378659551608622228120633282928183853204529668231038064119883981478894733", "price": "0.92", "size": "8457.33", "side": "SELL", "hash": "cc172a30394fdc129688cea9284fbd1d7f4bf85b", "best_bid": "0.48", "best_ask": "0.52"}], "timestamp": "1769384101730", "event_type": "price_change"}}
{"_local_timestamp": "2026-01-25T23:35:01.878564+00:00", "data": {"market": "0xe49ce4b6ee29f0f0713dc794a4e5f163d6de18ab17bfe172f25fd76bfdb83391", "price_changes": [{"asset_id": "108870509037789535699006468534992455474230377131552050931793292098643767107473", "price": "0.11", "size": "4466.42", "side": "BUY", "hash": "68d8c77eef4641c42ccd5f083b640e60c7746bc7", "best_bid": "0.48", "best_ask": "0.52"}, {"asset_id": "61061378659551608622228120633282928183853204529668231038064119883981478894733", "price": "0.89", "size": "4466.42", "side": "SELL", "hash": "2ea8de9cfc36be4f3e362cbe70a525ec292cb6ee", "best_bid": "0.48", "best_ask": "0.52"}], "timestamp": "1769384101810", "event_type": "price_change"}}
{"_local_timestamp": "2026-01-25T23:35:01.879278+00:00", "data": {"market": "0xe49ce4b6ee29f0f0713dc794a4e5f163d6de18ab17bfe172f25fd76bfdb83391", "price_changes": [{"asset_id": "108870509037789535699006468534992455474230377131552050931793292098643767107473", "price": "0.11", "size": "8463.53", "side": "BUY", "hash": "2207dd4107d107c72d05c2957c62cb8e230c3c2d", "best_bid": "0.48", "best_ask": "0.52"}, {"asset_id": "61061378659551608622228120633282928183853204529668231038064119883981478894733", "price": "0.89", "size": "8463.53", "side": "SELL", "hash": "fb08a9b986ffd47bf15a505ef0f7238f513f31c7", "best_bid": "0.48", "best_ask": "0.52"}], "timestamp": "1769384101810", "event_type": "price_change"}}
{"_local_timestamp": "2026-01-25T23:35:01.880663+00:00", "data": {"market": "0xe49ce4b6ee29f0f0713dc794a4e5f163d6de18ab17bfe172f25fd76bfdb83391", "price_changes": [{"asset_id": "108870509037789535699006468534992455474230377131552050931793292098643767107473", "price": "0.11", "size": "10653.64", "side": "BUY", "hash": "a7ab0e93f6b9eaf4c0eeeede1b80ac7c4abf29bc", "best_bid": "0.48", "best_ask": "0.52"}, {"asset_id": "61061378659551608622228120633282928183853204529668231038064119883981478894733", "price": "0.89", "size": "10653.64", "side": "SELL", "hash": "63477215db64ff35c240420d0df1df598a258a14", "best_bid": "0.48", "best_ask": "0.52"}], "timestamp": "1769384101811", "event_type": "price_change"}}
{"_local_timestamp": "2026-01-25T23:35:01.881114+00:00", "data": {"market": "0xe49ce4b6ee29f0f0713dc794a4e5f163d6de18ab17bfe172f25fd76bfdb83391", "price_changes": [{"asset_id": "108870509037789535699006468534992455474230377131552050931793292098643767107473", "price": "0.08", "size": "0", "side": "BUY", "hash": "f73683af9aaa9eca1c4dd5d1b671b6fb89e18055", "best_bid": "0.48", "best_ask": "0.52"}, {"asset_id": "61061378659551608622228120633282928183853204529668231038064119883981478894733", "price": "0.92", "size": "0", "side": "SELL", "hash": "4dc33697eaae58e89ba00482fdb40df0aa1b59f6", "best_bid": "0.48", "best_ask": "0.52"}], "timestamp": "1769384101816", "event_type": "price_change"}}
{"_local_timestamp": "2026-01-25T23:35:01.881498+00:00", "data": {"market": "0xe49ce4b6ee29f0f0713dc794a4e5f163d6de18ab17bfe172f25fd76bfdb83391", "price_changes": [{"asset_id": "108870509037789535699006468534992455474230377131552050931793292098643767107473", "price": "0.16", "size": "0", "side": "BUY", "hash": "f73683af9aaa9eca1c4dd5d1b671b6fb89e18055", "best_bid": "0.48", "best_ask": "0.52"}, {"asset_id": "61061378659551608622228120633282928183853204529668231038064119883981478894733", "price": "0.84", "size": "0", "side": "SELL", "hash": "4dc33697eaae58e89ba00482fdb40df0aa1b59f6", "best_bid": "0.48", "best_ask": "0.52"}], "timestamp": "1769384101816", "event_type": "price_change"}}
{"_local_timestamp": "2026-01-25T23:35:01.926584+00:00", "data": {"market": "0xe49ce4b6ee29f0f0713dc794a4e5f163d6de18ab17bfe172f25fd76bfdb83391", "price_changes": [{"asset_id": "108870509037789535699006468534992455474230377131552050931793292098643767107473", "price": "0.09", "size": "0", "side": "BUY", "hash": "f73683af9aaa9eca1c4dd5d1b671b6fb89e18055", "best_bid": "0.48", "best_ask": "0.52"}, {"asset_id": "61061378659551608622228120633282928183853204529668231038064119883981478894733", "price": "0.91", "size": "0", "side": "SELL", "hash": "4dc33697eaae58e89ba00482fdb40df0aa1b59f6", "best_bid": "0.48", "best_ask": "0.52"}], "timestamp": "1769384101816", "event_type": "price_change"}}
{"_local_timestamp": "2026-01-25T23:35:01.927015+00:00", "data": {"market": "0xe49ce4b6ee29f0f0713dc794a4e5f163d6de18ab17bfe172f25fd76bfdb83391", "price_changes": [{"asset_id": "108870509037789535699006468534992455474230377131552050931793292098643767107473", "price": "0.1", "size": "2790.11", "side": "BUY", "hash": "f73683af9aaa9eca1c4dd5d1b671b6fb89e18055", "best_bid": "0.48", "best_ask": "0.52"}, {"asset_id": "61061378659551608622228120633282928183853204529668231038064119883981478894733", "price": "0.9", "size": "2790.11", "side": "SELL", "hash": "4dc33697eaae58e89ba00482fdb40df0aa1b59f6", "best_bid": "0.48", "best_ask": "0.52"}], "timestamp": "1769384101816", "event_type": "price_change"}}
{"_local_timestamp": "2026-01-25T23:35:02.002927+00:00", "data": {"market": "0xe49ce4b6ee29f0f0713dc794a4e5f163d6de18ab17bfe172f25fd76bfdb83391", "price_changes": [{"asset_id": "108870509037789535699006468534992455474230377131552050931793292098643767107473", "price": "0.17", "size": "2190.11", "side": "BUY", "hash": "ae6c6283edaa1dde2c05141139ca5d6d7b80b5e9", "best_bid": "0.48", "best_ask": "0.52"}, {"asset_id": "61061378659551608622228120633282928183853204529668231038064119883981478894733", "price": "0.83", "size": "2190.11", "side": "SELL", "hash": "7c58d7d0685a19dd10e3caf11ddf0e1b2a470b82", "best_bid": "0.48", "best_ask": "0.52"}], "timestamp": "1769384101918", "event_type": "price_change"}}
{"_local_timestamp": "2026-01-25T23:35:02.003380+00:00", "data": {"market": "0xe49ce4b6ee29f0f0713dc794a4e5f163d6de18ab17bfe172f25fd76bfdb83391", "price_changes": [{"asset_id": "108870509037789535699006468534992455474230377131552050931793292098643767107473", "price": "0.16", "size": "2190.11", "side": "BUY", "hash": "cb36d0e1c25898ad20bf67e00aaa261d6b17e20c", "best_bid": "0.48", "best_ask": "0.52"}, {"asset_id": "61061378659551608622228120633282928183853204529668231038064119883981478894733", "price": "0.84", "size": "2190.11", "side": "SELL", "hash": "f6ed8e7f619388faa8cafddbbf86f0a42407de5e", "best_bid": "0.48", "best_ask": "0.52"}], "timestamp": "1769384101919", "event_type": "price_change"}}
{"_local_timestamp": "2026-01-25T23:35:02.003883+00:00", "data": {"market": "0xe49ce4b6ee29f0f0713dc794a4e5f163d6de18ab17bfe172f25fd76bfdb83391", "price_changes": [{"asset_id": "108870509037789535699006468534992455474230377131552050931793292098643767107473", "price": "0.17", "size": "13189.22", "side": "BUY", "hash": "01a62178d6afd3954a20cb171e48be219ca57313", "best_bid": "0.48", "best_ask": "0.52"}, {"asset_id": "61061378659551608622228120633282928183853204529668231038064119883981478894733", "price": "0.83", "size": "13189.22", "side": "SELL", "hash": "e7461ff3b7a28decd418314142c3932c6960cd8b", "best_bid": "0.48", "best_ask": "0.52"}], "timestamp": "1769384101919", "event_type": "price_change"}}
{"_local_timestamp": "2026-01-25T23:35:02.080095+00:00", "data": {"market": "0xe49ce4b6ee29f0f0713dc794a4e5f163d6de18ab17bfe172f25fd76bfdb83391", "price_changes": [{"asset_id": "108870509037789535699006468534992455474230377131552050931793292098643767107473", "price": "0.1", "size": "2890.11", "side": "BUY", "hash": "9ee9b2cd1d024c1e5457974f9ab1977f1330acfe", "best_bid": "0.48", "best_ask": "0.52"}, {"asset_id": "61061378659551608622228120633282928183853204529668231038064119883981478894733", "price": "0.9", "size": "2890.11", "side": "SELL", "hash": "5e99d36d9b1f819dc363f48cae0b5ad5c22288f3", "best_bid": "0.48", "best_ask": "0.52"}], "timestamp": "1769384102000", "event_type": "price_change"}}
