{"_local_timestamp": "2026-01-25T23:41:01.080868+00:00", "data": [{"market": "0x175e69177f2d7cf02fdcff16e202961f9612a09ff33971aec03d05020a0b1199", "asset_id": "60887569837508291295916655730396920686005600529125093632172877356146679344714", "timestamp": "1769384447587", "hash": "6b3419b72b91f19142dc3e9ed522a977f113df01", "bids": [{"price": "0.01", "size": "62.04"}, {"price": "0.02", "size": "190.48"}, {"price": "0.03", "size": "18.99"}, {"price": "0.04", "size": "29.99"}], "asks": [{"price": "0.99", "size": "68.9"}, {"price": "0.98", "size": "179.09"}, {"price": "0.97", "size": "20.63"}, {"price": "0.95", "size": "23.99"}, {"price": "0.94", "size": "5.47"}], "event_type": "book", "last_trade_price": ""}, {"market": "0xa1b9d7fff200e84bcf2684a443bf40ed2b665c50a4fbb2439d08de4fd785350a", "asset_id": "77080769017483600787817881033334646523397288202305488639707173409532353448610", "timestamp": "1769384447588", "hash": "9fae3561db0ed25171087b9ae38b17993a99dfe8", "bids": [{"price": "0.01", "size": "69.95"}, {"price": "0.02", "size": "178.32"}, {"price": "0.03", "size": "20.8"}, {"price": "0.05", "size": "23.99"}, {"price": "0.06", "size": "5.47"}], "asks": [{"price": "0.99", "size": "62.05"}, {"price": "0.98", "size": "190.48"}, {"price": "0.97", "size": "18.99"}, {"price": "0.96", "size": "37.48"}], "event_type": "book", "last_trade_price": ""}, {"market": "0xdfa7b19fbcb59b92c3bec0e621e1e418955ea5a0a423a2ef3408e79d3eba96fe", "asset_id": "58431102899607910291415088402464650122181979137323137024435096103623983815045", "timestamp": "1769384276870", "hash": "43151daf5e7874958d4228017c2dcc34af2c38d5", "bids": [{"price": "0.01", "size": "111.38"}, {"price": "0.02", "size": "215.17"}, {"price": "0.03", "size": "52.57"}], "asks": [{"price": "0.99", "size": "101.81"}, {"price": "0.98", "size": "203.94"}, {"price": "0.97", "size": "23.43"}, {"price": "0.96", "size": "5.47"}], "event_type": "book", "last_trade_price": ""}, {"market": "0x5f688e7a0f4eb7fc71ddec0fe044da8fb7b8737d75f27b9a675cd894897718b6", "asset_id": "42347792632529314087337453310563689621032224655508626964373601540157695885235", "timestamp": "1769384437912", "hash": "be98bc56d0bc7be2d0dbc2e055f316f55de8274e", "bids": [{"price": "0.01", "size": "67.05"}, {"price": "0.02", "size": "182.48"}, {"price": "0.03", "size": "18.99"}, {"price": "0.04", "size": "5.47"}], "asks": [{"price": "0.99", "size": "62.05"}, {"price": "0.98", "size": "190.48"}, {"price": "0.97", "size": "18.99"}, {"price": "0.96", "size": "29.99"}], "event_type": "book", "last_trade_price": ""}, {"market": "0xcf66c59fc45624eba5a0b3868772dc91fbddabf505e01a397c20f4520081f1a0", "asset_id": "54961469773013489461056927051811782705138901895193858133493599641666328502532", "timestamp": "1769384447587", "hash": "92e6eae9ac53e13c4ef336c71348c508e6ab20e2", "bids": [{"price": "0.01", "size": "62.05"}, {"price": "0.02", "size": "190.48"}, {"price": "0.03", "size": "18.99"}, {"price": "0.04", "size": "29.99"}], "asks": [{"price": "0.99", "size": "67.05"}, {"price": "0.98", "size": "182.48"}, {"price": "0.97", "size": "18.99"}, {"price": "0.95", "size": "23.99"}, {"price": "0.94", "size": "5.47"}], "event_type": "book", "last_trade_price": ""}, {"market": "0x3d592ce41a32dfc924149d132c4a51e1aa4712c5138b7a4e0ba9c9d561807bf4", "asset_id": "78259657010365916953250002457662228306734521902918228244730548278292542564760", "timestamp": "1769384447588", "hash": "72d5acc26269fc58c912b5dd13feb1109a1b5805", "bids": [{"price": "0.01", "size": "118.6"}, {"price": "0.02", "size": "202.75"}, {"price": "0.03", "size": "21.29"}, {"price": "0.05", "size": "23.99"}, {"price": "0.06", "size": "5.47"}], "asks": [{"price": "0.99", "size": "111.05"}, {"price": "0.98", "size": "214.48"}, {"price": "0.97", "size": "18.99"}, {"price": "0.96", "size": "29.99"}], "event_type": "book", "last_trade_price": ""}, {"market": "0x9f9195da64dfbd6a747175e111016fcc290e69b60adb8832ca9b05f461054b34", "asset_id": "90077007167598244410823278461090554735976924102873193770652761319939404389385", "timestamp": "1769384437912", "hash": "9d43b1091f178ea4e8b9f0aec1bec46f851e8e44", "bids": [{"price": "0.01", "size": "206.56"}, {"price": "0.02", "size": "254.14"}, {"price": "0.03", "size": "21.72"}, {"price": "0.04", "size": "5.47"}], "asks": [{"price": "0.99", "size": "212.04"}, {"price": "0.98", "size": "222.48"}, {"price": "0.97", "size": "18.99"}, {"price": "0.96", "size": "37.48"}], "event_type": "book", "last_trade_price": ""}, {"market": "0x27793ee494c547df71f7131e11a3d5124c258c83ca09dd3f8dab1d98bc7baae0", "asset_id": "79918837423908735992540984013067664248484145666314798167265711979529288274675", "timestamp": "1769384447587", "hash": "eba9d3c293f0765af7f8bca43557c8ce8ce4ddcd", "bids": [{"price": "0.01", "size": "62.05"}, {"price": "0.02", "size": "190.48"}, {"price": "0.03", "size": "18.99"}, {"price": "0.04", "size": "29.99"}], "asks": [{"price": "0.99", "size": "69.95"}, {"price": "0.98", "size": "178.32"}, {"price": "0.97", "size": "20.8"}, {"price": "0.95", "size": "23.99"}, {"price": "0.94", "size": "5.47"}], "event_type": "book", "last_trade_price": ""}, {"market": "0xfffa368c924e430912dea090d9bff7910b972d0598ab90a21fca779847ffbe4e", "asset_id": "3878946684830604954859829454479310573167410136019621753145428686598926264290", "timestamp": "1769382932548", "hash": "c410fe9bd6270f10897fe9a55fc9815a526a8afa", "bids": [{"price": "0.01", "size": "3745.52"}, {"price": "0.02", "size": "2105.11"}, {"price": "0.03", "size": "250"}, {"price": "0.04", "size": "6.25"}, {"price": "0.06", "size": "1800"}, {"price": "0.08", "size": "100"}, {"price": "0.09", "size": "700"}, {"price": "0.1", "size": "5.92"}, {"price": "0.14", "size": "250"}, {"price": "0.21", "size": "2200"}, {"price": "0.25", "size": "300"}, {"price": "0.28", "size": "200"}, {"price": "0.3", "size": "125"}, {"price": "0.32", "size": "75"}, {"price": "0.43", "size": "150"}, {"price": "0.44", "size": "5591.07"}, {"price": "0.46", "size": "2204"}, {"price": "0.47", "size": "1204"}, {"price": "0.48", "size": "1180"}, {"price": "0.49", "size": "250"}], "asks": [{"price": "0.99", "size": "3750.46"}, {"price": "0.98", "size": "1809.62"}, {"price": "0.95", "size": "1500"}, {"price": "0.94", "size": "12.54"}, {"price": "0.87", "size": "700"}, {"price": "0.85", "size": "250"}, {"price": "0.8", "size": "300"}, {"price": "0.77", "size": "200"}, {"price": "0.75", "size": "125"}, {"price": "0.74", "size": "75"}, {"price": "0.7", "size": "5"}, {"price": "0.53", "size": "9"}, {"price": "0.52", "size": "159"}, {"price": "0.5", "size": "30"}], "event_type": "book", "last_trade_price": "0.490"}, {"market": "0x42a7d88719904699b7962fb9260b56f0d30d1578b4d84e56cdd2377b571cce90", "asset_id": "11567160664106765195674843001189304981471006432830977250582261949318460235214", "timestamp": "1769384355231", "hash": "f53182df588809eeff5bf7d64c90442c1d16f3c6", "bids": [{"price": "0.01", "size": "62.05"}, {"price": "0.02", "size": "190.48"}, {"price": "0.03", "size": "18.99"}, {"price": "0.04", "size": "29.99"}], "asks": [{"price": "0.99", "size": "65"}, {"price": "0.98", "size": "178.32"}, {"price": "0.97", "size": "12.58"}, {"price": "0.96", "size": "7.4"}, {"price": "0.95", "size": "5.47"}], "event_type": "book", "last_trade_price": ""}, {"market": "0xfffa368c924e430912dea090d9bff7910b972d0598ab90a21fca779847ffbe4e", "asset_id": "30953465395375834024981775034826025702153391768871720818399007262067081607487", "timestamp": "1769382932548", "hash": "75b44c92deb99ea0e43e6f7642c8b66fb2c015f8", "bids": [{"price": "0.01", "size": "3750.46"}, {"price": "0.02", "size": "1809.62"}, {"price": "0.05", "size": "1500"}, {"price": "0.06", "size": "12.54"}, {"price": "0.13", "size": "700"}, {"price": "0.15", "size": "250"}, {"price": "0.2", "size": "300"}, {"price": "0.23", "size": "200"}, {"price": "0.25", "size": "125"}, {"price": "0.26", "size": "75"}, {"price": "0.3", "size": "5"}, {"price": "0.47", "size": "9"}, {"price": "0.48", "size": "159"}, {"price": "0.5", "size": "30"}], "asks": [{"price": "0.99", "size": "3745.52"}, {"price": "0.98", "size": "2105.11"}, {"price": "0.97", "size": "250"}, {"price": "0.96", "size": "6.25"}, {"price": "0.94", "size": "1800"}, {"price": "0.92", "size": "100"}, {"price": "0.91", "size": "700"}, {"price": "0.9", "size": "5.92"}, {"price": "0.86", "size": "250"}, {"price": "0.79", "size": "2200"}, {"price": "0.75", "size": "300"}, {"price": "0.72", "size": "200"}, {"price": "0.7", "size": "125"}, {"price": "0.68", "size": "75"}, {"price": "0.57", "size": "150"}, {"price": "0.56", "size": "5591.07"}, {"price": "0.54", "size": "2204"}, {"price": "0.53", "size": "1204"}, {"price": "0.52", "size": "1180"}, {"price": "0.51", "size": "250"}], "event_type": "book", "last_trade_price": "0.490"}, {"market": "0x25ff665a44449d08d4184d2fd42230901b839566c696232f49790b7c8e924550", "asset_id": "95156585720657261905790035439287311689889186408937935010455720168308091840688", "timestamp": "1769384447588", "hash": "506654ab4cf089a68e1f789ddc05b8663d3f67e7", "bids": [{"price": "0.01", "size": "168.98"}, {"price": "0.02", "size": "229.03"}, {"price": "0.03", "size": "20.65"}, {"price": "0.05", "size": "23.99"}, {"price": "0.06", "size": "5.47"}], "asks": [{"price": "0.99", "size": "162.05"}, {"price": "0.98", "size": "230.48"}, {"price": "0.97", "size": "18.99"}, {"price": "0.96", "size": "29.99"}], "event_type": "book", "last_trade_price": ""}, {"market": "0x175e69177f2d7cf02fdcff16e202961f9612a09ff33971aec03d05020a0b1199", "asset_id": "28761157267249667115897213561611371340131595039131543470941370155164195151512", "timestamp": "1769384447587", "hash": "f91a054912bcb468393647a0040c61446f09ed76", "bids": [{"price": "0.01", "size": "68.9"}, {"price": "0.02", "size": "179.09"}, {"price": "0.03", "size": "20.63"}, {"price": "0.05", "size": "23.99"}, {"price": "0.06", "size": "5.47"}], "asks": [{"price": "0.99", "size": "62.04"}, {"price": "0.98", "size": "190.48"}, {"price": "0.97", "size": "18.99"}, {"price": "0.96", "size": "29.99"}], "event_type": "book", "last_trade_price": ""}, {"market": "0x33267893b9fa8f0f711c6d0e86356c5a77dafe2b640f61547c67be6b8d4dfc0f", "asset_id": "50296918760794917431232153110352098415478987764479553174390004607903287756580", "timestamp": "1769384447587", "hash": "74b209f548949d5037a6b367207099d9adfc1176", "bids": [{"price": "0.01", "size": "69.6"}, {"price": "0.02", "size": "177.76"}, {"price": "0.03", "size": "21.29"}, {"price": "0.05", "size": "23.99"}, {"price": "0.06", "size": "5.47"}], "asks": [{"price": "0.99", "size": "62.04"}, {"price": "0.98", "size": "190.48"}, {"price": "0.97", "size": "18.99"}, {"price": "0.96", "size": "29.99"}], "event_type": "book", "last_trade_price": ""}, {"market": "0x25ff665a44449d08d4184d2fd42230901b839566c696232f49790b7c8e924550", "asset_id": "69560367679296271699770279135842959181114618593422448154814588031014098432144", "timestamp": "1769384447588", "hash": "6187246bfd2f861ffc3f720f0ca235083d3de9c3", "bids": [{"price": "0.01", "size": "162.05"}, {"price": "0.02", "size": "230.48"}, {"price": "0.03", "size": "18.99"}, {"price": "0.04", "size": "29.99"}], "asks": [{"price": "0.99", "size": "168.98"}, {"price": "0.98", "size": "229.03"}, {"price": "0.97", "size": "20.65"}, {"price": "0.95", "size": "23.99"}, {"price": "0.94", "size": "5.47"}], "event_type": "book", "last_trade_price": ""}, {"market": "0xdfa7b19fbcb59b92c3bec0e621e1e418955ea5a0a423a2ef3408e79d3eba96fe", "asset_id": "99450121280464766854817052996598820423505147873666527053713493691156472290880", "timestamp": "1769384276870", "hash": "fdeeeca2ed42c09215ca79e1e7c8f07fad026a69", "bids": [{"price": "0.01", "size": "101.81"}, {"price": "0.02", "size": "203.94"}, {"price": "0.03", "size": "23.43"}, {"price": "0.04", "size": "5.47"}], "asks": [{"price": "0.99", "size": "111.38"}, {"price": "0.98", "size": "215.17"}, {"price": "0.97", "size": "52.57"}], "event_type": "book", "last_trade_price": ""}, {"market": "0x3d592ce41a32dfc924149d132c4a51e1aa4712c5138b7a4e0ba9c9d561807bf4", "asset_id": "32745122141225860980404681195677204979156452342821108988625381214229399112942", "timestamp": "1769384447588", "hash": "c42d339b19dc49d0245c214c32f0f4764507c57d", "bids": [{"price": "0.01", "size": "111.05"}, {"price": "0.02", "size": "214.48"}, {"price": "0.03", "size": "18.99"}, {"price": "0.04", "size": "29.99"}], "asks": [{"price": "0.99", "size": "118.6"}, {"price": "0.98", "size": "202.75"}, {"price": "0.97", "size": "21.29"}, {"price": "0.95", "size": "23.99"}, {"price": "0.94", "size": "5.47"}], "event_type": "book", "last_trade_price": ""}, {"market": "0x5f688e7a0f4eb7fc71ddec0fe044da8fb7b8737d75f27b9a675cd894897718b6", "asset_id": "47501677235615677626832545378049314732666476069842432032197968521739840110857", "timestamp": "1769384437912", "hash": "c464061536df5a0b035c1b6a57319ea7f9a13996", "bids": [{"price": "0.01", "size": "62.05"}, {"price": "0.02", "size": "190.48"}, {"price": "0.03", "size": "18.99"}, {"price": "0.04", "size": "29.99"}], "asks": [{"price": "0.99", "size": "67.05"}, {"price": "0.98", "size": "182.48"}, {"price": "0.97", "size": "18.99"}, {"price": "0.96", "size": "5.47"}], "event_type": "book", "last_trade_price": ""}, {"market": "0xa1b9d7fff200e84bcf2684a443bf40ed2b665c50a4fbb2439d08de4fd785350a", "asset_id": "30717654372154121348143058376388972354073953535024422936548346590563545276696", "timestamp": "1769384447588", "hash": "90177d1e8885fdb94f4c7bbbaf1f669b65bbb6ac", "bids": [{"price": "0.01", "size": "62.05"}, {"price": "0.02", "size": "190.48"}, {"price": "0.03", "size": "18.99"}, {"price": "0.04", "size": "37.48"}], "asks": [{"price": "0.99", "size": "69.95"}, {"price": "0.98", "size": "178.32"}, {"price": "0.97", "size": "20.8"}, {"price": "0.95", "size": "23.99"}, {"price": "0.94", "size": "5.47"}], "event_type": "book", "last_trade_price": ""}, {"market": "0x7ce406b46bf164abad804a5676e873bd8b6d225cf3659492ea07e72ba43a9557", "asset_id": "2187014942351925528407016341119504627637855323396365334981647413482584472627", "timestamp": "1769382580718", "hash": "cdb253d24af6c14302fbba073252e5be9ab6bf27", "bids": [{"price": "0.01", "size": "159.79"}, {"price": "0.02", "size": "159.39"}, {"price": "0.03", "size": "83.95"}, {"price": "0.04", "size": "12.13"}, {"price": "0.05", "size": "15"}], "asks": [{"price": "0.99", "size": "162.05"}, {"price": "0.98", "size": "230.48"}, {"price": "0.97", "size": "18.99"}, {"price": "0.96", "size": "42.49"}], "event_type": "book", "last_trade_price": "0.070"}, {"market": "0x9f9195da64dfbd6a747175e111016fcc290e69b60adb8832ca9b05f461054b34", "asset_id": "43235516429326289661214648331504147646258423333135138470035182901331080100043", "timestamp": "1769384437912", "hash": "94b5b38369bf6088f4ccdda91569bb53b7606eb1", "bids": [{"price": "0.01", "size": "212.04"}, {"price": "0.02", "size": "222.48"}, {"price": "0.03", "size": "18.99"}, {"price": "0.04", "size": "37.48"}], "asks": [{"price": "0.99", "size": "206.56"}, {"price": "0.98", "size": "254.14"}, {"price": "0.97", "size": "21.72"}, {"price": "0.96", "size": "5.47"}], "event_type": "book", "last_trade_price": ""}, {"market": "0x7ce406b46bf164abad804a5676e873bd8b6d225cf3659492ea07e72ba43a9557", "asset_id": "47207874643637778419577921001453876837409279545999735849171376054612770771834", "timestamp": "1769382580718", "hash": "2e0566f7dafdbb8b4ac5d8036bafc71a70ddd7e3", "bids": [{"price": "0.01", "size": "162.05"}, {"price": "0.02", "size": "230.48"}, {"price": "0.03", "size": "18.99"}, {"price": "0.04", "size": "42.49"}], "asks": [{"price": "0.99", "size": "159.79"}, {"price": "0.98", "size": "159.39"}, {"price": "0.97", "size": "83.95"}, {"price": "0.96", "size": "12.13"}, {"price": "0.95", "size": "15"}], "event_type": "book", "last_trade_price": "0.070"}, {"market": "0x33267893b9fa8f0f711c6d0e86356c5a77dafe2b640f61547c67be6b8d4dfc0f", "asset_id": "100356396609196682650771077285492448506201335687494546617889883901277102614517", "timestamp": "1769384447587", "hash": "aba712f01c4af6705d3749ce7e31c67b6fb9e2e6", "bids": [{"price": "0.01", "size": "62.04"}, {"price": "0.02", "size": "190.48"}, {"price": "0.03", "size": "18.99"}, {"price": "0.04", "size": "29.99"}], "asks": [{"price": "0.99", "size": "69.6"}, {"price": "0.98", "size": "177.76"}, {"price": "0.97", "size": "21.29"}, {"price": "0.95", "size": "23.99"}, {"price": "0.94", "size": "5.47"}], "event_type": "book", "last_trade_price": ""}, {"market": "0x42a7d88719904699b7962fb9260b56f0d30d1578b4d84e56cdd2377b571cce90", "asset_id": "78316349374228453007963078224592737861487870490116823058396697445638000990198", "timestamp": "1769384355231", "hash": "e56e243435fba1bed674a2cfc56a64fc570b4bf4", "bids": [{"price": "0.01", "size": "65"}, {"price": "0.02", "size": "178.32"}, {"price": "0.03", "size": "12.58"}, {"price": "0.04", "size": "7.4"}, {"price": "0.05", "size": "5.47"}], "asks": [{"price": "0.99", "size": "62.05"}, {"price": "0.98", "size": "190.48"}, {"price": "0.97", "size": "18.99"}, {"price": "0.96", "size": "29.99"}], "event_type": "book", "last_trade_price": ""}, {"market": "0x27793ee494c547df71f7131e11a3d5124c258c83ca09dd3f8dab1d98bc7baae0", "asset_id": "41325717620769777066345905541078062182376820446307588363978091074836165824932", "timestamp": "1769384447587", "hash": "5d679c76a35d232d7aec604a20ecd0704be87949", "bids": [{"price": "0.01", "size": "69.95"}, {"price": "0.02", "size": "178.32"}, {"price": "0.03", "size": "20.8"}, {"price": "0.05", "size": "23.99"}, {"price": "0.06", "size": "5.47"}], "asks": [{"price": "0.99", "size": "62.05"}, {"price": "0.98", "size": "190.48"}, {"price": "0.97", "size": "18.99"}, {"price": "0.96", "size": "29.99"}], "event_type": "book", "last_trade_price": ""}, {"market": "0xcf66c59fc45624eba5a0b3868772dc91fbddabf505e01a397c20f4520081f1a0", "asset_id": "103824925532990605151636793524095411831792323686698247325142256728614490798614", "timestamp": "1769384447587", "hash": "84dadf5da382cbecb6ea1e56e128d8af320084d2", "bids": [{"price": "0.01", "size": "67.05"}, {"price": "0.02", "size": "182.48"}, {"price": "0.03", "size": "18.99"}, {"price": "0.05", "size": "23.99"}, {"price": "0.06", "size": "5.47"}], "asks": [{"price": "0.99", "size": "62.05"}, {"price": "0.98", "size": "190.48"}, {"price": "0.97", "size": "18.99"}, {"price": "0.96", "size": "29.99"}], "event_type": "book", "last_trade_price": ""}]}
{"_local_timestamp": "2026-01-25T23:42:06.364858+00:00", "data": {"market": "0x175e69177f2d7cf02fdcff16e202961f9612a09ff33971aec03d05020a0b1199", "price_changes": [{"asset_id": "28761157267249667115897213561611371340131595039131543470941370155164195151512", "price": "0.05", "size": "0", "side": "BUY", "hash": "5367a7502371c19e5eeea6ddb526a9bcdebaefb3", "best_bid": "0.06", "best_ask": "0.96"}, {"asset_id": "60887569837508291295916655730396920686005600529125093632172877356146679344714", "price": "0.95", "size": "0", "side": "SELL", "hash": "f76b432716e19244fa3c5f74167e7c5c43c423ce", "best_bid": "0.04", "best_ask": "0.94"}], "timestamp": "1769384526282", "event_type": "price_change"}}
{"_local_timestamp": "2026-01-25T23:42:06.365815+00:00", "data": {"market": "0x33267893b9fa8f0f711c6d0e86356c5a77dafe2b640f61547c67be6b8d4dfc0f", "price_changes": [{"asset_id": "50296918760794917431232153110352098415478987764479553174390004607903287756580", "price": "0.05", "size": "0", "side": "BUY", "hash": "5b9ced148c704202403ca757a377d933f761e2f6", "best_bid": "0.06", "best_ask": "0.96"}, {"asset_id": "100356396609196682650771077285492448506201335687494546617889883901277102614517", "price": "0.95", "size": "0", "side": "SELL", "hash": "ea50497ffc4cca6afffefbe28a6c4da24f70c3af", "best_bid": "0.04", "best_ask": "0.94"}], "timestamp": "1769384526282", "event_type": "price_change"}}
{"_local_timestamp": "2026-01-25T23:42:06.366103+00:00", "data": {"market": "0xa1b9d7fff200e84bcf2684a443bf40ed2b665c50a4fbb2439d08de4fd785350a", "price_changes": [{"asset_id": "77080769017483600787817881033334646523397288202305488639707173409532353448610", "price": "0.05", "size": "0", "side": "BUY", "hash": "a7fc8970ce5389f2d4900c68f9496bc057af7615", "best_bid": "0.06", "best_ask": "0.96"}, {"asset_id": "30717654372154121348143058376388972354073953535024422936548346590563545276696", "price": "0.95", "size": "0", "side": "SELL", "hash": "e1f56a18318000978ec4dd3adc1bc3cba579c6eb", "best_bid": "0.04", "best_ask": "0.94"}], "timestamp": "1769384526282", "event_type": "price_change"}}
{"_local_timestamp": "2026-01-25T23:42:06.366353+00:00", "data": {"market": "0xcf66c59fc45624eba5a0b3868772dc91fbddabf505e01a397c20f4520081f1a0", "price_changes": [{"asset_id": "103824925532990605151636793524095411831792323686698247325142256728614490798614", "price": "0.05", "size": "0", "side": "BUY", "hash": "8fe12dd4621b4a75d6065c552bb4ee5605e87074", "best_bid": "0.06", "best_ask": "0.96"}, {"asset_id": "54961469773013489461056927051811782705138901895193858133493599641666328502532", "price": "0.95", "size": "0", "side": "SELL", "hash": "e320f439fe13b04d4fa6ba0f5264ac1907c3f450", "best_bid": "0.04", "best_ask": "0.94"}], "timestamp": "1769384526282", "event_type": "price_change"}}
{"_local_timestamp": "2026-01-25T23:42:06.366609+00:00", "data": {"market": "0x3d592ce41a32dfc924149d132c4a51e1aa4712c5138b7a4e0ba9c9d561807bf4", "price_changes": [{"asset_id": "78259657010365916953250002457662228306734521902918228244730548278292542564760", "price": "0.05", "size": "0", "side": "BUY", "hash": "fb2eed39cf15e5fbbe8893e4c9d3c51bb913fbad", "best_bid": "0.06", "best_ask": "0.96"}, {"asset_id": "32745122141225860980404681195677204979156452342821108988625381214229399112942", "price": "0.95", "size": "0", "side": "SELL", "hash": "df2d4a68dd9ee9bce8f7e627d3650ce615746f1d", "best_bid": "0.04", "best_ask": "0.94"}], "timestamp": "1769384526282", "event_type": "price_change"}}
{"_local_timestamp": "2026-01-25T23:42:06.366872+00:00", "data": {"market": "0x25ff665a44449d08d4184d2fd42230901b839566c696232f49790b7c8e924550", "price_changes": [{"asset_id": "95156585720657261905790035439287311689889186408937935010455720168308091840688", "price": "0.05", "size": "0", "side": "BUY", "hash": "d46745755a3da3b341e6d7aa6d9622ccab3af783", "best_bid": "0.06", "best_ask": "0.96"}, {"asset_id": "69560367679296271699770279135842959181114618593422448154814588031014098432144", "price": "0.95", "size": "0", "side": "SELL", "hash": "755fb9b8b3e851cdcac23f8e3158d7cece9767d3", "best_bid": "0.04", "best_ask": "0.94"}], "timestamp": "1769384526282", "event_type": "price_change"}}
{"_local_timestamp": "2026-01-25T23:42:06.442523+00:00", "data": {"market": "0x27793ee494c547df71f7131e11a3d5124c258c83ca09dd3f8dab1d98bc7baae0", "price_changes": [{"asset_id": "41325717620769777066345905541078062182376820446307588363978091074836165824932", "price": "0.05", "size": "0", "side": "BUY", "hash": "1652d2dde8572f4438259f55e6e49ca192c0b0e2", "best_bid": "0.06", "best_ask": "0.96"}, {"asset_id": "79918837423908735992540984013067664248484145666314798167265711979529288274675", "price": "0.95", "size": "0", "side": "SELL", "hash": "77c866c6c72f907677d1f3c30820d4e03de6c164", "best_bid": "0.04", "best_ask": "0.94"}], "timestamp": "1769384526376", "event_type": "price_change"}}
{"_local_timestamp": "2026-01-25T23:42:07.652503+00:00", "data": {"market": "0x5f688e7a0f4eb7fc71ddec0fe044da8fb7b8737d75f27b9a675cd894897718b6", "price_changes": [{"asset_id": "42347792632529314087337453310563689621032224655508626964373601540157695885235", "price": "0.05", "size": "23.99", "side": "BUY", "hash": "1657edb92ddf817a3a57de69b730cd144413bc94", "best_bid": "0.05", "best_ask": "0.96"}, {"asset_id": "47501677235615677626832545378049314732666476069842432032197968521739840110857", "price": "0.95", "size": "23.99", "side": "SELL", "hash": "d76fde31918a7fd0f940721273ca1359a74936dd", "best_bid": "0.04", "best_ask": "0.95"}], "timestamp": "1769384527566", "event_type": "price_change"}}
{"_local_timestamp": "2026-01-25T23:42:10.833137+00:00", "data": {"market": "0x3d592ce41a32dfc924149d132c4a51e1aa4712c5138b7a4e0ba9c9d561807bf4", "price_changes": [{"asset_id": "78259657010365916953250002457662228306734521902918228244730548278292542564760", "price": "0.06", "size": "0", "side": "BUY", "hash": "c34cee0b7add030a0c0275514b01cacd30c9ed85", "best_bid": "0.03", "best_ask": "0.96"}, {"asset_id": "32745122141225860980404681195677204979156452342821108988625381214229399112942", "price": "0.94", "size": "0", "side": "SELL", "hash": "4ab4702e6a7a6d8d962d355b362b4a354504d1aa", "best_bid": "0.04", "best_ask": "0.97"}], "timestamp": "1769384530760", "event_type": "price_change"}}
{"_local_timestamp": "2026-01-25T23:42:10.833730+00:00", "data": {"market": "0x5f688e7a0f4eb7fc71ddec0fe044da8fb7b8737d75f27b9a675cd894897718b6", "price_changes": [{"asset_id": "42347792632529314087337453310563689621032224655508626964373601540157695885235", "price": "0.04", "size": "0", "side": "BUY", "hash": "c857acdc5d912fb9da307c970dbe835b125b3d48", "best_bid": "0.05", "best_ask": "0.96"}, {"asset_id": "47501677235615677626832545378049314732666476069842432032197968521739840110857", "price": "0.96", "size": "0", "side": "SELL", "hash": "cea4e0f4a94cdcea7b785765b02fab0819f27f98", "best_bid": "0.04", "best_ask": "0.95"}], "timestamp": "1769384530761", "event_type": "price_change"}}
{"_local_timestamp": "2026-01-25T23:42:10.861270+00:00", "data": {"market": "0xcf66c59fc45624eba5a0b3868772dc91fbddabf505e01a397c20f4520081f1a0", "price_changes": [{"asset_id": "103824925532990605151636793524095411831792323686698247325142256728614490798614", "price": "0.06", "size": "0", "side": "BUY", "hash": "9a617ab908b82f8e91b56f4a093b076385bd3dd8", "best_bid": "0.03", "best_ask": "0.96"}, {"asset_id": "54961469773013489461056927051811782705138901895193858133493599641666328502532", "price": "0.94", "size": "0", "side": "SELL", "hash": "6b7bd4abd13a0af9b056ffec179707bb9b61f14a", "best_bid": "0.04", "best_ask": "0.97"}], "timestamp": "1769384530760", "event_type": "price_change"}}
{"_local_timestamp": "2026-01-25T23:42:10.861653+00:00", "data": {"market": "0x25ff665a44449d08d4184d2fd42230901b839566c696232f49790b7c8e924550", "price_changes": [{"asset_id": "95156585720657261905790035439287311689889186408937935010455720168308091840688", "price": "0.06", "size": "0", "side": "BUY", "hash": "fb96a3bc44dac245217898fc6113b043d0381e9d", "best_bid": "0.03", "best_ask": "0.96"}, {"asset_id": "69560367679296271699770279135842959181114618593422448154814588031014098432144", "price": "0.94", "size": "0", "side": "SELL", "hash": "a18a1f850b7089591297a50e86dfe174c7dfbe28", "best_bid": "0.04", "best_ask": "0.97"}], "timestamp": "1769384530761", "event_type": "price_change"}}
{"_local_timestamp": "2026-01-25T23:42:10.861949+00:00", "data": {"market": "0x175e69177f2d7cf02fdcff16e202961f9612a09ff33971aec03d05020a0b1199", "price_changes": [{"asset_id": "28761157267249667115897213561611371340131595039131543470941370155164195151512", "price": "0.06", "size": "0", "side": "BUY", "hash": "f6b07b0c24468a2a1e36bae44c42ecddd28e08c1", "best_bid": "0.03", "best_ask": "0.96"}, {"asset_id": "60887569837508291295916655730396920686005600529125093632172877356146679344714", "price": "0.94", "size": "0", "side": "SELL", "hash": "6757e589399567eefa16545a090a3babc834a559", "best_bid": "0.04", "best_ask": "0.97"}], "timestamp": "1769384530761", "event_type": "price_change"}}
{"_local_timestamp": "2026-01-25T23:42:10.862277+00:00", "data": {"market": "0xa1b9d7fff200e84bcf2684a443bf40ed2b665c50a4fbb2439d08de4fd785350a", "price_changes": [{"asset_id": "77080769017483600787817881033334646523397288202305488639707173409532353448610", "price": "0.06", "size": "0", "side": "BUY", "hash": "ccd706a8078959b75522a150eb355f13b43d4dfe", "best_bid": "0.03", "best_ask": "0.96"}, {"asset_id": "30717654372154121348143058376388972354073953535024422936548346590563545276696", "price": "0.94", "size": "0", "side": "SELL", "hash": "84dda4666f4d77bd47d4d3dcc10cb468e9d4f77e", "best_bid": "0.04", "best_ask": "0.97"}], "timestamp": "1769384530761", "event_type": "price_change"}}
{"_local_timestamp": "2026-01-25T23:42:10.862680+00:00", "data": {"market": "0x33267893b9fa8f0f711c6d0e86356c5a77dafe2b640f61547c67be6b8d4dfc0f", "price_changes": [{"asset_id": "50296918760794917431232153110352098415478987764479553174390004607903287756580", "price": "0.06", "size": "0", "side": "BUY", "hash": "c8820840a78813f0c0ef3ee122288bb202b30f41", "best_bid": "0.03", "best_ask": "0.96"}, {"asset_id": "100356396609196682650771077285492448506201335687494546617889883901277102614517", "price": "0.94", "size": "0", "side": "SELL", "hash": "cc5db3de9c8bebd704c07e3fe51f45039f4a2f8a", "best_bid": "0.04", "best_ask": "0.97"}], "timestamp": "1769384530760", "event_type": "price_change"}}
{"_local_timestamp": "2026-01-25T23:42:10.869050+00:00", "data": {"market": "0x27793ee494c547df71f7131e11a3d5124c258c83ca09dd3f8dab1d98bc7baae0", "price_changes": [{"asset_id": "41325717620769777066345905541078062182376820446307588363978091074836165824932", "price": "0.06", "size": "0", "side": "BUY", "hash": "59205c08225abe285a301fa745bf67ad21965ae0", "best_bid": "0.03", "best_ask": "0.96"}, {"asset_id": "79918837423908735992540984013067664248484145666314798167265711979529288274675", "price": "0.94", "size": "0", "side": "SELL", "hash": "22341f3f85d13d6bb4dc09d03a8e78ddc701d2ba", "best_bid": "0.04", "best_ask": "0.97"}], "timestamp": "1769384530761", "event_type": "price_change"}}
{"_local_timestamp": "2026-01-25T23:42:10.980882+00:00", "data": {"market": "0x27793ee494c547df71f7131e11a3d5124c258c83ca09dd3f8dab1d98bc7baae0", "price_changes": [{"asset_id": "41325717620769777066345905541078062182376820446307588363978091074836165824932", "price": "0.04", "size": "5.47", "side": "BUY", "hash": "cdb110314089cc25416eac0b7f5149340f3545a2", "best_bid": "0.04", "best_ask": "0.96"}, {"asset_id": "79918837423908735992540984013067664248484145666314798167265711979529288274675", "price": "0.96", "size": "5.47", "side": "SELL", "hash": "b0f9e046f8e3cf5af034e4ac728b1099529b19c3", "best_bid": "0.04", "best_ask": "0.96"}], "timestamp": "1769384530902", "event_type": "price_change"}}
{"_local_timestamp": "2026-01-25T23:42:10.995146+00:00", "data": {"market": "0x25ff665a44449d08d4184d2fd42230901b839566c696232f49790b7c8e924550", "price_changes": [{"asset_id": "95156585720657261905790035439287311689889186408937935010455720168308091840688", "price": "0.04", "size": "5.47", "side": "BUY", "hash": "6fdd5e3fad68cd3d94d37d273f7723c3b7a6cd52", "best_bid": "0.04", "best_ask": "0.96"}, {"asset_id": "69560367679296271699770279135842959181114618593422448154814588031014098432144", "price": "0.96", "size": "5.47", "side": "SELL", "hash": "94a8ce630fe9e00d37edc20f73a1d8c446b49716", "best_bid": "0.04", "best_ask": "0.96"}], "timestamp": "1769384530902", "event_type": "price_change"}}
{"_local_timestamp": "2026-01-25T23:42:10.995555+00:00", "data": {"market": "0x175e69177f2d7cf02fdcff16e202961f9612a09ff33971aec03d05020a0b1199", "price_changes": [{"asset_id": "28761157267249667115897213561611371340131595039131543470941370155164195151512", "price": "0.04", "size": "5.47", "side": "BUY", "hash": "4aea65e4626b02e4255747f31804101d44067662", "best_bid": "0.04", "best_ask": "0.96"}, {"asset_id": "60887569837508291295916655730396920686005600529125093632172877356146679344714", "price": "0.96", "size": "5.47", "side": "SELL", "hash": "366f2c9d5c1c8e9af74efe5325cb3d6b6451f9f2", "best_bid": "0.04", "best_ask": "0.96"}], "timestamp": "1769384530902", "event_type": "price_change"}}
{"_local_timestamp": "2026-01-25T23:42:10.995901+00:00", "data": {"market": "0x33267893b9fa8f0f711c6d0e86356c5a77dafe2b640f61547c67be6b8d4dfc0f", "price_changes": [{"asset_id": "50296918760794917431232153110352098415478987764479553174390004607903287756580", "price": "0.04", "size": "5.47", "side": "BUY", "hash": "b4063b2d47fb12adb8d31ede890ff590121710d9", "best_bid": "0.04", "best_ask": "0.96"}, {"asset_id": "100356396609196682650771077285492448506201335687494546617889883901277102614517", "price": "0.96", "size": "5.47", "side": "SELL", "hash": "21ec9c96e6cbb9eefcf11f11266de29d394c616a", "best_bid": "0.04", "best_ask": "0.96"}], "timestamp": "1769384530902", "event_type": "price_change"}}
{"_local_timestamp": "2026-01-25T23:42:10.996317+00:00", "data": {"market": "0xa1b9d7fff200e84bcf2684a443bf40ed2b665c50a4fbb2439d08de4fd785350a", "price_changes": [{"asset_id": "77080769017483600787817881033334646523397288202305488639707173409532353448610", "price": "0.04", "size": "5.47", "side": "BUY", "hash": "5d68d5aee528454b15d3dab717bf88e3d9230778", "best_bid": "0.04", "best_ask": "0.96"}, {"asset_id": "30717654372154121348143058376388972354073953535024422936548346590563545276696", "price": "0.96", "size": "5.47", "side": "SELL", "hash": "ee77dfedd67c1595b6c56aa9deb00de6e72542a8", "best_bid": "0.04", "best_ask": "0.96"}], "timestamp": "1769384530902", "event_type": "price_change"}}
{"_local_timestamp": "2026-01-25T23:42:10.996753+00:00", "data": {"market": "0x3d592ce41a32dfc924149d132c4a51e1aa4712c5138b7a4e0ba9c9d561807bf4", "price_changes": [{"asset_id": "78259657010365916953250002457662228306734521902918228244730548278292542564760", "price": "0.04", "size": "5.47", "side": "BUY", "hash": "cdf6df02526f0d8a39847c4eebbb57349c46e39c", "best_bid": "0.04", "best_ask": "0.96"}, {"asset_id": "32745122141225860980404681195677204979156452342821108988625381214229399112942", "price": "0.96", "size": "5.47", "side": "SELL", "hash": "e8b8ab92163167952e8b01bdeb3df8c11a82dc14", "best_bid": "0.04", "best_ask": "0.96"}], "timestamp": "1769384530902", "event_type": "price_change"}}
{"_local_timestamp": "2026-01-25T23:42:10.997168+00:00", "data": {"market": "0x5f688e7a0f4eb7fc71ddec0fe044da8fb7b8737d75f27b9a675cd894897718b6", "price_changes": [{"asset_id": "42347792632529314087337453310563689621032224655508626964373601540157695885235", "price": "0.06", "size": "5.47", "side": "BUY", "hash": "8779150d128178f1988a80c7c42b013dc91e23f8", "best_bid": "0.06", "best_ask": "0.96"}, {"asset_id": "47501677235615677626832545378049314732666476069842432032197968521739840110857", "price": "0.94", "size": "5.47", "side": "SELL", "hash": "c2dc7b802764c8b7e8082c7e75ba9ff6ffda68ed", "best_bid": "0.04", "best_ask": "0.94"}], "timestamp": "1769384530903", "event_type": "price_change"}}
{"_local_timestamp": "2026-01-25T23:42:10.997615+00:00", "data": {"market": "0xcf66c59fc45624eba5a0b3868772dc91fbddabf505e01a397c20f4520081f1a0", "price_changes": [{"asset_id": "103824925532990605151636793524095411831792323686698247325142256728614490798614", "price": "0.04", "size": "5.47", "side": "BUY", "hash": "e1293edbd1aa40251d603012159176d3cc8c0122", "best_bid": "0.04", "best_ask": "0.96"}, {"asset_id": "54961469773013489461056927051811782705138901895193858133493599641666328502532", "price": "0.96", "size": "5.47", "side": "SELL", "hash": "6cb7e3572ae10f6acf7fdb27fec731d24afd5ad2", "best_bid": "0.04", "best_ask": "0.96"}], "timestamp": "1769384530902", "event_type": "price_change"}}
{"_local_timestamp": "2026-01-25T23:42:39.115186+00:00", "data": {"market": "0x9f9195da64dfbd6a747175e111016fcc290e69b60adb8832ca9b05f461054b34", "price_changes": [{"asset_id": "43235516429326289661214648331504147646258423333135138470035182901331080100043", "price": "0.02", "size": "72.48", "side": "BUY", "hash": "9064f1c70080dbfce6613e47ce1c299a3e40653b", "best_bid": "0.04", "best_ask": "0.96"}, {"asset_id": "90077007167598244410823278461090554735976924102873193770652761319939404389385", "price": "0.98", "size": "72.48", "side": "SELL", "hash": "6a7f381eac106cceb2f97644e0e20f9ef8c5584a", "best_bid": "0.04", "best_ask": "0.96"}], "timestamp": "1769384559003", "event_type": "price_change"}}
{"_local_timestamp": "2026-01-25T23:42:44.151652+00:00", "data": {"market": "0x9f9195da64dfbd6a747175e111016fcc290e69b60adb8832ca9b05f461054b34", "price_changes": [{"asset_id": "43235516429326289661214648331504147646258423333135138470035182901331080100043", "price": "0.02", "size": "222.48", "side": "BUY", "hash": "f8066ce72dfceda2563c507a2fde325a28702441", "best_bid": "0.04", "best_ask": "0.96"}, {"asset_id": "90077007167598244410823278461090554735976924102873193770652761319939404389385", "price": "0.98", "size": "222.48", "side": "SELL", "hash": "a6435da39bfaef3dfd69bc4262e8548d2bbf84cf", "best_bid": "0.04", "best_ask": "0.96"}], "timestamp": "1769384564030", "event_type": "price_change"}}
{"_local_timestamp": "2026-01-25T23:43:23.087888+00:00", "data": {"market": "0x9f9195da64dfbd6a747175e111016fcc290e69b60adb8832ca9b05f461054b34", "price_changes": [{"asset_id": "90077007167598244410823278461090554735976924102873193770652761319939404389385", "price": "0.03", "size": "12.36", "side": "BUY", "hash": "893caa471a65a32580a23a7935a22cbc8b29f367", "best_bid": "0.04", "best_ask": "0.96"}, {"asset_id": "43235516429326289661214648331504147646258423333135138470035182901331080100043", "price": "0.97", "size": "12.36", "side": "SELL", "hash": "c98ab491d2ac4510e310ce4a86e7052797aa0621", "best_bid": "0.04", "best_ask": "0.96"}], "timestamp": "1769384602957", "event_type": "price_change"}}
{"_local_timestamp": "2026-01-25T23:43:23.339248+00:00", "data": {"market": "0x9f9195da64dfbd6a747175e111016fcc290e69b60adb8832ca9b05f461054b34", "price_changes": [{"asset_id": "90077007167598244410823278461090554735976924102873193770652761319939404389385", "price": "0.03", "size": "19.69", "side": "BUY", "hash": "9b6698e522fe40ed6e15c7513a7f5d7a21808d36", "best_bid": "0.04", "best_ask": "0.96"}, {"asset_id": "43235516429326289661214648331504147646258423333135138470035182901331080100043", "price": "0.97", "size": "19.69", "side": "SELL", "hash": "5d71cd85ccbdc2298a92b727cdb4a71c7a8359e9", "best_bid": "0.04", "best_ask": "0.96"}], "timestamp": "1769384603212", "event_type": "price_change"}}
{"_local_timestamp": "2026-01-25T23:43:23.339742+00:00", "data": {"market": "0x9f9195da64dfbd6a747175e111016fcc290e69b60adb8832ca9b05f461054b34", "price_changes": [{"asset_id": "90077007167598244410823278461090554735976924102873193770652761319939404389385", "price": "0.01", "size": "212.63", "side": "BUY", "hash": "0e8465d8949ec41e9030a403cf5bac9b3400658f", "best_bid": "0.04", "best_ask": "0.96"}, {"asset_id": "43235516429326289661214648331504147646258423333135138470035182901331080100043", "price": "0.99", "size": "212.63", "side": "SELL", "hash": "91e8a4fa4fa6be2b2e0b28cdd86d61589a8c66d7", "best_bid": "0.04", "best_ask": "0.96"}], "timestamp": "1769384603213", "event_type": "price_change"}}
{"_local_timestamp": "2026-01-25T23:43:23.519987+00:00", "data": {"market": "0x5f688e7a0f4eb7fc71ddec0fe044da8fb7b8737d75f27b9a675cd894897718b6", "price_changes": [{"asset_id": "42347792632529314087337453310563689621032224655508626964373601540157695885235", "price": "0.01", "size": "58.04", "side": "BUY", "hash": "31fe1965a0247e880c57dcbbb4cfaab32b4b3d5e", "best_bid": "0.06", "best_ask": "0.96"}, {"asset_id": "47501677235615677626832545378049314732666476069842432032197968521739840110857", "price": "0.99", "size": "58.04", "side": "SELL", "hash": "d39fb6d1422e6facd13722291eb33ed4903463cd", "best_bid": "0.04", "best_ask": "0.94"}], "timestamp": "1769384603382", "event_type": "price_change"}}
{"_local_timestamp": "2026-01-25T23:43:23.520932+00:00", "data": {"market": "0x5f688e7a0f4eb7fc71ddec0fe044da8fb7b8737d75f27b9a675cd894897718b6", "price_changes": [{"asset_id": "42347792632529314087337453310563689621032224655508626964373601540157695885235", "price": "0.02", "size": "177.16", "side": "BUY", "hash": "31fe1965a0247e880c57dcbbb4cfaab32b4b3d5e", "best_bid": "0.06", "best_ask": "0.96"}, {"asset_id": "47501677235615677626832545378049314732666476069842432032197968521739840110857", "price": "0.98", "size": "177.16", "side": "SELL", "hash": "d39fb6d1422e6facd13722291eb33ed4903463cd", "best_bid": "0.04", "best_ask": "0.94"}], "timestamp": "1769384603382", "event_type": "price_change"}}
{"_local_timestamp": "2026-01-25T23:43:23.521303+00:00", "data": {"market": "0x5f688e7a0f4eb7fc71ddec0fe044da8fb7b8737d75f27b9a675cd894897718b6", "price_changes": [{"asset_id": "42347792632529314087337453310563689621032224655508626964373601540157695885235", "price": "0.03", "size": "9.18", "side": "BUY", "hash": "31fe1965a0247e880c57dcbbb4cfaab32b4b3d5e", "best_bid": "0.06", "best_ask": "0.96"}, {"asset_id": "47501677235615677626832545378049314732666476069842432032197968521739840110857", "price": "0.97", "size": "9.18", "side": "SELL", "hash": "d39fb6d1422e6facd13722291eb33ed4903463cd", "best_bid": "0.04", "best_ask": "0.94"}], "timestamp": "1769384603382", "event_type": "price_change"}}
{"_local_timestamp": "2026-01-25T23:43:24.164073+00:00", "data": {"market": "0x5f688e7a0f4eb7fc71ddec0fe044da8fb7b8737d75f27b9a675cd894897718b6", "price_changes": [{"asset_id": "42347792632529314087337453310563689621032224655508626964373601540157695885235", "price": "0.06", "size": "13.65", "side": "BUY", "hash": "71f57c92add5653d42f6487c51b1d06fda3c2116", "best_bid": "0.06", "best_ask": "0.96"}, {"asset_id": "47501677235615677626832545378049314732666476069842432032197968521739840110857", "price": "0.94", "size": "13.65", "side": "SELL", "hash": "a6227ccb24debeb3ea5c8a9aead41f1c3e12c872", "best_bid": "0.04", "best_ask": "0.94"}], "timestamp": "1769384604026", "event_type": "price_change"}}
{"_local_timestamp": "2026-01-25T23:43:24.595884+00:00", "data": {"market": "0xa1b9d7fff200e84bcf2684a443bf40ed2b665c50a4fbb2439d08de4fd785350a", "price_changes": [{"asset_id": "77080769017483600787817881033334646523397288202305488639707173409532353448610", "price": "0.01", "size": "56.79", "side": "BUY", "hash": "d02d93ac43fd1f76c05d6823cc5a7c3667e37d2d", "best_bid": "0.04", "best_ask": "0.96"}, {"asset_id": "30717654372154121348143058376388972354073953535024422936548346590563545276696", "price": "0.99", "size": "56.79", "side": "SELL", "hash": "a26fdb29523b565a0cda85d2630f27897d6c2e39", "best_bid": "0.04", "best_ask": "0.96"}], "timestamp": "1769384604465", "event_type": "price_change"}}
{"_local_timestamp": "2026-01-25T23:43:24.596439+00:00", "data": {"market": "0x27793ee494c547df71f7131e11a3d5124c258c83ca09dd3f8dab1d98bc7baae0", "price_changes": [{"asset_id": "41325717620769777066345905541078062182376820446307588363978091074836165824932", "price": "0.01", "size": "56.79", "side": "BUY", "hash": "37e6215e19ef8a136f0d13fcce1a68d324956b36", "best_bid": "0.04", "best_ask": "0.96"}, {"asset_id": "79918837423908735992540984013067664248484145666314798167265711979529288274675", "price": "0.99", "size": "56.79", "side": "SELL", "hash": "a361248122fda15e884ddfc96e826978a7880cf3", "best_bid": "0.04", "best_ask": "0.96"}], "timestamp": "1769384604465", "event_type": "price_change"}}
{"_local_timestamp": "2026-01-25T23:43:24.905901+00:00", "data": {"market": "0xa1b9d7fff200e84bcf2684a443bf40ed2b665c50a4fbb2439d08de4fd785350a", "price_changes": [{"asset_id": "77080769017483600787817881033334646523397288202305488639707173409532353448610", "price": "0.01", "size": "69.95", "side": "BUY", "hash": "2be63a9c4a457ca4ffd0bedb750c00a939817198", "best_bid": "0.04", "best_ask": "0.96"}, {"asset_id": "30717654372154121348143058376388972354073953535024422936548346590563545276696", "price": "0.99", "size": "69.95", "side": "SELL", "hash": "b3a7f35d8c46d472b93e762fe708d69fa0231273", "best_bid": "0.04", "best_ask": "0.96"}], "timestamp": "1769384604781", "event_type": "price_change"}}
{"_local_timestamp": "2026-01-25T23:43:24.906376+00:00", "data": {"market": "0x27793ee494c547df71f7131e11a3d5124c258c83ca09dd3f8dab1d98bc7baae0", "price_changes": [{"asset_id": "41325717620769777066345905541078062182376820446307588363978091074836165824932", "price": "0.01", "size": "69.95", "side": "BUY", "hash": "9e22638bd1af220f0d1642bff8dc5942e1978b18", "best_bid": "0.04", "best_ask": "0.96"}, {"asset_id": "79918837423908735992540984013067664248484145666314798167265711979529288274675", "price": "0.99", "size": "69.95", "side": "SELL", "hash": "c2f32cf3d3e1a4ca9e35394f783227451582881e", "best_bid": "0.04", "best_ask": "0.96"}], "timestamp": "1769384604781", "event_type": "price_change"}}
{"_local_timestamp": "2026-01-25T23:43:25.338445+00:00", "data": {"market": "0x42a7d88719904699b7962fb9260b56f0d30d1578b4d84e56cdd2377b571cce90", "price_changes": [{"asset_id": "78316349374228453007963078224592737861487870490116823058396697445638000990198", "price": "0.04", "size": "0", "side": "BUY", "hash": "2d4f481c2341bc30d7d9d730fd530e326d13a047", "best_bid": "0.05", "best_ask": "0.96"}, {"asset_id": "11567160664106765195674843001189304981471006432830977250582261949318460235214", "price": "0.96", "size": "0", "side": "SELL", "hash": "5f9e85da95999e64e0688ad827296ea22b95c02d", "best_bid": "0.04", "best_ask": "0.95"}], "timestamp": "1769384605198", "event_type": "price_change"}}
{"_local_timestamp": "2026-01-25T23:43:25.338901+00:00", "data": {"market": "0x3d592ce41a32dfc924149d132c4a51e1aa4712c5138b7a4e0ba9c9d561807bf4", "price_changes": [{"asset_id": "78259657010365916953250002457662228306734521902918228244730548278292542564760", "price": "0.01", "size": "103.22", "side": "BUY", "hash": "804c6d6a5e7eb54bcbe6ea4b9320b71281f1550d", "best_bid": "0.04", "best_ask": "0.96"}, {"asset_id": "32745122141225860980404681195677204979156452342821108988625381214229399112942", "price": "0.99", "size": "103.22", "side": "SELL", "hash": "4ea0c419dacf10ff412beda2e1d66c9876572699", "best_bid": "0.04", "best_ask": "0.96"}], "timestamp": "1769384605198", "event_type": "price_change"}}
{"_local_timestamp": "2026-01-25T23:43:25.628536+00:00", "data": {"market": "0x3d592ce41a32dfc924149d132c4a51e1aa4712c5138b7a4e0ba9c9d561807bf4", "price_changes": [{"asset_id": "78259657010365916953250002457662228306734521902918228244730548278292542564760", "price": "0.01", "size": "118.63", "side": "BUY", "hash": "0e9eb53784174c83756bcb85f20169532c0a0255", "best_bid": "0.04", "best_ask": "0.96"}, {"asset_id": "32745122141225860980404681195677204979156452342821108988625381214229399112942", "price": "0.99", "size": "118.63", "side": "SELL", "hash": "3bb40017d55bbc15980ed1c1186c1621a266b945", "best_bid": "0.04", "best_ask": "0.96"}], "timestamp": "1769384605491", "event_type": "price_change"}}
{"_local_timestamp": "2026-01-25T23:43:25.629200+00:00", "data": {"market": "0x42a7d88719904699b7962fb9260b56f0d30d1578b4d84e56cdd2377b571cce90", "price_changes": [{"asset_id": "78316349374228453007963078224592737861487870490116823058396697445638000990198", "price": "0.03", "size": "22.45", "side": "BUY", "hash": "147242321055d06a4ecbef0de35b6b5afb030a97", "best_bid": "0.05", "best_ask": "0.96"}, {"asset_id": "11567160664106765195674843001189304981471006432830977250582261949318460235214", "price": "0.97", "size": "22.45", "side": "SELL", "hash": "45c072328078f538d84217d1c9d169192299d6ec", "best_bid": "0.04", "best_ask": "0.95"}], "timestamp": "1769384605491", "event_type": "price_change"}}
{"_local_timestamp": "2026-01-25T23:43:27.260063+00:00", "data": {"market": "0x42a7d88719904699b7962fb9260b56f0d30d1578b4d84e56cdd2377b571cce90", "price_changes": [{"asset_id": "78316349374228453007963078224592737861487870490116823058396697445638000990198", "price": "0.05", "size": "0", "side": "BUY", "hash": "9e274775429f3b21dbe4d3a3f09f3f74ab83d4f0", "best_bid": "0.03", "best_ask": "0.96"}, {"asset_id": "11567160664106765195674843001189304981471006432830977250582261949318460235214", "price": "0.95", "size": "0", "side": "SELL", "hash": "c219c2319b500d1f498ccf67c5c00818cbcf79df", "best_bid": "0.04", "best_ask": "0.97"}], "timestamp": "1769384607118", "event_type": "price_change"}}
{"_local_timestamp": "2026-01-25T23:43:27.304366+00:00", "data": {"market": "0x42a7d88719904699b7962fb9260b56f0d30d1578b4d84e56cdd2377b571cce90", "price_changes": [{"asset_id": "78316349374228453007963078224592737861487870490116823058396697445638000990198", "price": "0.04", "size": "5.47", "side": "BUY", "hash": "bac668b7a3b9446ec5da6ba5252aeb5898bbf8c4", "best_bid": "0.04", "best_ask": "0.96"}, {"asset_id": "11567160664106765195674843001189304981471006432830977250582261949318460235214", "price": "0.96", "size": "5.47", "side": "SELL", "hash": "0692e3ad74dbe8381a0b6694c7f3978d40a917a3", "best_bid": "0.04", "best_ask": "0.96"}], "timestamp": "1769384607152", "event_type": "price_change"}}
{"_local_timestamp": "2026-01-25T23:43:29.244368+00:00", "data": {"market": "0x33267893b9fa8f0f711c6d0e86356c5a77dafe2b640f61547c67be6b8d4dfc0f", "price_changes": [{"asset_id": "50296918760794917431232153110352098415478987764479553174390004607903287756580", "price": "0.01", "size": "59.72", "side": "BUY", "hash": "9cfae6eb89940f5aa2bd403a5e369b25e439d7a2", "best_bid": "0.04", "best_ask": "0.96"}, {"asset_id": "100356396609196682650771077285492448506201335687494546617889883901277102614517", "price": "0.99", "size": "59.72", "side": "SELL", "hash": "a80613939f14cc3a42e25c0d776f67f271e79084", "best_bid": "0.04", "best_ask": "0.96"}], "timestamp": "1769384609103", "event_type": "price_change"}}
{"_local_timestamp": "2026-01-25T23:43:29.514317+00:00", "data": {"market": "0x33267893b9fa8f0f711c6d0e86356c5a77dafe2b640f61547c67be6b8d4dfc0f", "price_changes": [{"asset_id": "50296918760794917431232153110352098415478987764479553174390004607903287756580", "price": "0.01", "size": "69.61", "side": "BUY", "hash": "85efbf9d3cfa3ce7e12e253e8c7275dc290d0f82", "best_bid": "0.04", "best_ask": "0.96"}, {"asset_id": "100356396609196682650771077285492448506201335687494546617889883901277102614517", "price": "0.99", "size": "69.61", "side": "SELL", "hash": "c544624f5ecdcc9bfa7f221d61f6b9cd57c5545a", "best_bid": "0.04", "best_ask": "0.96"}], "timestamp": "1769384609377", "event_type": "price_change"}}
{"_local_timestamp": "2026-01-25T23:43:34.940825+00:00", "data": {"market": "0x5f688e7a0f4eb7fc71ddec0fe044da8fb7b8737d75f27b9a675cd894897718b6", "price_changes": [{"asset_id": "42347792632529314087337453310563689621032224655508626964373601540157695885235", "price": "0.05", "size": "0", "side": "BUY", "hash": "8e56675d91a67403984e4a6a2c103ddc5aeb3672", "best_bid": "0.06", "best_ask": "0.96"}, {"asset_id": "47501677235615677626832545378049314732666476069842432032197968521739840110857", "price": "0.95", "size": "0", "side": "SELL", "hash": "34ddca051d4608e263bd4cb7cffc536833c571fc", "best_bid": "0.04", "best_ask": "0.94"}], "timestamp": "1769384614822", "event_type": "price_change"}}
{"_local_timestamp": "2026-01-25T23:43:35.728103+00:00", "data": {"market": "0x175e69177f2d7cf02fdcff16e202961f9612a09ff33971aec03d05020a0b1199", "price_changes": [{"asset_id": "28761157267249667115897213561611371340131595039131543470941370155164195151512", "price": "0.05", "size": "23.99", "side": "BUY", "hash": "fc84e62d9d0d2d901f4838e2117c88bf2bb05f1a", "best_bid": "0.05", "best_ask": "0.96"}, {"asset_id": "60887569837508291295916655730396920686005600529125093632172877356146679344714", "price": "0.95", "size": "23.99", "side": "SELL", "hash": "cb4afa31d7c4f598c3868a24dba8214bb58a55ee", "best_bid": "0.04", "best_ask": "0.95"}], "timestamp": "1769384615601", "event_type": "price_change"}}
{"_local_timestamp": "2026-01-25T23:43:35.728598+00:00", "data": {"market": "0x3d592ce41a32dfc924149d132c4a51e1aa4712c5138b7a4e0ba9c9d561807bf4", "price_changes": [{"asset_id": "78259657010365916953250002457662228306734521902918228244730548278292542564760", "price": "0.05", "size": "23.99", "side": "BUY", "hash": "90113eafe89a65f963491f71ab25ea97a3a3b4b4", "best_bid": "0.05", "best_ask": "0.96"}, {"asset_id": "32745122141225860980404681195677204979156452342821108988625381214229399112942", "price": "0.95", "size": "23.99", "side": "SELL", "hash": "6cbfc48ff6fc2bc8d44b0993f8cbb79676f0f9b0", "best_bid": "0.04", "best_ask": "0.95"}], "timestamp": "1769384615601", "event_type": "price_change"}}
{"_local_timestamp": "2026-01-25T23:43:35.729014+00:00", "data": {"market": "0x25ff665a44449d08d4184d2fd42230901b839566c696232f49790b7c8e924550", "price_changes": [{"asset_id": "95156585720657261905790035439287311689889186408937935010455720168308091840688", "price": "0.05", "size": "23.99", "side": "BUY", "hash": "256c9b330a6fb2f41165be301aadfe402980f160", "best_bid": "0.05", "best_ask": "0.96"}, {"asset_id": "69560367679296271699770279135842959181114618593422448154814588031014098432144", "price": "0.95", "size": "23.99", "side": "SELL", "hash": "c59674430c8ea27a16d1c04e5e91795051c95bf0", "best_bid": "0.04", "best_ask": "0.95"}], "timestamp": "1769384615601", "event_type": "price_change"}}
{"_local_timestamp": "2026-01-25T23:43:35.729445+00:00", "data": {"market": "0x33267893b9fa8f0f711c6d0e86356c5a77dafe2b640f61547c67be6b8d4dfc0f", "price_changes": [{"asset_id": "50296918760794917431232153110352098415478987764479553174390004607903287756580", "price": "0.05", "size": "23.99", "side": "BUY", "hash": "fb576c955b33e088fa92c2aada7704672a6aed02", "best_bid": "0.05", "best_ask": "0.96"}, {"asset_id": "100356396609196682650771077285492448506201335687494546617889883901277102614517", "price": "0.95", "size": "23.99", "side": "SELL", "hash": "57967f16a31592a9e617a1921645b7914d0bb9c0", "best_bid": "0.04", "best_ask": "0.95"}], "timestamp": "1769384615601", "event_type": "price_change"}}
{"_local_timestamp": "2026-01-25T23:43:35.729917+00:00", "data": {"market": "0x27793ee494c547df71f7131e11a3d5124c258c83ca09dd3f8dab1d98bc7baae0", "price_changes": [{"asset_id": "41325717620769777066345905541078062182376820446307588363978091074836165824932", "price": "0.05", "size": "23.99", "side": "BUY", "hash": "9208c1176a4c9fc98e4468d670d0aad7f60bfa82", "best_bid": "0.05", "best_ask": "0.96"}, {"asset_id": "79918837423908735992540984013067664248484145666314798167265711979529288274675", "price": "0.95", "size": "23.99", "side": "SELL", "hash": "64b0f63c801230879213fc83d309e5ff6a70f313", "best_bid": "0.04", "best_ask": "0.95"}], "timestamp": "1769384615601", "event_type": "price_change"}}
{"_local_timestamp": "2026-01-25T23:43:35.730421+00:00", "data": {"market": "0xa1b9d7fff200e84bcf2684a443bf40ed2b665c50a4fbb2439d08de4fd785350a", "price_changes": [{"asset_id": "77080769017483600787817881033334646523397288202305488639707173409532353448610", "price": "0.05", "size": "23.99", "side": "BUY", "hash": "40d3c0dd7dc113415b9f40834b66a91126c2ce2d", "best_bid": "0.05", "best_ask": "0.96"}, {"asset_id": "30717654372154121348143058376388972354073953535024422936548346590563545276696", "price": "0.95", "size": "23.99", "side": "SELL", "hash": "6f1c04b0e048122b592aee300f5b7c9bc3632b52", "best_bid": "0.04", "best_ask": "0.95"}], "timestamp": "1769384615601", "event_type": "price_change"}}
{"_local_timestamp": "2026-01-25T23:43:35.768343+00:00", "data": {"market": "0xcf66c59fc45624eba5a0b3868772dc91fbddabf505e01a397c20f4520081f1a0", "price_changes": [{"asset_id": "103824925532990605151636793524095411831792323686698247325142256728614490798614", "price": "0.05", "size": "23.99", "side": "BUY", "hash": "0da96f6bd71b59b5d2288f771bef9ef90b32a399", "best_bid": "0.05", "best_ask": "0.96"}, {"asset_id": "54961469773013489461056927051811782705138901895193858133493599641666328502532", "price": "0.95", "size": "23.99", "side": "SELL", "hash": "eddc4501444303c7eb9a0dfc02e5d2f421956fdc", "best_bid": "0.04", "best_ask": "0.95"}], "timestamp": "1769384615601", "event_type": "price_change"}}
{"_local_timestamp": "2026-01-25T23:43:36.031430+00:00", "data": {"market": "0xdfa7b19fbcb59b92c3bec0e621e1e418955ea5a0a423a2ef3408e79d3eba96fe", "price_changes": [{"asset_id": "99450121280464766854817052996598820423505147873666527053713493691156472290880", "price": "0.05", "size": "23.99", "side": "BUY", "hash": "bbbfe6bf6e4673e87d169f93ed429a861138b9e9", "best_bid": "0.05", "best_ask": "0.97"}, {"asset_id": "58431102899607910291415088402464650122181979137323137024435096103623983815045", "price": "0.95", "size": "23.99", "side": "SELL", "hash": "a2a33dbf439702222aca28b7a81749c70bde5eb5", "best_bid": "0.03", "best_ask": "0.95"}], "timestamp": "1769384615895", "event_type": "price_change"}}
{"_local_timestamp": "2026-01-25T23:43:39.933326+00:00", "data": {"market": "0x33267893b9fa8f0f711c6d0e86356c5a77dafe2b640f61547c67be6b8d4dfc0f", "price_changes": [{"asset_id": "50296918760794917431232153110352098415478987764479553174390004607903287756580", "price": "0.04", "size": "0", "side": "BUY", "hash": "f2a734b320c8caac7b4a1deeceebaeaba84d3308", "best_bid": "0.05", "best_ask": "0.96"}, {"asset_id": "100356396609196682650771077285492448506201335687494546617889883901277102614517", "price": "0.96", "size": "0", "side": "SELL", "hash": "3c9d572e069c131a3263f912c2efbb007d205f90", "best_bid": "0.04", "best_ask": "0.95"}], "timestamp": "1769384619812", "event_type": "price_change"}}
{"_local_timestamp": "2026-01-25T23:43:39.933871+00:00", "data": {"market": "0x27793ee494c547df71f7131e11a3d5124c258c83ca09dd3f8dab1d98bc7baae0", "price_changes": [{"asset_id": "41325717620769777066345905541078062182376820446307588363978091074836165824932", "price": "0.04", "size": "0", "side": "BUY", "hash": "a0d04b5954bd741dc0eb8507bc23a16fbd2b2c2c", "best_bid": "0.05", "best_ask": "0.96"}, {"asset_id": "79918837423908735992540984013067664248484145666314798167265711979529288274675", "price": "0.96", "size": "0", "side": "SELL", "hash": "6b39c5b38c2a756c6fde683860822603fa44ad0e", "best_bid": "0.04", "best_ask": "0.95"}], "timestamp": "1769384619812", "event_type": "price_change"}}
{"_local_timestamp": "2026-01-25T23:43:39.934264+00:00", "data": {"market": "0x3d592ce41a32dfc924149d132c4a51e1aa4712c5138b7a4e0ba9c9d561807bf4", "price_changes": [{"asset_id": "78259657010365916953250002457662228306734521902918228244730548278292542564760", "price": "0.04", "size": "0", "side": "BUY", "hash": "bf99858c640d7a511749884ba5775ac974a13bfa", "best_bid": "0.05", "best_ask": "0.96"}, {"asset_id": "32745122141225860980404681195677204979156452342821108988625381214229399112942", "price": "0.96", "size": "0", "side": "SELL", "hash": "51423cfb543c5b07c6998e669146adbf2e47d3cf", "best_bid": "0.04", "best_ask": "0.95"}], "timestamp": "1769384619812", "event_type": "price_change"}}
{"_local_timestamp": "2026-01-25T23:43:39.938980+00:00", "data": {"market": "0x25ff665a44449d08d4184d2fd42230901b839566c696232f49790b7c8e924550", "price_changes": [{"asset_id": "95156585720657261905790035439287311689889186408937935010455720168308091840688", "price": "0.04", "size": "0", "side": "BUY", "hash": "5eb4245443cab9f94876af95602cf169f4fa93cf", "best_bid": "0.05", "best_ask": "0.96"}, {"asset_id": "69560367679296271699770279135842959181114618593422448154814588031014098432144", "price": "0.96", "size": "0", "side": "SELL", "hash": "5ca50e31569e601c6afd95c82f91d41fed16251c", "best_bid": "0.04", "best_ask": "0.95"}], "timestamp": "1769384619813", "event_type": "price_change"}}
{"_local_timestamp": "2026-01-25T23:43:39.939440+00:00", "data": {"market": "0xdfa7b19fbcb59b92c3bec0e621e1e418955ea5a0a423a2ef3408e79d3eba96fe", "price_changes": [{"asset_id": "99450121280464766854817052996598820423505147873666527053713493691156472290880", "price": "0.04", "size": "0", "side": "BUY", "hash": "ece63e6fa08c868392d75ab1e732ed27594bb68b", "best_bid": "0.05", "best_ask": "0.97"}, {"asset_id": "58431102899607910291415088402464650122181979137323137024435096103623983815045", "price": "0.96", "size": "0", "side": "SELL", "hash": "3c9728955a824e98fb56d50753a139ca683b10ae", "best_bid": "0.03", "best_ask": "0.95"}], "timestamp": "1769384619812", "event_type": "price_change"}}
{"_local_timestamp": "2026-01-25T23:43:39.939847+00:00", "data": {"market": "0xa1b9d7fff200e84bcf2684a443bf40ed2b665c50a4fbb2439d08de4fd785350a", "price_changes": [{"asset_id": "77080769017483600787817881033334646523397288202305488639707173409532353448610", "price": "0.04", "size": "0", "side": "BUY", "hash": "c75e2800759df9b259fa83752228ef861a68482d", "best_bid": "0.05", "best_ask": "0.96"}, {"asset_id": "30717654372154121348143058376388972354073953535024422936548346590563545276696", "price": "0.96", "size": "0", "side": "SELL", "hash": "435b6e5bf211dc4d7ddf1530268291cd551bbb6a", "best_bid": "0.04", "best_ask": "0.95"}], "timestamp": "1769384619812", "event_type": "price_change"}}
{"_local_timestamp": "2026-01-25T23:43:39.947338+00:00", "data": {"market": "0xcf66c59fc45624eba5a0b3868772dc91fbddabf505e01a397c20f4520081f1a0", "price_changes": [{"asset_id": "103824925532990605151636793524095411831792323686698247325142256728614490798614", "price": "0.04", "size": "0", "side": "BUY", "hash": "ad89a8305f2d4d43ff751dbf71b7b87f2a8d92ab", "best_bid": "0.05", "best_ask": "0.96"}, {"asset_id": "54961469773013489461056927051811782705138901895193858133493599641666328502532", "price": "0.96", "size": "0", "side": "SELL", "hash": "773c478f851704728d418b7acae08e05ca4c8b79", "best_bid": "0.04", "best_ask": "0.95"}], "timestamp": "1769384619812", "event_type": "price_change"}}
{"_local_timestamp": "2026-01-25T23:43:39.947849+00:00", "data": {"market": "0x175e69177f2d7cf02fdcff16e202961f9612a09ff33971aec03d05020a0b1199", "price_changes": [{"asset_id": "28761157267249667115897213561611371340131595039131543470941370155164195151512", "price": "0.04", "size": "0", "side": "BUY", "hash": "4ded918f2d62ef8a806b9e205b363108b66cf1ac", "best_bid": "0.05", "best_ask": "0.96"}, {"asset_id": "60887569837508291295916655730396920686005600529125093632172877356146679344714", "price": "0.96", "size": "0", "side": "SELL", "hash": "2195dbcbb510fe6d9128b24e8554dbf47aaf72e7", "best_bid": "0.04", "best_ask": "0.95"}], "timestamp": "1769384619812", "event_type": "price_change"}}
{"_local_timestamp": "2026-01-25T23:43:40.021827+00:00", "data": {"market": "0xdfa7b19fbcb59b92c3bec0e621e1e418955ea5a0a423a2ef3408e79d3eba96fe", "price_changes": [{"asset_id": "99450121280464766854817052996598820423505147873666527053713493691156472290880", "price": "0.06", "size": "5.47", "side": "BUY", "hash": "97175360802674fc427f8431adfe3d93c9575af9", "best_bid": "0.06", "best_ask": "0.97"}, {"asset_id": "58431102899607910291415088402464650122181979137323137024435096103623983815045", "price": "0.94", "size": "5.47", "side": "SELL", "hash": "78d8adb18da9218a3a19ebb14b81e94c0529f4a1", "best_bid": "0.03", "best_ask": "0.94"}], "timestamp": "1769384619897", "event_type": "price_change"}}
{"_local_timestamp": "2026-01-25T23:43:40.022342+00:00", "data": {"market": "0x25ff665a44449d08d4184d2fd42230901b839566c696232f49790b7c8e924550", "price_changes": [{"asset_id": "95156585720657261905790035439287311689889186408937935010455720168308091840688", "price": "0.06", "size": "5.47", "side": "BUY", "hash": "ac349c674280eee4f0c5bf9a77d1fcadf8bb9f6b", "best_bid": "0.06", "best_ask": "0.96"}, {"asset_id": "69560367679296271699770279135842959181114618593422448154814588031014098432144", "price": "0.94", "size": "5.47", "side": "SELL", "hash": "4d6569e51a1d8823afdda7c67eb9738f59ed77d2", "best_bid": "0.04", "best_ask": "0.94"}], "timestamp": "1769384619897", "event_type": "price_change"}}
{"_local_timestamp": "2026-01-25T23:43:40.110818+00:00", "data": {"market": "0x27793ee494c547df71f7131e11a3d5124c258c83ca09dd3f8dab1d98bc7baae0", "price_changes": [{"asset_id": "41325717620769777066345905541078062182376820446307588363978091074836165824932", "price": "0.06", "size": "5.47", "side": "BUY", "hash": "1aefbe3eb9aab8c7d257066cfe265489a47515dd", "best_bid": "0.06", "best_ask": "0.96"}, {"asset_id": "79918837423908735992540984013067664248484145666314798167265711979529288274675", "price": "0.94", "size": "5.47", "side": "SELL", "hash": "c6c7bcac253a9b666b2c1527c783df47324fb76b", "best_bid": "0.04", "best_ask": "0.94"}], "timestamp": "1769384619942", "event_type": "price_change"}}
{"_local_timestamp": "2026-01-25T23:43:40.115044+00:00", "data": {"market": "0x3d592ce41a32dfc924149d132c4a51e1aa4712c5138b7a4e0ba9c9d561807bf4", "price_changes": [{"asset_id": "78259657010365916953250002457662228306734521902918228244730548278292542564760", "price": "0.06", "size": "5.47", "side": "BUY", "hash": "d6a480871af839b6016faa93cd19e078cbe78254", "best_bid": "0.06", "best_ask": "0.96"}, {"asset_id": "32745122141225860980404681195677204979156452342821108988625381214229399112942", "price": "0.94", "size": "5.47", "side": "SELL", "hash": "48f15544c94cde4865336324d51c578d21c5026c", "best_bid": "0.04", "best_ask": "0.94"}], "timestamp": "1769384619942", "event_type": "price_change"}}
{"_local_timestamp": "2026-01-25T23:43:40.117184+00:00", "data": {"market": "0x33267893b9fa8f0f711c6d0e86356c5a77dafe2b640f61547c67be6b8d4dfc0f", "price_changes": [{"asset_id": "50296918760794917431232153110352098415478987764479553174390004607903287756580", "price": "0.06", "size": "5.47", "side": "BUY", "hash": "03edc84f94e9b007b37024d9555d49f3ebc5888a", "best_bid": "0.06", "best_ask": "0.96"}, {"asset_id": "100356396609196682650771077285492448506201335687494546617889883901277102614517", "price": "0.94", "size": "5.47", "side": "SELL", "hash": "d50cba26ca617e4788bbfbd1ed0d56568580d254", "best_bid": "0.04", "best_ask": "0.94"}], "timestamp": "1769384619942", "event_type": "price_change"}}
{"_local_timestamp": "2026-01-25T23:43:40.118786+00:00", "data": {"market": "0x175e69177f2d7cf02fdcff16e202961f9612a09ff33971aec03d05020a0b1199", "price_changes": [{"asset_id": "28761157267249667115897213561611371340131595039131543470941370155164195151512", "price": "0.06", "size": "5.47", "side": "BUY", "hash": "a5402a65bd980c5f68b70ead5d5d0f9acd7d725c", "best_bid": "0.06", "best_ask": "0.96"}, {"asset_id": "60887569837508291295916655730396920686005600529125093632172877356146679344714", "price": "0.94", "size": "5.47", "side": "SELL", "hash": "1387bbf8e6f757b52eb92de9058267c9c9ac1419", "best_bid": "0.04", "best_ask": "0.94"}], "timestamp": "1769384619942", "event_type": "price_change"}}
{"_local_timestamp": "2026-01-25T23:43:40.119610+00:00", "data": {"market": "0xcf66c59fc45624eba5a0b3868772dc91fbddabf505e01a397c20f4520081f1a0", "price_changes": [{"asset_id": "103824925532990605151636793524095411831792323686698247325142256728614490798614", "price": "0.06", "size": "5.47", "side": "BUY", "hash": "692fa7229fb3ac2133cbc8ad381c86dade2383e2", "best_bid": "0.06", "best_ask": "0.96"}, {"asset_id": "54961469773013489461056927051811782705138901895193858133493599641666328502532", "price": "0.94", "size": "5.47", "side": "SELL", "hash": "ffa29bfb4cced64a2f1520a808fe855095f7db4e", "best_bid": "0.04", "best_ask": "0.94"}], "timestamp": "1769384619942", "event_type": "price_change"}}
{"_local_timestamp": "2026-01-25T23:43:40.120222+00:00", "data": {"market": "0xa1b9d7fff200e84bcf2684a443bf40ed2b665c50a4fbb2439d08de4fd785350a", "price_changes": [{"asset_id": "77080769017483600787817881033334646523397288202305488639707173409532353448610", "price": "0.06", "size": "5.47", "side": "BUY", "hash": "d34bed73ee3a72a709fde3595f64ff4955c2f857", "best_bid": "0.06", "best_ask": "0.96"}, {"asset_id": "30717654372154121348143058376388972354073953535024422936548346590563545276696", "price": "0.94", "size": "5.47", "side": "SELL", "hash": "6e032066eb5a6161ec754cf1b3c34764e17b60a9", "best_bid": "0.04", "best_ask": "0.94"}], "timestamp": "1769384619942", "event_type": "price_change"}}
{"_local_timestamp": "2026-01-25T23:43:42.765786+00:00", "data": {"market": "0xdfa7b19fbcb59b92c3bec0e621e1e418955ea5a0a423a2ef3408e79d3eba96fe", "price_changes": [{"asset_id": "99450121280464766854817052996598820423505147873666527053713493691156472290880", "price": "0.03", "size": "9.8", "side": "BUY", "hash": "3eff719429cb0dfd53327da7c547fa1f11eafbe2", "best_bid": "0.06", "best_ask": "0.97"}, {"asset_id": "58431102899607910291415088402464650122181979137323137024435096103623983815045", "price": "0.97", "size": "9.8", "side": "SELL", "hash": "ee1b175f038564c87ab3de1c1744861671f44015", "best_bid": "0.03", "best_ask": "0.94"}], "timestamp": "1769384622441", "event_type": "price_change"}}
{"_local_timestamp": "2026-01-25T23:43:43.148362+00:00", "data": {"market": "0xdfa7b19fbcb59b92c3bec0e621e1e418955ea5a0a423a2ef3408e79d3eba96fe", "price_changes": [{"asset_id": "99450121280464766854817052996598820423505147873666527053713493691156472290880", "price": "0.06", "size": "12.28", "side": "BUY", "hash": "696b80ffd0a48cd019fff4612edef68f2ab92c40", "best_bid": "0.06", "best_ask": "0.97"}, {"asset_id": "58431102899607910291415088402464650122181979137323137024435096103623983815045", "price": "0.94", "size": "12.28", "side": "SELL", "hash": "88900403abe975a0726c1aaf190ed17f2c1b6e68", "best_bid": "0.03", "best_ask": "0.94"}], "timestamp": "1769384623045", "event_type": "price_change"}}
{"_local_timestamp": "2026-01-25T23:44:06.790620+00:00", "data": {"market": "0xdfa7b19fbcb59b92c3bec0e621e1e418955ea5a0a423a2ef3408e79d3eba96fe", "price_changes": [{"asset_id": "99450121280464766854817052996598820423505147873666527053713493691156472290880", "price": "0.06", "size": "5.47", "side": "BUY", "hash": "dde8a68db744315e74e440cd57097443846512c5", "best_bid": "0.06", "best_ask": "0.97"}, {"asset_id": "58431102899607910291415088402464650122181979137323137024435096103623983815045", "price": "0.94", "size": "5.47", "side": "SELL", "hash": "420c825dd6f3a382835a46a16dc0405fbd6b4a8f", "best_bid": "0.03", "best_ask": "0.94"}], "timestamp": "1769384646644", "event_type": "price_change"}}
{"_local_timestamp": "2026-01-25T23:45:09.444998+00:00", "data": {"market": "0x27793ee494c547df71f7131e11a3d5124c258c83ca09dd3f8dab1d98bc7baae0", "price_changes": [{"asset_id": "41325717620769777066345905541078062182376820446307588363978091074836165824932", "price": "0.05", "size": "0", "side": "BUY", "hash": "e0e29c22ee5c37568f7d3e74eda05b3037360b92", "best_bid": "0.06", "best_ask": "0.96"}, {"asset_id": "79918837423908735992540984013067664248484145666314798167265711979529288274675", "price": "0.95", "size": "0", "side": "SELL", "hash": "53c6d88c103c4fa3fca41eff9cb436dc9db08141", "best_bid": "0.04", "best_ask": "0.94"}], "timestamp": "1769384709371", "event_type": "price_change"}}
{"_local_timestamp": "2026-01-25T23:45:09.536252+00:00", "data": {"market": "0x33267893b9fa8f0f711c6d0e86356c5a77dafe2b640f61547c67be6b8d4dfc0f", "price_changes": [{"asset_id": "50296918760794917431232153110352098415478987764479553174390004607903287756580", "price": "0.05", "size": "0", "side": "BUY", "hash": "937e48ceb1f3f35ef14243596c983ff423d13d71", "best_bid": "0.06", "best_ask": "0.96"}, {"asset_id": "100356396609196682650771077285492448506201335687494546617889883901277102614517", "price": "0.95", "size": "0", "side": "SELL", "hash": "b23bd39760fcd96fa2fee7397f25d45b7844828f", "best_bid": "0.04", "best_ask": "0.94"}], "timestamp": "1769384709470", "event_type": "price_change"}}
{"_local_timestamp": "2026-01-25T23:45:09.536835+00:00", "data": {"market": "0x3d592ce41a32dfc924149d132c4a51e1aa4712c5138b7a4e0ba9c9d561807bf4", "price_changes": [{"asset_id": "78259657010365916953250002457662228306734521902918228244730548278292542564760", "price": "0.05", "size": "0", "side": "BUY", "hash": "ca791a3befcfeb77180bde5d3c6452b2e310e281", "best_bid": "0.06", "best_ask": "0.96"}, {"asset_id": "32745122141225860980404681195677204979156452342821108988625381214229399112942", "price": "0.95", "size": "0", "side": "SELL", "hash": "d0eb8f5eb46a1a5a76273f59b7fc12843e64e5c5", "best_bid": "0.04", "best_ask": "0.94"}], "timestamp": "1769384709470", "event_type": "price_change"}}
{"_local_timestamp": "2026-01-25T23:45:09.537318+00:00", "data": {"market": "0x175e69177f2d7cf02fdcff16e202961f9612a09ff33971aec03d05020a0b1199", "price_changes": [{"asset_id": "28761157267249667115897213561611371340131595039131543470941370155164195151512", "price": "0.05", "size": "0", "side": "BUY", "hash": "c5be2bae8a0fd308d2476997d3190a25e5ad309c", "best_bid": "0.06", "best_ask": "0.96"}, {"asset_id": "60887569837508291295916655730396920686005600529125093632172877356146679344714", "price": "0.95", "size": "0", "side": "SELL", "hash": "626cfe880ebc263174060c346aaec9de19a68973", "best_bid": "0.04", "best_ask": "0.94"}], "timestamp": "1769384709470", "event_type": "price_change"}}
{"_local_timestamp": "2026-01-25T23:45:09.537800+00:00", "data": {"market": "0x25ff665a44449d08d4184d2fd42230901b839566c696232f49790b7c8e924550", "price_changes": [{"asset_id": "95156585720657261905790035439287311689889186408937935010455720168308091840688", "price": "0.05", "size": "0", "side": "BUY", "hash": "b6230ff79165fa7a06bf6a7b085d3354650b246f", "best_bid": "0.06", "best_ask": "0.96"}, {"asset_id": "69560367679296271699770279135842959181114618593422448154814588031014098432144", "price": "0.95", "size": "0", "side": "SELL", "hash": "4cebc586e87c7cd85971f45555ff43c80322ad1d", "best_bid": "0.04", "best_ask": "0.94"}], "timestamp": "1769384709470", "event_type": "price_change"}}
{"_local_timestamp": "2026-01-25T23:45:09.538318+00:00", "data": {"market": "0xa1b9d7fff200e84bcf2684a443bf40ed2b665c50a4fbb2439d08de4fd785350a", "price_changes": [{"asset_id": "77080769017483600787817881033334646523397288202305488639707173409532353448610", "price": "0.05", "size": "0", "side": "BUY", "hash": "181196e7cbee4b2402d8e6256f67976d5d84fdf7", "best_bid": "0.06", "best_ask": "0.96"}, {"asset_id": "30717654372154121348143058376388972354073953535024422936548346590563545276696", "price": "0.95", "size": "0", "side": "SELL", "hash": "d925e5d61e850d45fd1462db0ca57e579c185761", "best_bid": "0.04", "best_ask": "0.94"}], "timestamp": "1769384709470", "event_type": "price_change"}}
{"_local_timestamp": "2026-01-25T23:45:09.636514+00:00", "data": {"market": "0xcf66c59fc45624eba5a0b3868772dc91fbddabf505e01a397c20f4520081f1a0", "price_changes": [{"asset_id": "103824925532990605151636793524095411831792323686698247325142256728614490798614", "price": "0.05", "size": "0", "side": "BUY", "hash": "609dceab07df0b2ef60ca05d88aaf41fa6882da1", "best_bid": "0.06", "best_ask": "0.96"}, {"asset_id": "54961469773013489461056927051811782705138901895193858133493599641666328502532", "price": "0.95", "size": "0", "side": "SELL", "hash": "e1740cdd199b6ba9379902a1aae8536befca83c0", "best_bid": "0.04", "best_ask": "0.94"}], "timestamp": "1769384709563", "event_type": "price_change"}}
{"_local_timestamp": "2026-01-25T23:45:09.730408+00:00", "data": {"market": "0xdfa7b19fbcb59b92c3bec0e621e1e418955ea5a0a423a2ef3408e79d3eba96fe", "price_changes": [{"asset_id": "99450121280464766854817052996598820423505147873666527053713493691156472290880", "price": "0.05", "size": "0", "side": "BUY", "hash": "c991bacafe9c8e344ad3994b33bc971d7eeb0089", "best_bid": "0.06", "best_ask": "0.97"}, {"asset_id": "58431102899607910291415088402464650122181979137323137024435096103623983815045", "price": "0.95", "size": "0", "side": "SELL", "hash": "582486c77a3aa12c8085704c9ffa279303068441", "best_bid": "0.03", "best_ask": "0.94"}], "timestamp": "1769384709664", "event_type": "price_change"}}
{"_local_timestamp": "2026-01-25T23:45:10.631490+00:00", "data": {"market": "0x9f9195da64dfbd6a747175e111016fcc290e69b60adb8832ca9b05f461054b34", "price_changes": [{"asset_id": "90077007167598244410823278461090554735976924102873193770652761319939404389385", "price": "0.05", "size": "23.99", "side": "BUY", "hash": "f8848fe3bc81530fefac2dee2f08eaf19fb2d4ee", "best_bid": "0.05", "best_ask": "0.96"}, {"asset_id": "43235516429326289661214648331504147646258423333135138470035182901331080100043", "price": "0.95", "size": "23.99", "side": "SELL", "hash": "45555a535b09c8a982004bd5b996176d83176dcc", "best_bid": "0.04", "best_ask": "0.95"}], "timestamp": "1769384710546", "event_type": "price_change"}}
{"_local_timestamp": "2026-01-25T23:45:11.843007+00:00", "data": {"market": "0xcf66c59fc45624eba5a0b3868772dc91fbddabf505e01a397c20f4520081f1a0", "price_changes": [{"asset_id": "103824925532990605151636793524095411831792323686698247325142256728614490798614", "price": "0.06", "size": "0", "side": "BUY", "hash": "8cb7f90c9e0750361b0e96beb8aa11c00df06f53", "best_bid": "0.03", "best_ask": "0.96"}, {"asset_id": "54961469773013489461056927051811782705138901895193858133493599641666328502532", "price": "0.94", "size": "0", "side": "SELL", "hash": "5b0ee74da49306146f459b3a8047003286bf6fa2", "best_bid": "0.04", "best_ask": "0.97"}], "timestamp": "1769384711771", "event_type": "price_change"}}
{"_local_timestamp": "2026-01-25T23:45:11.853008+00:00", "data": {"market": "0x175e69177f2d7cf02fdcff16e202961f9612a09ff33971aec03d05020a0b1199", "price_changes": [{"asset_id": "28761157267249667115897213561611371340131595039131543470941370155164195151512", "price": "0.06", "size": "0", "side": "BUY", "hash": "5808ab5c072d78939bce171495ecc19d06c8558d", "best_bid": "0.03", "best_ask": "0.96"}, {"asset_id": "60887569837508291295916655730396920686005600529125093632172877356146679344714", "price": "0.94", "size": "0", "side": "SELL", "hash": "40d03ac3c85cf20aae730862c553040d525df006", "best_bid": "0.04", "best_ask": "0.97"}], "timestamp": "1769384711771", "event_type": "price_change"}}
{"_local_timestamp": "2026-01-25T23:45:11.854345+00:00", "data": {"market": "0xdfa7b19fbcb59b92c3bec0e621e1e418955ea5a0a423a2ef3408e79d3eba96fe", "price_changes": [{"asset_id": "99450121280464766854817052996598820423505147873666527053713493691156472290880", "price": "0.06", "size": "0", "side": "BUY", "hash": "d59bee4c5b7f0fc6e43a7454ef4ce5ac58950856", "best_bid": "0.03", "best_ask": "0.97"}, {"asset_id": "58431102899607910291415088402464650122181979137323137024435096103623983815045", "price": "0.94", "size": "0", "side": "SELL", "hash": "4bf8122de0496bd289eca9700b928d69bcf751d2", "best_bid": "0.03", "best_ask": "0.97"}], "timestamp": "1769384711771", "event_type": "price_change"}}
{"_local_timestamp": "2026-01-25T23:45:11.855117+00:00", "data": {"market": "0x3d592ce41a32dfc924149d132c4a51e1aa4712c5138b7a4e0ba9c9d561807bf4", "price_changes": [{"asset_id": "78259657010365916953250002457662228306734521902918228244730548278292542564760", "price": "0.06", "size": "0", "side": "BUY", "hash": "e13e04134820649c8cf2945181ab30914c577df6", "best_bid": "0.03", "best_ask": "0.96"}, {"asset_id": "32745122141225860980404681195677204979156452342821108988625381214229399112942", "price": "0.94", "size": "0", "side": "SELL", "hash": "45c376f81eb9d63659197f35f4a1c61520920206", "best_bid": "0.04", "best_ask": "0.97"}], "timestamp": "1769384711771", "event_type": "price_change"}}
{"_local_timestamp": "2026-01-25T23:45:11.861512+00:00", "data": {"market": "0xa1b9d7fff200e84bcf2684a443bf40ed2b665c50a4fbb2439d08de4fd785350a", "price_changes": [{"asset_id": "77080769017483600787817881033334646523397288202305488639707173409532353448610", "price": "0.06", "size": "0", "side": "BUY", "hash": "ba450b97c96e172ad081f5beac4d00d69489379f", "best_bid": "0.03", "best_ask": "0.96"}, {"asset_id": "30717654372154121348143058376388972354073953535024422936548346590563545276696", "price": "0.94", "size": "0", "side": "SELL", "hash": "5601f808b025ebedeb8ab8416e089c74c8c84ab6", "best_bid": "0.04", "best_ask": "0.97"}], "timestamp": "1769384711772", "event_type": "price_change"}}
{"_local_timestamp": "2026-01-25T23:45:11.873147+00:00", "data": {"market": "0x27793ee494c547df71f7131e11a3d5124c258c83ca09dd3f8dab1d98bc7baae0", "price_changes": [{"asset_id": "41325717620769777066345905541078062182376820446307588363978091074836165824932", "price": "0.06", "size": "0", "side": "BUY", "hash": "5c7bbff4e9dcdb4fad7571e6ed5ff9204376637d", "best_bid": "0.03", "best_ask": "0.96"}, {"asset_id": "79918837423908735992540984013067664248484145666314798167265711979529288274675", "price": "0.94", "size": "0", "side": "SELL", "hash": "c3844a6f96422c2102e484d9ec46cb7b7d4a9c09", "best_bid": "0.04", "best_ask": "0.97"}], "timestamp": "1769384711771", "event_type": "price_change"}}
{"_local_timestamp": "2026-01-25T23:45:11.874135+00:00", "data": {"market": "0x25ff665a44449d08d4184d2fd42230901b839566c696232f49790b7c8e924550", "price_changes": [{"asset_id": "95156585720657261905790035439287311689889186408937935010455720168308091840688", "price": "0.06", "size": "0", "side": "BUY", "hash": "624e612582f67e4e6bedd826adf8e9b410860d8f", "best_bid": "0.03", "best_ask": "0.96"}, {"asset_id": "69560367679296271699770279135842959181114618593422448154814588031014098432144", "price": "0.94", "size": "0", "side": "SELL", "hash": "f79be81068f562447acce460860d96de939550d2", "best_bid": "0.04", "best_ask": "0.97"}], "timestamp": "1769384711771", "event_type": "price_change"}}
{"_local_timestamp": "2026-01-25T23:45:11.874806+00:00", "data": {"market": "0x33267893b9fa8f0f711c6d0e86356c5a77dafe2b640f61547c67be6b8d4dfc0f", "price_changes": [{"asset_id": "50296918760794917431232153110352098415478987764479553174390004607903287756580", "price": "0.06", "size": "0", "side": "BUY", "hash": "7bd0ba5891371a0c984d18693a7c800babf00082", "best_bid": "0.03", "best_ask": "0.96"}, {"asset_id": "100356396609196682650771077285492448506201335687494546617889883901277102614517", "price": "0.94", "size": "0", "side": "SELL", "hash": "51e40f7289e5996e1ae8a34c87aedb2c85d6d15c", "best_bid": "0.04", "best_ask": "0.97"}], "timestamp": "1769384711772", "event_type": "price_change"}}
{"_local_timestamp": "2026-01-25T23:45:11.956688+00:00", "data": {"market": "0x27793ee494c547df71f7131e11a3d5124c258c83ca09dd3f8dab1d98bc7baae0", "price_changes": [{"asset_id": "41325717620769777066345905541078062182376820446307588363978091074836165824932", "price": "0.04", "size": "5.47", "side": "BUY", "hash": "0eb1b9e166ec0966458981943cd3ac3130ed5e98", "best_bid": "0.04", "best_ask": "0.96"}, {"asset_id": "79918837423908735992540984013067664248484145666314798167265711979529288274675", "price": "0.96", "size": "5.47", "side": "SELL", "hash": "81149a285de32b42bd9c8d0cbadb183ce6f26010", "best_bid": "0.04", "best_ask": "0.96"}], "timestamp": "1769384711886", "event_type": "price_change"}}
{"_local_timestamp": "2026-01-25T23:45:11.957631+00:00", "data": {"market": "0xa1b9d7fff200e84bcf2684a443bf40ed2b665c50a4fbb2439d08de4fd785350a", "price_changes": [{"asset_id": "77080769017483600787817881033334646523397288202305488639707173409532353448610", "price": "0.04", "size": "5.47", "side": "BUY", "hash": "d2d24d7b8d4d65d4178dc79e7617bbe7c93dce3d", "best_bid": "0.04", "best_ask": "0.96"}, {"asset_id": "30717654372154121348143058376388972354073953535024422936548346590563545276696", "price": "0.96", "size": "5.47", "side": "SELL", "hash": "6f3ef35d9f287cde5b00c36023fbd399030d4d49", "best_bid": "0.04", "best_ask": "0.96"}], "timestamp": "1769384711886", "event_type": "price_change"}}
{"_local_timestamp": "2026-01-25T23:45:11.967460+00:00", "data": {"market": "0x25ff665a44449d08d4184d2fd42230901b839566c696232f49790b7c8e924550", "price_changes": [{"asset_id": "95156585720657261905790035439287311689889186408937935010455720168308091840688", "price": "0.04", "size": "5.47", "side": "BUY", "hash": "2536e7dc7d37384410a7a05a264efbb318b9da6b", "best_bid": "0.04", "best_ask": "0.96"}, {"asset_id": "69560367679296271699770279135842959181114618593422448154814588031014098432144", "price": "0.96", "size": "5.47", "side": "SELL", "hash": "5f177fb5b789f8d316a614f55e3aa26c68e94c9b", "best_bid": "0.04", "best_ask": "0.96"}], "timestamp": "1769384711886", "event_type": "price_change"}}
{"_local_timestamp": "2026-01-25T23:45:11.968008+00:00", "data": {"market": "0xcf66c59fc45624eba5a0b3868772dc91fbddabf505e01a397c20f4520081f1a0", "price_changes": [{"asset_id": "103824925532990605151636793524095411831792323686698247325142256728614490798614", "price": "0.04", "size": "5.47", "side": "BUY", "hash": "fe1288483efd6aef3b547762dab6ef4a7fcc38b9", "best_bid": "0.04", "best_ask": "0.96"}, {"asset_id": "54961469773013489461056927051811782705138901895193858133493599641666328502532", "price": "0.96", "size": "5.47", "side": "SELL", "hash": "3fa78b162502741a417af02b29227ab2cd4377f3", "best_bid": "0.04", "best_ask": "0.96"}], "timestamp": "1769384711886", "event_type": "price_change"}}
{"_local_timestamp": "2026-01-25T23:45:11.968501+00:00", "data": {"market": "0x3d592ce41a32dfc924149d132c4a51e1aa4712c5138b7a4e0ba9c9d561807bf4", "price_changes": [{"asset_id": "78259657010365916953250002457662228306734521902918228244730548278292542564760", "price": "0.04", "size": "5.47", "side": "BUY", "hash": "e290542c4cd2d08acd38429e1fc2a4b80e076bb9", "best_bid": "0.04", "best_ask": "0.96"}, {"asset_id": "32745122141225860980404681195677204979156452342821108988625381214229399112942", "price": "0.96", "size": "5.47", "side": "SELL", "hash": "b1ed649802ecc22eeeaa115b02be2669857d107e", "best_bid": "0.04", "best_ask": "0.96"}], "timestamp": "1769384711887", "event_type": "price_change"}}
{"_local_timestamp": "2026-01-25T23:45:11.969135+00:00", "data": {"market": "0xdfa7b19fbcb59b92c3bec0e621e1e418955ea5a0a423a2ef3408e79d3eba96fe", "price_changes": [{"asset_id": "99450121280464766854817052996598820423505147873666527053713493691156472290880", "price": "0.04", "size": "5.47", "side": "BUY", "hash": "934420c6694dcf70c45d139c6d0224720682971b", "best_bid": "0.04", "best_ask": "0.97"}, {"asset_id": "58431102899607910291415088402464650122181979137323137024435096103623983815045", "price": "0.96", "size": "5.47", "side": "SELL", "hash": "065c3763ad9d2a5a661794c7e31fe98be55ac6f9", "best_bid": "0.03", "best_ask": "0.96"}], "timestamp": "1769384711886", "event_type": "price_change"}}
{"_local_timestamp": "2026-01-25T23:45:12.045164+00:00", "data": {"market": "0x33267893b9fa8f0f711c6d0e86356c5a77dafe2b640f61547c67be6b8d4dfc0f", "price_changes": [{"asset_id": "50296918760794917431232153110352098415478987764479553174390004607903287756580", "price": "0.04", "size": "5.47", "side": "BUY", "hash": "47515b8832271e45d277c424bbe84de98d4180db", "best_bid": "0.04", "best_ask": "0.96"}, {"asset_id": "100356396609196682650771077285492448506201335687494546617889883901277102614517", "price": "0.96", "size": "5.47", "side": "SELL", "hash": "174a9335e2807584c1eafd75b415ec9576658097", "best_bid": "0.04", "best_ask": "0.96"}], "timestamp": "1769384711924", "event_type": "price_change"}}
{"_local_timestamp": "2026-01-25T23:45:12.045855+00:00", "data": {"market": "0x175e69177f2d7cf02fdcff16e202961f9612a09ff33971aec03d05020a0b1199", "price_changes": [{"asset_id": "28761157267249667115897213561611371340131595039131543470941370155164195151512", "price": "0.04", "size": "5.47", "side": "BUY", "hash": "a1774f4f0530aed83c59754127405fe0b6f33a18", "best_bid": "0.04", "best_ask": "0.96"}, {"asset_id": "60887569837508291295916655730396920686005600529125093632172877356146679344714", "price": "0.96", "size": "5.47", "side": "SELL", "hash": "e5bab627cebb817d1fd36d261d76ae00670f7241", "best_bid": "0.04", "best_ask": "0.96"}], "timestamp": "1769384711925", "event_type": "price_change"}}
{"_local_timestamp": "2026-01-25T23:45:16.187400+00:00", "data": {"market": "0x9f9195da64dfbd6a747175e111016fcc290e69b60adb8832ca9b05f461054b34", "price_changes": [{"asset_id": "90077007167598244410823278461090554735976924102873193770652761319939404389385", "price": "0.04", "size": "0", "side": "BUY", "hash": "f002716cbcace6f4b42271cfd73b90865f91743b", "best_bid": "0.05", "best_ask": "0.96"}, {"asset_id": "43235516429326289661214648331504147646258423333135138470035182901331080100043", "price": "0.96", "size": "0", "side": "SELL", "hash": "c2af5209d32acf85a7fb2c2882c969c6102a7ebd", "best_bid": "0.04", "best_ask": "0.95"}], "timestamp": "1769384716104", "event_type": "price_change"}}
{"_local_timestamp": "2026-01-25T23:45:16.239356+00:00", "data": {"market": "0x9f9195da64dfbd6a747175e111016fcc290e69b60adb8832ca9b05f461054b34", "price_changes": [{"asset_id": "90077007167598244410823278461090554735976924102873193770652761319939404389385", "price": "0.06", "size": "5.47", "side": "BUY", "hash": "2c28e389fe391cb228468bb8701e5460fd2ad4ba", "best_bid": "0.06", "best_ask": "0.96"}, {"asset_id": "43235516429326289661214648331504147646258423333135138470035182901331080100043", "price": "0.94", "size": "5.47", "side": "SELL", "hash": "d63943cbb0b58c9227c4bdc243a696343c1161af", "best_bid": "0.04", "best_ask": "0.94"}], "timestamp": "1769384716165", "event_type": "price_change"}}
