{"_local_timestamp": "2026-01-25T23:34:23.668097+00:00", "data": [{"market": "0xb60dafb0f279355f3cb0e90d8f104251eea16cade455fbee26065f6a1a7f1705", "asset_id": "20874128056338825407710368983473961183910770485403608543209460185653352280539", "timestamp": "1769383982247", "hash": "d18fe8e71103e842e92cd0942b2b47b78c625efd", "bids": [{"price": "0.01", "size": "21853.48"}, {"price": "0.02", "size": "2202.9"}, {"price": "0.03", "size": "15.83"}, {"price": "0.04", "size": "29.99"}], "asks": [{"price": "0.99", "size": "21841.34"}, {"price": "0.98", "size": "22.15"}, {"price": "0.96", "size": "10.22"}, {"price": "0.95", "size": "5.47"}], "event_type": "book", "last_trade_price": ""}, {"market": "0x9e9f5c1c273c86dc2fde60aae2928add92df55fc00dfa76eddf448dcc876371d", "asset_id": "55391700582162683769019480443915810974335275678067504272537081595792245442890", "timestamp": "1769383981299", "hash": "70492392b6428cb4cd1fb801fe9f94df358c1080", "bids": [{"price": "0.01", "size": "21937.47"}, {"price": "0.03", "size": "29.69"}, {"price": "0.4", "size": "50"}], "asks": [{"price": "0.99", "size": "21939.63"}, {"price": "0.98", "size": "2190.11"}, {"price": "0.97", "size": "28.97"}, {"price": "0.78", "size": "10"}, {"price": "0.75", "size": "50"}], "event_type": "book", "last_trade_price": ""}, {"market": "0x816283b09afa8fb8775b7a31fffd910cd938b5542df0a53490869bbdddbd29e7", "asset_id": "15405520391799992626254133757374921230213697819500438919715689108143699473586", "timestamp": "1769383983025", "hash": "86bed2535a52d166dfa7c4608515d618cebb5674", "bids": [{"price": "0.01", "size": "21848.59"}, {"price": "0.02", "size": "2200.59"}, {"price": "0.03", "size": "18.99"}, {"price": "0.04", "size": "29.99"}], "asks": [{"price": "0.99", "size": "21842.93"}, {"price": "0.98", "size": "8.92"}, {"price": "0.96", "size": "29.99"}, {"price": "0.95", "size": "5.47"}], "event_type": "book", "last_trade_price": ""}, {"market": "0x9e9f5c1c273c86dc2fde60aae2928add92df55fc00dfa76eddf448dcc876371d", "asset_id": "75956139502265441421699819180438283059761837887021594497969055280377012837590", "timestamp": "1769383981299", "hash": "e7a98dea49e2bfeba33ff2c90940a89c2ff92ef2", "bids": [{"price": "0.01", "size": "21939.63"}, {"price": "0.02", "size": "2190.11"}, {"price": "0.03", "size": "28.97"}, {"price": "0.22", "size": "10"}, {"price": "0.25", "size": "50"}], "asks": [{"price": "0.99", "size": "21937.47"}, {"price": "0.97", "size": "29.69"}, {"price": "0.6", "size": "50"}], "event_type": "book", "last_trade_price": ""}, {"market": "0x9d72fefe0a1e7a194dd92c6147ec5457c7ea3ef18b2c120713c15ea291a96fdc", "asset_id": "77897411419485969426768122576625771721302479416855417676067040092564010935119", "timestamp": "1769382204692", "hash": "737c6a7344df96327f672f80dc55b5c8b718efb0", "bids": [{"price": "0.01", "size": "198.81"}, {"price": "0.02", "size": "40.59"}, {"price": "0.05", "size": "15.47"}], "asks": [{"price": "0.99", "size": "198.81"}, {"price": "0.98", "size": "40.59"}, {"price": "0.95", "size": "10"}], "event_type": "book", "last_trade_price": "0.930"}, {"market": "0x5140fa1a0a308d463f27cf70eb9d469ccf07c055e6fbad19c38702533d71e516", "asset_id": "92540576213207870627362137462415519058938244414036662588260726981353640428737", "timestamp": "1769383983025", "hash": "07b9a802e1b6ed50a6cdd4b3406960e0dbe04661", "bids": [{"price": "0.01", "size": "253.12"}, {"price": "0.02", "size": "39.94"}, {"price": "0.04", "size": "29.99"}, {"price": "0.05", "size": "5.47"}], "asks": [{"price": "0.99", "size": "255.04"}, {"price": "0.98", "size": "38.97"}, {"price": "0.96", "size": "29.99"}], "event_type": "book", "last_trade_price": ""}, {"market": "0x5140fa1a0a308d463f27cf70eb9d469ccf07c055e6fbad19c38702533d71e516", "asset_id": "107194712323133987538140428825275677095886921046155341460065104412992238050320", "timestamp": "1769383983025", "hash": "31e7a6c33602be0f684e400bc5a502bf0b8fa64d", "bids": [{"price": "0.01", "size": "255.04"}, {"price": "0.02", "size": "38.97"}, {"price": "0.04", "size": "29.99"}], "asks": [{"price": "0.99", "size": "253.12"}, {"price": "0.98", "size": "39.94"}, {"price": "0.96", "size": "29.99"}, {"price": "0.95", "size": "5.47"}], "event_type": "book", "last_trade_price": ""}, {"market": "0x9d72fefe0a1e7a194dd92c6147ec5457c7ea3ef18b2c120713c15ea291a96fdc", "asset_id": "9950051530709339991020438041651455039837308887587060798234024774681947495511", "timestamp": "1769382204692", "hash": "61ec6dbd7b1fc054bfe69744f33880905c5d63ed", "bids": [{"price": "0.01", "size": "198.81"}, {"price": "0.02", "size": "40.59"}, {"price": "0.05", "size": "10"}], "asks": [{"price": "0.99", "size": "198.81"}, {"price": "0.98", "size": "40.59"}, {"price": "0.95", "size": "15.47"}], "event_type": "book", "last_trade_price": "0.930"}, {"market": "0x816283b09afa8fb8775b7a31fffd910cd938b5542df0a53490869bbdddbd29e7", "asset_id": "1922098415263964459385620026458296193625196427559555571078566266668203852138", "timestamp": "1769383983025", "hash": "bd6b59744940ea9877712de97d2148a856835861", "bids": [{"price": "0.01", "size": "21842.93"}, {"price": "0.02", "size": "8.92"}, {"price": "0.04", "size": "29.99"}, {"price": "0.05", "size": "5.47"}], "asks": [{"price": "0.99", "size": "21848.59"}, {"price": "0.98", "size": "2200.59"}, {"price": "0.97", "size": "18.99"}, {"price": "0.96", "size": "29.99"}], "event_type": "book", "last_trade_price": ""}, {"market": "0xb60dafb0f279355f3cb0e90d8f104251eea16cade455fbee26065f6a1a7f1705", "asset_id": "6783034260219852689485369170295749032060020034678422064426195110276496429145", "timestamp": "1769383982247", "hash": "6e907ad5196bef670fd76bccb759faa637dc2b05", "bids": [{"price": "0.01", "size": "21841.34"}, {"price": "0.02", "size": "22.15"}, {"price": "0.04", "size": "10.22"}, {"price": "0.05", "size": "5.47"}], "asks": [{"price": "0.99", "size": "21853.48"}, {"price": "0.98", "size": "2202.9"}, {"price": "0.97", "size": "15.83"}, {"price": "0.96", "size": "29.99"}], "event_type": "book", "last_trade_price": ""}]}
{"_local_timestamp": "2026-01-25T23:34:33.692807+00:00", "data": {"market": "0x5140fa1a0a308d463f27cf70eb9d469ccf07c055e6fbad19c38702533d71e516", "price_changes": [{"asset_id": "92540576213207870627362137462415519058938244414036662588260726981353640428737", "price": "0.04", "size": "0", "side": "BUY", "hash": "227b678a066f0c2e8f96d8aa25baacee8d0521bc", "best_bid": "0.05", "best_ask": "0.96"}, {"asset_id": "107194712323133987538140428825275677095886921046155341460065104412992238050320", "price": "0.96", "size": "0", "side": "SELL", "hash": "3b7b25b716e5c1aa310753ad8bbad6734bc89c72", "best_bid": "0.04", "best_ask": "0.95"}], "timestamp": "1769384073594", "event_type": "price_change"}}
{"_local_timestamp": "2026-01-25T23:34:33.704834+00:00", "data": {"market": "0x816283b09afa8fb8775b7a31fffd910cd938b5542df0a53490869bbdddbd29e7", "price_changes": [{"asset_id": "1922098415263964459385620026458296193625196427559555571078566266668203852138", "price": "0.04", "size": "0", "side": "BUY", "hash": "a30be5a191d435626d4b5c6f129e8fbc3329569d", "best_bid": "0.05", "best_ask": "0.96"}, {"asset_id": "15405520391799992626254133757374921230213697819500438919715689108143699473586", "price": "0.96", "size": "0", "side": "SELL", "hash": "b8c385da12ba66e6d3dbd76433069d40ed9b337e", "best_bid": "0.04", "best_ask": "0.95"}], "timestamp": "1769384073594", "event_type": "price_change"}}
{"_local_timestamp": "2026-01-25T23:34:35.129882+00:00", "data": {"market": "0x816283b09afa8fb8775b7a31fffd910cd938b5542df0a53490869bbdddbd29e7", "price_changes": [{"asset_id": "1922098415263964459385620026458296193625196427559555571078566266668203852138", "price": "0.05", "size": "0", "side": "BUY", "hash": "bb3a2a10c76511d31ce14015780522353eb2fd6e", "best_bid": "0.02", "best_ask": "0.96"}, {"asset_id": "15405520391799992626254133757374921230213697819500438919715689108143699473586", "price": "0.95", "size": "0", "side": "SELL", "hash": "d1497bc00e1226325e6f9b1d0d6fe6fda3874141", "best_bid": "0.04", "best_ask": "0.98"}], "timestamp": "1769384075057", "event_type": "price_change"}}
{"_local_timestamp": "2026-01-25T23:34:35.130635+00:00", "data": {"market": "0x5140fa1a0a308d463f27cf70eb9d469ccf07c055e6fbad19c38702533d71e516", "price_changes": [{"asset_id": "92540576213207870627362137462415519058938244414036662588260726981353640428737", "price": "0.05", "size": "0", "side": "BUY", "hash": "252c802fe40fc0762c167072c84773b0f79b28e9", "best_bid": "0.02", "best_ask": "0.96"}, {"asset_id": "107194712323133987538140428825275677095886921046155341460065104412992238050320", "price": "0.95", "size": "0", "side": "SELL", "hash": "ffa32c3ae218989a01b6dc6a2028234ae92cbe0b", "best_bid": "0.04", "best_ask": "0.98"}], "timestamp": "1769384075057", "event_type": "price_change"}}
{"_local_timestamp": "2026-01-25T23:34:35.465051+00:00", "data": {"market": "0x816283b09afa8fb8775b7a31fffd910cd938b5542df0a53490869bbdddbd29e7", "price_changes": [{"asset_id": "1922098415263964459385620026458296193625196427559555571078566266668203852138", "price": "0.03", "size": "5.47", "side": "BUY", "hash": "6711f68372a1a492090723c6f226131971511084", "best_bid": "0.03", "best_ask": "0.96"}, {"asset_id": "15405520391799992626254133757374921230213697819500438919715689108143699473586", "price": "0.97", "size": "5.47", "side": "SELL", "hash": "8a97d305e59e94640191318061f4847dfe85d19c", "best_bid": "0.04", "best_ask": "0.97"}], "timestamp": "1769384075389", "event_type": "price_change"}}
{"_local_timestamp": "2026-01-25T23:34:35.465458+00:00", "data": {"market": "0x5140fa1a0a308d463f27cf70eb9d469ccf07c055e6fbad19c38702533d71e516", "price_changes": [{"asset_id": "92540576213207870627362137462415519058938244414036662588260726981353640428737", "price": "0.03", "size": "5.47", "side": "BUY", "hash": "623297331fb0eea421cc4ef75acbf7c788fb0574", "best_bid": "0.03", "best_ask": "0.96"}, {"asset_id": "107194712323133987538140428825275677095886921046155341460065104412992238050320", "price": "0.97", "size": "5.47", "side": "SELL", "hash": "c7d1b0d211ad365baefcb729c616f87e907828dd", "best_bid": "0.04", "best_ask": "0.97"}], "timestamp": "1769384075389", "event_type": "price_change"}}
{"_local_timestamp": "2026-01-25T23:35:41.408591+00:00", "data": {"market": "0x5140fa1a0a308d463f27cf70eb9d469ccf07c055e6fbad19c38702533d71e516", "price_changes": [{"asset_id": "92540576213207870627362137462415519058938244414036662588260726981353640428737", "price": "0.02", "size": "26.08", "side": "BUY", "hash": "9e30b467d592474678c59ddbcb2b8a1d265252b0", "best_bid": "0.03", "best_ask": "0.96"}, {"asset_id": "107194712323133987538140428825275677095886921046155341460065104412992238050320", "price": "0.98", "size": "26.08", "side": "SELL", "hash": "9dd55c46ac71ee9b15b91f4eab4fe8f9d064a3b4", "best_bid": "0.04", "best_ask": "0.97"}], "timestamp": "1769384141342", "event_type": "price_change"}}
{"_local_timestamp": "2026-01-25T23:35:41.666192+00:00", "data": {"market": "0x5140fa1a0a308d463f27cf70eb9d469ccf07c055e6fbad19c38702533d71e516", "price_changes": [{"asset_id": "92540576213207870627362137462415519058938244414036662588260726981353640428737", "price": "0.02", "size": "36.54", "side": "BUY", "hash": "991971789c9bae12d37789f3c5498425ea8fe148", "best_bid": "0.03", "best_ask": "0.96"}, {"asset_id": "107194712323133987538140428825275677095886921046155341460065104412992238050320", "price": "0.98", "size": "36.54", "side": "SELL", "hash": "745072b599f05eceb8f45533e7a291b4068b4ef7", "best_bid": "0.04", "best_ask": "0.97"}], "timestamp": "1769384141603", "event_type": "price_change"}}
{"_local_timestamp": "2026-01-25T23:35:41.669960+00:00", "data": {"market": "0x5140fa1a0a308d463f27cf70eb9d469ccf07c055e6fbad19c38702533d71e516", "price_changes": [{"asset_id": "92540576213207870627362137462415519058938244414036662588260726981353640428737", "price": "0.01", "size": "259.9", "side": "BUY", "hash": "d78c24f2d80f26d41a69cc17e2a00ca64d778463", "best_bid": "0.03", "best_ask": "0.96"}, {"asset_id": "107194712323133987538140428825275677095886921046155341460065104412992238050320", "price": "0.99", "size": "259.9", "side": "SELL", "hash": "1e43fbb65dccbcd3e7df25c5c31c25327b74fb8b", "best_bid": "0.04", "best_ask": "0.97"}], "timestamp": "1769384141604", "event_type": "price_change"}}
{"_local_timestamp": "2026-01-25T23:35:41.838685+00:00", "data": {"market": "0xb60dafb0f279355f3cb0e90d8f104251eea16cade455fbee26065f6a1a7f1705", "price_changes": [{"asset_id": "20874128056338825407710368983473961183910770485403608543209460185653352280539", "price": "0.01", "size": "21826.55", "side": "BUY", "hash": "75ff75c9182945036bbc2a3b2d71fd22f1d04231", "best_bid": "0.04", "best_ask": "0.95"}, {"asset_id": "6783034260219852689485369170295749032060020034678422064426195110276496429145", "price": "0.99", "size": "21826.55", "side": "SELL", "hash": "2751ae94697abc80f3135a2ac6364682ef7b6612", "best_bid": "0.05", "best_ask": "0.96"}], "timestamp": "1769384141771", "event_type": "price_change"}}
{"_local_timestamp": "2026-01-25T23:35:41.839122+00:00", "data": {"market": "0xb60dafb0f279355f3cb0e90d8f104251eea16cade455fbee26065f6a1a7f1705", "price_changes": [{"asset_id": "6783034260219852689485369170295749032060020034678422064426195110276496429145", "price": "0.04", "size": "0", "side": "BUY", "hash": "a612025c24ee93a548d15aee5ad98cf5bd8b0e6d", "best_bid": "0.05", "best_ask": "0.96"}, {"asset_id": "20874128056338825407710368983473961183910770485403608543209460185653352280539", "price": "0.96", "size": "0", "side": "SELL", "hash": "75553e71ee79d203075aa3dbc217ac372ab83e5c", "best_bid": "0.04", "best_ask": "0.95"}], "timestamp": "1769384141771", "event_type": "price_change"}}
{"_local_timestamp": "2026-01-25T23:35:42.212618+00:00", "data": {"market": "0xb60dafb0f279355f3cb0e90d8f104251eea16cade455fbee26065f6a1a7f1705", "price_changes": [{"asset_id": "6783034260219852689485369170295749032060020034678422064426195110276496429145", "price": "0.02", "size": "42.6", "side": "BUY", "hash": "7c672860fadf5203dcf421c553f8ece21c29285e", "best_bid": "0.05", "best_ask": "0.96"}, {"asset_id": "20874128056338825407710368983473961183910770485403608543209460185653352280539", "price": "0.98", "size": "42.6", "side": "SELL", "hash": "396d6faf96ff7445c1ed553041d69d39c5ed7496", "best_bid": "0.04", "best_ask": "0.95"}], "timestamp": "1769384142147", "event_type": "price_change"}}
{"_local_timestamp": "2026-01-25T23:35:42.213054+00:00", "data": {"market": "0xb60dafb0f279355f3cb0e90d8f104251eea16cade455fbee26065f6a1a7f1705", "price_changes": [{"asset_id": "20874128056338825407710368983473961183910770485403608543209460185653352280539", "price": "0.01", "size": "21853.48", "side": "BUY", "hash": "aefcc1637297c2bba5765bcca7edf0bf4963c357", "best_bid": "0.04", "best_ask": "0.95"}, {"asset_id": "6783034260219852689485369170295749032060020034678422064426195110276496429145", "price": "0.99", "size": "21853.48", "side": "SELL", "hash": "9d302a4b0a8c925b6e19be277c1607f1d6701246", "best_bid": "0.05", "best_ask": "0.96"}], "timestamp": "1769384142148", "event_type": "price_change"}}
{"_local_timestamp": "2026-01-25T23:35:42.576219+00:00", "data": {"market": "0x9e9f5c1c273c86dc2fde60aae2928add92df55fc00dfa76eddf448dcc876371d", "price_changes": [{"asset_id": "55391700582162683769019480443915810974335275678067504272537081595792245442890", "price": "0.01", "size": "21926.55", "side": "BUY", "hash": "9a47c191e1435474e7716f57695b589b51bf5b64", "best_bid": "0.4", "best_ask": "0.75"}, {"asset_id": "75956139502265441421699819180438283059761837887021594497969055280377012837590", "price": "0.99", "size": "21926.55", "side": "SELL", "hash": "8cfdf187489aaec1e444cd7e2714d537a863e389", "best_bid": "0.25", "best_ask": "0.6"}], "timestamp": "1769384142503", "event_type": "price_change"}}
{"_local_timestamp": "2026-01-25T23:35:42.576569+00:00", "data": {"market": "0x9e9f5c1c273c86dc2fde60aae2928add92df55fc00dfa76eddf448dcc876371d", "price_changes": [{"asset_id": "55391700582162683769019480443915810974335275678067504272537081595792245442890", "price": "0.03", "size": "0", "side": "BUY", "hash": "9a47c191e1435474e7716f57695b589b51bf5b64", "best_bid": "0.4", "best_ask": "0.75"}, {"asset_id": "75956139502265441421699819180438283059761837887021594497969055280377012837590", "price": "0.97", "size": "0", "side": "SELL", "hash": "8cfdf187489aaec1e444cd7e2714d537a863e389", "best_bid": "0.25", "best_ask": "0.6"}], "timestamp": "1769384142503", "event_type": "price_change"}}
{"_local_timestamp": "2026-01-25T23:35:42.647151+00:00", "data": {"market": "0x9e9f5c1c273c86dc2fde60aae2928add92df55fc00dfa76eddf448dcc876371d", "price_changes": [{"asset_id": "55391700582162683769019480443915810974335275678067504272537081595792245442890", "price": "0.02", "size": "2190.11", "side": "BUY", "hash": "f6eb49ca46f922db2763e49b8a072ec276b0ad6e", "best_bid": "0.4", "best_ask": "0.75"}, {"asset_id": "75956139502265441421699819180438283059761837887021594497969055280377012837590", "price": "0.98", "size": "2190.11", "side": "SELL", "hash": "12d35a4b9c100cde42d13ca7fefc1e6bc7a977bd", "best_bid": "0.25", "best_ask": "0.6"}], "timestamp": "1769384142583", "event_type": "price_change"}}
{"_local_timestamp": "2026-01-25T23:35:42.886932+00:00", "data": {"market": "0x9e9f5c1c273c86dc2fde60aae2928add92df55fc00dfa76eddf448dcc876371d", "price_changes": [{"asset_id": "55391700582162683769019480443915810974335275678067504272537081595792245442890", "price": "0.03", "size": "2270.11", "side": "BUY", "hash": "d6d7452a0d75095654594f14a989231384189779", "best_bid": "0.4", "best_ask": "0.75"}, {"asset_id": "75956139502265441421699819180438283059761837887021594497969055280377012837590", "price": "0.97", "size": "2270.11", "side": "SELL", "hash": "87f1d48e076ae2dfae629671af2ec5ce1e353f33", "best_bid": "0.25", "best_ask": "0.6"}], "timestamp": "1769384142825", "event_type": "price_change"}}
{"_local_timestamp": "2026-01-25T23:35:42.891107+00:00", "data": {"market": "0x9e9f5c1c273c86dc2fde60aae2928add92df55fc00dfa76eddf448dcc876371d", "price_changes": [{"asset_id": "55391700582162683769019480443915810974335275678067504272537081595792245442890", "price": "0.03", "size": "4460.22", "side": "BUY", "hash": "509b4ddd0b81f6bca358e68fb61da546c2c03a59", "best_bid": "0.4", "best_ask": "0.75"}, {"asset_id": "75956139502265441421699819180438283059761837887021594497969055280377012837590", "price": "0.97", "size": "4460.22", "side": "SELL", "hash": "18469f62b441a9f89a94526b3b2e95e7a826ccd0", "best_bid": "0.25", "best_ask": "0.6"}], "timestamp": "1769384142828", "event_type": "price_change"}}
{"_local_timestamp": "2026-01-25T23:35:42.896806+00:00", "data": {"market": "0x9e9f5c1c273c86dc2fde60aae2928add92df55fc00dfa76eddf448dcc876371d", "price_changes": [{"asset_id": "55391700582162683769019480443915810974335275678067504272537081595792245442890", "price": "0.03", "size": "8457.33", "side": "BUY", "hash": "7df7fed56dfb7206dbbc72b4f94eea1260f07c04", "best_bid": "0.4", "best_ask": "0.75"}, {"asset_id": "75956139502265441421699819180438283059761837887021594497969055280377012837590", "price": "0.97", "size": "8457.33", "side": "SELL", "hash": "68f67151b1afddb2cf30594979aa7a2085d10d78", "best_bid": "0.25", "best_ask": "0.6"}], "timestamp": "1769384142830", "event_type": "price_change"}}
{"_local_timestamp": "2026-01-25T23:35:43.303152+00:00", "data": {"market": "0x9e9f5c1c273c86dc2fde60aae2928add92df55fc00dfa76eddf448dcc876371d", "price_changes": [{"asset_id": "55391700582162683769019480443915810974335275678067504272537081595792245442890", "price": "0.01", "size": "21932.14", "side": "BUY", "hash": "445a062f75082eb30485373b084b7df436be51a7", "best_bid": "0.4", "best_ask": "0.75"}, {"asset_id": "75956139502265441421699819180438283059761837887021594497969055280377012837590", "price": "0.99", "size": "21932.14", "side": "SELL", "hash": "17718da18302c2f694386fee28fb9697904b7b79", "best_bid": "0.25", "best_ask": "0.6"}], "timestamp": "1769384143233", "event_type": "price_change"}}
{"_local_timestamp": "2026-01-25T23:35:43.303664+00:00", "data": {"market": "0x9e9f5c1c273c86dc2fde60aae2928add92df55fc00dfa76eddf448dcc876371d", "price_changes": [{"asset_id": "55391700582162683769019480443915810974335275678067504272537081595792245442890", "price": "0.02", "size": "2237.31", "side": "BUY", "hash": "b8d36c363378d398118f0b97de91609a2ed2e643", "best_bid": "0.4", "best_ask": "0.75"}, {"asset_id": "75956139502265441421699819180438283059761837887021594497969055280377012837590", "price": "0.98", "size": "2237.31", "side": "SELL", "hash": "874a87aad64d27226a7c342d988c4a326d364183", "best_bid": "0.25", "best_ask": "0.6"}], "timestamp": "1769384143236", "event_type": "price_change"}}
{"_local_timestamp": "2026-01-25T23:35:45.255737+00:00", "data": {"market": "0xb60dafb0f279355f3cb0e90d8f104251eea16cade455fbee26065f6a1a7f1705", "price_changes": [{"asset_id": "6783034260219852689485369170295749032060020034678422064426195110276496429145", "price": "0.05", "size": "0", "side": "BUY", "hash": "c9b94f77f840b97dab12c7b731c5ea5f3ad834ae", "best_bid": "0.02", "best_ask": "0.96"}, {"asset_id": "20874128056338825407710368983473961183910770485403608543209460185653352280539", "price": "0.95", "size": "0", "side": "SELL", "hash": "b65ee3160826a0f0b395f7247bfd2525d3696454", "best_bid": "0.04", "best_ask": "0.98"}], "timestamp": "1769384145192", "event_type": "price_change"}}
{"_local_timestamp": "2026-01-25T23:35:45.284233+00:00", "data": {"market": "0xb60dafb0f279355f3cb0e90d8f104251eea16cade455fbee26065f6a1a7f1705", "price_changes": [{"asset_id": "6783034260219852689485369170295749032060020034678422064426195110276496429145", "price": "0.03", "size": "5.47", "side": "BUY", "hash": "a08cd7701805689ff79d3f83b8e3a53e2d059cfe", "best_bid": "0.03", "best_ask": "0.96"}, {"asset_id": "20874128056338825407710368983473961183910770485403608543209460185653352280539", "price": "0.97", "size": "5.47", "side": "SELL", "hash": "9a81accff9bfb2d4c8fdc18df58b8ebd6bd09109", "best_bid": "0.04", "best_ask": "0.97"}], "timestamp": "1769384145219", "event_type": "price_change"}}
{"_local_timestamp": "2026-01-25T23:36:05.755235+00:00", "data": {"market": "0x5140fa1a0a308d463f27cf70eb9d469ccf07c055e6fbad19c38702533d71e516", "price_changes": [{"asset_id": "92540576213207870627362137462415519058938244414036662588260726981353640428737", "price": "0.04", "size": "29.99", "side": "BUY", "hash": "d12152a8fc66e707cf70f00ad954f5b70b9d2192", "best_bid": "0.04", "best_ask": "0.96"}, {"asset_id": "107194712323133987538140428825275677095886921046155341460065104412992238050320", "price": "0.96", "size": "29.99", "side": "SELL", "hash": "3e3457154714d60ef3f1cf9c904230160daf9394", "best_bid": "0.04", "best_ask": "0.96"}], "timestamp": "1769384165677", "event_type": "price_change"}}
{"_local_timestamp": "2026-01-25T23:36:05.756139+00:00", "data": {"market": "0x816283b09afa8fb8775b7a31fffd910cd938b5542df0a53490869bbdddbd29e7", "price_changes": [{"asset_id": "1922098415263964459385620026458296193625196427559555571078566266668203852138", "price": "0.04", "size": "29.99", "side": "BUY", "hash": "d8b33de6d131ada30e9d17b8bd508a7623e6c3ca", "best_bid": "0.04", "best_ask": "0.96"}, {"asset_id": "15405520391799992626254133757374921230213697819500438919715689108143699473586", "price": "0.96", "size": "29.99", "side": "SELL", "hash": "93f37969b241cc07f40c6c0082b4af5b7ee59fc5", "best_bid": "0.04", "best_ask": "0.96"}], "timestamp": "1769384165677", "event_type": "price_change"}}
{"_local_timestamp": "2026-01-25T23:36:09.242903+00:00", "data": {"market": "0x816283b09afa8fb8775b7a31fffd910cd938b5542df0a53490869bbdddbd29e7", "price_changes": [{"asset_id": "1922098415263964459385620026458296193625196427559555571078566266668203852138", "price": "0.03", "size": "0", "side": "BUY", "hash": "ef49d211fc2d0d82cfcc2adc908e5cbd2d1c2e45", "best_bid": "0.04", "best_ask": "0.96"}, {"asset_id": "15405520391799992626254133757374921230213697819500438919715689108143699473586", "price": "0.97", "size": "0", "side": "SELL", "hash": "b7a5db9a1720b08299c996634e132ea0e1e7c14f", "best_bid": "0.04", "best_ask": "0.96"}], "timestamp": "1769384169171", "event_type": "price_change"}}
{"_local_timestamp": "2026-01-25T23:36:09.252079+00:00", "data": {"market": "0x5140fa1a0a308d463f27cf70eb9d469ccf07c055e6fbad19c38702533d71e516", "price_changes": [{"asset_id": "92540576213207870627362137462415519058938244414036662588260726981353640428737", "price": "0.03", "size": "0", "side": "BUY", "hash": "a3d6e92ea220e892eb37d40188963977b6428ac2", "best_bid": "0.04", "best_ask": "0.96"}, {"asset_id": "107194712323133987538140428825275677095886921046155341460065104412992238050320", "price": "0.97", "size": "0", "side": "SELL", "hash": "aad819e9488dae6f35efe5d7a556121c9694b929", "best_bid": "0.04", "best_ask": "0.96"}], "timestamp": "1769384169172", "event_type": "price_change"}}
{"_local_timestamp": "2026-01-25T23:36:09.630691+00:00", "data": {"market": "0x5140fa1a0a308d463f27cf70eb9d469ccf07c055e6fbad19c38702533d71e516", "price_changes": [{"asset_id": "92540576213207870627362137462415519058938244414036662588260726981353640428737", "price": "0.05", "size": "5.47", "side": "BUY", "hash": "954fa24f27123ead5ab096662e6f55bd4adb2acf", "best_bid": "0.05", "best_ask": "0.96"}, {"asset_id": "107194712323133987538140428825275677095886921046155341460065104412992238050320", "price": "0.95", "size": "5.47", "side": "SELL", "hash": "2ddafebca56caadc06dd2a8666cdbaf19262a936", "best_bid": "0.04", "best_ask": "0.95"}], "timestamp": "1769384169563", "event_type": "price_change"}}
{"_local_timestamp": "2026-01-25T23:36:09.631320+00:00", "data": {"market": "0x816283b09afa8fb8775b7a31fffd910cd938b5542df0a53490869bbdddbd29e7", "price_changes": [{"asset_id": "1922098415263964459385620026458296193625196427559555571078566266668203852138", "price": "0.05", "size": "5.47", "side": "BUY", "hash": "8161d71a76839877e4cbf1babdb1b72c6ad07356", "best_bid": "0.05", "best_ask": "0.96"}, {"asset_id": "15405520391799992626254133757374921230213697819500438919715689108143699473586", "price": "0.95", "size": "5.47", "side": "SELL", "hash": "cd9d704ad27f10e94b69843d16ba22384858afeb", "best_bid": "0.04", "best_ask": "0.95"}], "timestamp": "1769384169564", "event_type": "price_change"}}
{"_local_timestamp": "2026-01-25T23:37:43.274027+00:00", "data": {"market": "0x816283b09afa8fb8775b7a31fffd910cd938b5542df0a53490869bbdddbd29e7", "price_changes": [{"asset_id": "1922098415263964459385620026458296193625196427559555571078566266668203852138", "price": "0.04", "size": "0", "side": "BUY", "hash": "884b99e65fb58e84dc96f8a17cf57f86873798b2", "best_bid": "0.05", "best_ask": "0.96"}, {"asset_id": "15405520391799992626254133757374921230213697819500438919715689108143699473586", "price": "0.96", "size": "0", "side": "SELL", "hash": "ccd77b3716568266a57453eb8e8eb8ece84069cb", "best_bid": "0.04", "best_ask": "0.95"}], "timestamp": "1769384263172", "event_type": "price_change"}}
{"_local_timestamp": "2026-01-25T23:37:43.370093+00:00", "data": {"market": "0x5140fa1a0a308d463f27cf70eb9d469ccf07c055e6fbad19c38702533d71e516", "price_changes": [{"asset_id": "92540576213207870627362137462415519058938244414036662588260726981353640428737", "price": "0.04", "size": "0", "side": "BUY", "hash": "a4c49a52f3f91f0c0c14797d61b1c81126e05d85", "best_bid": "0.05", "best_ask": "0.96"}, {"asset_id": "107194712323133987538140428825275677095886921046155341460065104412992238050320", "price": "0.96", "size": "0", "side": "SELL", "hash": "3da7bc827b530b84086744d05803ed5c92d1a5b8", "best_bid": "0.04", "best_ask": "0.95"}], "timestamp": "1769384263268", "event_type": "price_change"}}
{"_local_timestamp": "2026-01-25T23:37:46.307228+00:00", "data": {"market": "0x816283b09afa8fb8775b7a31fffd910cd938b5542df0a53490869bbdddbd29e7", "price_changes": [{"asset_id": "1922098415263964459385620026458296193625196427559555571078566266668203852138", "price": "0.05", "size": "0", "side": "BUY", "hash": "7cb06706851e25a8c2f663eb217024e2a4e54888", "best_bid": "0.02", "best_ask": "0.96"}, {"asset_id": "15405520391799992626254133757374921230213697819500438919715689108143699473586", "price": "0.95", "size": "0", "side": "SELL", "hash": "c68c78335a96f1f9ab740d7cf110032caaf8b3b5", "best_bid": "0.04", "best_ask": "0.98"}], "timestamp": "1769384266142", "event_type": "price_change"}}
{"_local_timestamp": "2026-01-25T23:37:46.309398+00:00", "data": {"market": "0x5140fa1a0a308d463f27cf70eb9d469ccf07c055e6fbad19c38702533d71e516", "price_changes": [{"asset_id": "92540576213207870627362137462415519058938244414036662588260726981353640428737", "price": "0.05", "size": "0", "side": "BUY", "hash": "aac8cd9ba8d8bbf43e27eb055514ed67b7796b09", "best_bid": "0.02", "best_ask": "0.96"}, {"asset_id": "107194712323133987538140428825275677095886921046155341460065104412992238050320", "price": "0.95", "size": "0", "side": "SELL", "hash": "936b3611be5200cd69251e3b3459eaa41790ef7f", "best_bid": "0.04", "best_ask": "0.98"}], "timestamp": "1769384266142", "event_type": "price_change"}}
{"_local_timestamp": "2026-01-25T23:37:46.594564+00:00", "data": {"market": "0x816283b09afa8fb8775b7a31fffd910cd938b5542df0a53490869bbdddbd29e7", "price_changes": [{"asset_id": "1922098415263964459385620026458296193625196427559555571078566266668203852138", "price": "0.03", "size": "5.47", "side": "BUY", "hash": "79bd7bbf268f9874f874837042e16de67c7c4eb9", "best_bid": "0.03", "best_ask": "0.96"}, {"asset_id": "15405520391799992626254133757374921230213697819500438919715689108143699473586", "price": "0.97", "size": "5.47", "side": "SELL", "hash": "63fe060945197a5c62c180f25ce2df0c6c8296ce", "best_bid": "0.04", "best_ask": "0.97"}], "timestamp": "1769384266466", "event_type": "price_change"}}
{"_local_timestamp": "2026-01-25T23:37:46.595021+00:00", "data": {"market": "0x5140fa1a0a308d463f27cf70eb9d469ccf07c055e6fbad19c38702533d71e516", "price_changes": [{"asset_id": "92540576213207870627362137462415519058938244414036662588260726981353640428737", "price": "0.03", "size": "5.47", "side": "BUY", "hash": "bacfed59dab8f7f07e04f85df6f8bb787e132915", "best_bid": "0.03", "best_ask": "0.96"}, {"asset_id": "107194712323133987538140428825275677095886921046155341460065104412992238050320", "price": "0.97", "size": "5.47", "side": "SELL", "hash": "f00cf9ae4763066f2e7d315849c2812d47632526", "best_bid": "0.04", "best_ask": "0.97"}], "timestamp": "1769384266466", "event_type": "price_change"}}
{"_local_timestamp": "2026-01-25T23:39:12.370110+00:00", "data": {"market": "0x816283b09afa8fb8775b7a31fffd910cd938b5542df0a53490869bbdddbd29e7", "price_changes": [{"asset_id": "1922098415263964459385620026458296193625196427559555571078566266668203852138", "price": "0.04", "size": "29.99", "side": "BUY", "hash": "2e4ede7d4a65160c0ed2f5499dc9f884f1b8c958", "best_bid": "0.04", "best_ask": "0.96"}, {"asset_id": "15405520391799992626254133757374921230213697819500438919715689108143699473586", "price": "0.96", "size": "29.99", "side": "SELL", "hash": "78c2dc4b7b58305520db4ccfc15a22ee4631ffec", "best_bid": "0.04", "best_ask": "0.96"}], "timestamp": "1769384352301", "event_type": "price_change"}}
{"_local_timestamp": "2026-01-25T23:39:12.475020+00:00", "data": {"market": "0x5140fa1a0a308d463f27cf70eb9d469ccf07c055e6fbad19c38702533d71e516", "price_changes": [{"asset_id": "92540576213207870627362137462415519058938244414036662588260726981353640428737", "price": "0.04", "size": "29.99", "side": "BUY", "hash": "4ece1745887f34dce1ca1ec7285e378b3dbee4a8", "best_bid": "0.04", "best_ask": "0.96"}, {"asset_id": "107194712323133987538140428825275677095886921046155341460065104412992238050320", "price": "0.96", "size": "29.99", "side": "SELL", "hash": "396210bf4bc7120b5bf94061dc0c335f5c406cd3", "best_bid": "0.04", "best_ask": "0.96"}], "timestamp": "1769384352401", "event_type": "price_change"}}
{"_local_timestamp": "2026-01-25T23:39:15.205528+00:00", "data": {"market": "0x816283b09afa8fb8775b7a31fffd910cd938b5542df0a53490869bbdddbd29e7", "price_changes": [{"asset_id": "1922098415263964459385620026458296193625196427559555571078566266668203852138", "price": "0.03", "size": "0", "side": "BUY", "hash": "639f954f460022d227fe59cbde544ff0cfd406cb", "best_bid": "0.04", "best_ask": "0.96"}, {"asset_id": "15405520391799992626254133757374921230213697819500438919715689108143699473586", "price": "0.97", "size": "0", "side": "SELL", "hash": "a3f466d8668e110164663f14abf91d2388dc7b90", "best_bid": "0.04", "best_ask": "0.96"}], "timestamp": "1769384355090", "event_type": "price_change"}}
{"_local_timestamp": "2026-01-25T23:39:15.214063+00:00", "data": {"market": "0x5140fa1a0a308d463f27cf70eb9d469ccf07c055e6fbad19c38702533d71e516", "price_changes": [{"asset_id": "92540576213207870627362137462415519058938244414036662588260726981353640428737", "price": "0.03", "size": "0", "side": "BUY", "hash": "1e6e4c0670a96f2808fd7484e6f6a9b1f0e24570", "best_bid": "0.04", "best_ask": "0.96"}, {"asset_id": "107194712323133987538140428825275677095886921046155341460065104412992238050320", "price": "0.97", "size": "0", "side": "SELL", "hash": "2e999822928cf4143dd193f38861db95131aefda", "best_bid": "0.04", "best_ask": "0.96"}], "timestamp": "1769384355090", "event_type": "price_change"}}
{"_local_timestamp": "2026-01-25T23:39:15.681887+00:00", "data": {"market": "0x816283b09afa8fb8775b7a31fffd910cd938b5542df0a53490869bbdddbd29e7", "price_changes": [{"asset_id": "1922098415263964459385620026458296193625196427559555571078566266668203852138", "price": "0.05", "size": "5.47", "side": "BUY", "hash": "71921ea852ec97bcd72961cc71bc2b99968e9d37", "best_bid": "0.05", "best_ask": "0.96"}, {"asset_id": "15405520391799992626254133757374921230213697819500438919715689108143699473586", "price": "0.95", "size": "5.47", "side": "SELL", "hash": "25450fec4c7cccf80b84cb962cfacdae1f1d9761", "best_bid": "0.04", "best_ask": "0.95"}], "timestamp": "1769384355612", "event_type": "price_change"}}
{"_local_timestamp": "2026-01-25T23:39:15.682340+00:00", "data": {"market": "0x5140fa1a0a308d463f27cf70eb9d469ccf07c055e6fbad19c38702533d71e516", "price_changes": [{"asset_id": "92540576213207870627362137462415519058938244414036662588260726981353640428737", "price": "0.05", "size": "5.47", "side": "BUY", "hash": "777fdd95758f05a264b994aa00c8e588beb04c4a", "best_bid": "0.05", "best_ask": "0.96"}, {"asset_id": "107194712323133987538140428825275677095886921046155341460065104412992238050320", "price": "0.95", "size": "5.47", "side": "SELL", "hash": "529ddedf6238762cc11e932ccd0419a23f788337", "best_bid": "0.04", "best_ask": "0.95"}], "timestamp": "1769384355612", "event_type": "price_change"}}
