{"_local_timestamp": "2026-01-25T23:34:26.364534+00:00", "data": [{"market": "0x6132c47da10f93a30dbc3b307c210d036d6116cdeb72c2f8bc37fd6efd212586", "asset_id": "83544266043695473251303214195304088068957122908171471589876011363272414981083", "timestamp": "1769384064303", "hash": "47050bbc5347d15dce310662f7f9314ae8e2707c", "bids": [{"price": "0.01", "size": "1185.42"}, {"price": "0.02", "size": "47.28"}, {"price": "0.47", "size": "500"}], "asks": [{"price": "0.99", "size": "1185.42"}, {"price": "0.98", "size": "47.29"}, {"price": "0.57", "size": "500"}], "event_type": "book", "last_trade_price": ""}, {"market": "0x681d91167aa5dbecca244d866506b9f6876906ee80a034da1ac03a5745294c0a", "asset_id": "81446309302107749438558369128493188519037680806695448015436535213946831331814", "timestamp": "1769384064288", "hash": "33aad4fcf184a4b4e83d5669aa895b18caf91c17", "bids": [{"price": "0.01", "size": "1085.09"}, {"price": "0.02", "size": "47.45"}, {"price": "0.62", "size": "500"}], "asks": [{"price": "0.99", "size": "96.02"}, {"price": "0.98", "size": "41.98"}, {"price": "0.73", "size": "500"}], "event_type": "book", "last_trade_price": ""}, {"market": "0xae2d02c1ca101caf6f5f8ae59ad97a6158f507ca52042494ac9653ade89f4d0c", "asset_id": "75763730805914440911766720072829460763305133745121291851903497101133208859000", "timestamp": "1769384064283", "hash": "98ff3bbfc5cec612d305b136fc036c96e40ab9fd", "bids": [{"price": "0.01", "size": "1185.42"}, {"price": "0.02", "size": "47.29"}, {"price": "0.43", "size": "500"}], "asks": [{"price": "0.99", "size": "1185.42"}, {"price": "0.98", "size": "47.28"}, {"price": "0.53", "size": "500"}], "event_type": "book", "last_trade_price": ""}, {"market": "0x681d91167aa5dbecca244d866506b9f6876906ee80a034da1ac03a5745294c0a", "asset_id": "108471331072939768710054276838314611653340264768056670650442094912587956105012", "timestamp": "1769384064288", "hash": "d1e1d36f855c76bd26a4e584024df8786c0f6b9e", "bids": [{"price": "0.01", "size": "96.02"}, {"price": "0.02", "size": "41.98"}, {"price": "0.27", "size": "500"}], "asks": [{"price": "0.99", "size": "1085.09"}, {"price": "0.98", "size": "47.45"}, {"price": "0.38", "size": "500"}], "event_type": "book", "last_trade_price": ""}, {"market": "0x6132c47da10f93a30dbc3b307c210d036d6116cdeb72c2f8bc37fd6efd212586", "asset_id": "12634122863904626157099029375964558776768249526911814556524280576441354096916", "timestamp": "1769384064303", "hash": "4f7de84245ce171b912fda00cb73340b19a06c38", "bids": [{"price": "0.01", "size": "1185.42"}, {"price": "0.02", "size": "47.29"}, {"price": "0.43", "size": "500"}], "asks": [{"price": "0.99", "size": "1185.42"}, {"price": "0.98", "size": "47.28"}, {"price": "0.53", "size": "500"}], "event_type": "book", "last_trade_price": ""}, {"market": "0xd937541a22ebbebc695947a7e600613210b9679582185a023ff7009d5ef0dda0", "asset_id": "6490500590111358559206234553869129242367330680208966731277313173515468107612", "timestamp": "1769384064290", "hash": "4ef3644c6e4023b524c227c54999381df3d8746a", "bids": [{"price": "0.01", "size": "1138.33"}, {"price": "0.02", "size": "47.33"}, {"price": "0.48", "size": "500"}], "asks": [{"price": "0.99", "size": "1138.52"}, {"price": "0.98", "size": "47.23"}, {"price": "0.58", "size": "500"}], "event_type": "book", "last_trade_price": ""}, {"market": "0x56019fd78edae7806a5ea660d61223f3994de370f66b24ec58712f276404205c", "asset_id": "70283652358977390828689462290111834858371137796101992925361459845890736745376", "timestamp": "1769384064291", "hash": "530c503c2402241aa90638759b8023a024c1016a", "bids": [{"price": "0.01", "size": "2790.57"}, {"price": "0.02", "size": "2100"}, {"price": "0.03", "size": "8.68"}, {"price": "0.05", "size": "1800"}, {"price": "0.08", "size": "500"}, {"price": "0.09", "size": "7.03"}, {"price": "0.14", "size": "650"}, {"price": "0.44", "size": "50"}, {"price": "0.45", "size": "50"}, {"price": "0.48", "size": "1050"}], "asks": [{"price": "0.99", "size": "2390.57"}, {"price": "0.98", "size": "1800"}, {"price": "0.97", "size": "8.68"}, {"price": "0.95", "size": "1500"}, {"price": "0.92", "size": "700"}, {"price": "0.91", "size": "7.03"}, {"price": "0.72", "size": "10"}, {"price": "0.71", "size": "50"}, {"price": "0.58", "size": "162"}], "event_type": "book", "last_trade_price": "0.420"}, {"market": "0xd937541a22ebbebc695947a7e600613210b9679582185a023ff7009d5ef0dda0", "asset_id": "54331151815162996088474742112723970949875102750506595493023822280918723883190", "timestamp": "1769384064290", "hash": "02d45b6982f9a173aeb17fcc8c83599f0388f844", "bids": [{"price": "0.01", "size": "1138.52"}, {"price": "0.02", "size": "47.23"}, {"price": "0.42", "size": "500"}], "asks": [{"price": "0.99", "size": "1138.33"}, {"price": "0.98", "size": "47.33"}, {"price": "0.52", "size": "500"}], "event_type": "book", "last_trade_price": ""}, {"market": "0x56019fd78edae7806a5ea660d61223f3994de370f66b24ec58712f276404205c", "asset_id": "82206017482043607344860852580269267078560173637288739862624003683058670485572", "timestamp": "1769384064291", "hash": "09aa1ceaba19ef2ee021be8b605090cc18b48664", "bids": [{"price": "0.01", "size": "2390.57"}, {"price": "0.02", "size": "1800"}, {"price": "0.03", "size": "8.68"}, {"price": "0.05", "size": "1500"}, {"price": "0.08", "size": "700"}, {"price": "0.09", "size": "7.03"}, {"price": "0.28", "size": "10"}, {"price": "0.29", "size": "50"}, {"price": "0.42", "size": "162"}], "asks": [{"price": "0.99", "size": "2790.57"}, {"price": "0.98", "size": "2100"}, {"price": "0.97", "size": "8.68"}, {"price": "0.95", "size": "1800"}, {"price": "0.92", "size": "500"}, {"price": "0.91", "size": "7.03"}, {"price": "0.86", "size": "650"}, {"price": "0.56", "size": "50"}, {"price": "0.55", "size": "50"}, {"price": "0.52", "size": "1050"}], "event_type": "book", "last_trade_price": "0.420"}, {"market": "0xae2d02c1ca101caf6f5f8ae59ad97a6158f507ca52042494ac9653ade89f4d0c", "asset_id": "75245578393760057859820759993913902407713743460620017064335802794967484299481", "timestamp": "1769384064283", "hash": "255144619422d9e2b232a8723a5d636242cf5325", "bids": [{"price": "0.01", "size": "1185.42"}, {"price": "0.02", "size": "47.28"}, {"price": "0.47", "size": "500"}], "asks": [{"price": "0.99", "size": "1185.42"}, {"price": "0.98", "size": "47.29"}, {"price": "0.57", "size": "500"}], "event_type": "book", "last_trade_price": ""}]}
