{"_local_timestamp": "2026-01-25T23:34:23.674278+00:00", "data": [{"market": "0x3075f8991c5aa636ed359fb7b91430a2a8cbfa68b494817b26dd458842d703a3", "asset_id": "94913083419052211968210573560944594034146264626578818326270980957562157445752", "timestamp": "1769383981508", "hash": "5c0c4515f5acb1c35ded76ee6b9a07c9133650db", "bids": [{"price": "0.01", "size": "21939.88"}, {"price": "0.03", "size": "28.88"}, {"price": "0.23", "size": "10"}, {"price": "0.28", "size": "15"}, {"price": "0.29", "size": "50"}], "asks": [{"price": "0.99", "size": "21937.55"}, {"price": "0.98", "size": "2190.11"}, {"price": "0.97", "size": "29.66"}, {"price": "0.61", "size": "48.36"}], "event_type": "book", "last_trade_price": "0.390"}, {"market": "0xb623eb524cf1dcd94273ca9bc562d9eb665f817bed053e31433dae767607086e", "asset_id": "16696179518832786947393173268333630002953510944216010395388160234922002213424", "timestamp": "1769383983025", "hash": "a5a4c22ee476d3240e70579564ecdf40c3399dd7", "bids": [{"price": "0.01", "size": "252.65"}, {"price": "0.02", "size": "22.69"}, {"price": "0.04", "size": "29.99"}, {"price": "0.05", "size": "5.47"}], "asks": [{"price": "0.99", "size": "255.04"}, {"price": "0.98", "size": "38.97"}, {"price": "0.96", "size": "29.99"}], "event_type": "book", "last_trade_price": ""}, {"market": "0x184e9edddf282a0c50079f393159c527a1aaf2b84ff7d052a1bce89d8e0dc4d7", "asset_id": "87326362222831040522498250501380548212999031366594547838604458114130445942133", "timestamp": "1769383983025", "hash": "33432128b67ef9f1b83a91f0ad697a3868c31c73", "bids": [{"price": "0.01", "size": "202.04"}, {"price": "0.02", "size": "38.98"}, {"price": "0.04", "size": "29.99"}], "asks": [{"price": "0.99", "size": "198.05"}, {"price": "0.98", "size": "40.97"}, {"price": "0.96", "size": "29.99"}, {"price": "0.95", "size": "5.47"}], "event_type": "book", "last_trade_price": ""}, {"market": "0xb623eb524cf1dcd94273ca9bc562d9eb665f817bed053e31433dae767607086e", "asset_id": "109354612215904168307628013281983124614604501139275781701578855874131966714836", "timestamp": "1769383983025", "hash": "5cf9fac0edbde38a196d16c257d29f1dc5dc4df0", "bids": [{"price": "0.01", "size": "255.04"}, {"price": "0.02", "size": "38.97"}, {"price": "0.04", "size": "29.99"}], "asks": [{"price": "0.99", "size": "252.65"}, {"price": "0.98", "size": "22.69"}, {"price": "0.96", "size": "29.99"}, {"price": "0.95", "size": "5.47"}], "event_type": "book", "last_trade_price": ""}, {"market": "0x3075f8991c5aa636ed359fb7b91430a2a8cbfa68b494817b26dd458842d703a3", "asset_id": "53190039768851531493284084463964570052283533076541897466842651066771943857048", "timestamp": "1769383981508", "hash": "6f5e9ce29700ead7e3be1c49d5b86fa8b96cdc1c", "bids": [{"price": "0.01", "size": "21937.55"}, {"price": "0.02", "size": "2190.11"}, {"price": "0.03", "size": "29.66"}, {"price": "0.39", "size": "48.36"}], "asks": [{"price": "0.99", "size": "21939.88"}, {"price": "0.97", "size": "28.88"}, {"price": "0.77", "size": "10"}, {"price": "0.72", "size": "15"}, {"price": "0.71", "size": "50"}], "event_type": "book", "last_trade_price": "0.390"}, {"market": "0x3bf93e79fd4f065e3ee60b9c43dc2adc7b304a812ead93f563fdf71c5e70a1f5", "asset_id": "25442539528646279207578875112716436002335302294016782534444447304389693614336", "timestamp": "1769383981508", "hash": "02654b78b52bae1384cb35c02a420c8164bd1eca", "bids": [{"price": "0.01", "size": "21941.34"}, {"price": "0.02", "size": "2197.14"}, {"price": "0.03", "size": "23.71"}, {"price": "0.06", "size": "15.47"}], "asks": [{"price": "0.99", "size": "21948.59"}, {"price": "0.98", "size": "10.48"}, {"price": "0.97", "size": "18.99"}, {"price": "0.96", "size": "42.49"}], "event_type": "book", "last_trade_price": ""}, {"market": "0x44bfb1d6343c06bbd9a889f57dc667c5467cfd786c8dfc0b795c9d3918064e30", "asset_id": "112773138651044994156466906896799981628890708504729044376052546359787234388642", "timestamp": "1769383983979", "hash": "71ab7100eeaedc1349b802ad8a220593ff2f861e", "bids": [{"price": "0.01", "size": "21941.34"}, {"price": "0.02", "size": "2197.14"}, {"price": "0.03", "size": "23.71"}, {"price": "0.06", "size": "15.47"}], "asks": [{"price": "0.99", "size": "21948.59"}, {"price": "0.98", "size": "2200.59"}, {"price": "0.97", "size": "18.99"}, {"price": "0.96", "size": "42.49"}], "event_type": "book", "last_trade_price": ""}, {"market": "0x184e9edddf282a0c50079f393159c527a1aaf2b84ff7d052a1bce89d8e0dc4d7", "asset_id": "95703168464269255914902612808226625851477586732956781650027560960228565710273", "timestamp": "1769383983025", "hash": "e0d003475b540d6bfc1e3b28a15484a905647be1", "bids": [{"price": "0.01", "size": "198.05"}, {"price": "0.02", "size": "40.97"}, {"price": "0.04", "size": "29.99"}, {"price": "0.05", "size": "5.47"}], "asks": [{"price": "0.99", "size": "202.04"}, {"price": "0.98", "size": "38.98"}, {"price": "0.96", "size": "29.99"}], "event_type": "book", "last_trade_price": ""}, {"market": "0x44bfb1d6343c06bbd9a889f57dc667c5467cfd786c8dfc0b795c9d3918064e30", "asset_id": "32795835116926795657603331733551077788847388052015233218736038670174736888114", "timestamp": "1769383983979", "hash": "5e5f290c84be3e5ac5e4c8bc2732909e0d7357f6", "bids": [{"price": "0.01", "size": "21948.59"}, {"price": "0.02", "size": "2200.59"}, {"price": "0.03", "size": "18.99"}, {"price": "0.04", "size": "42.49"}], "asks": [{"price": "0.99", "size": "21941.34"}, {"price": "0.98", "size": "2197.14"}, {"price": "0.97", "size": "23.71"}, {"price": "0.94", "size": "15.47"}], "event_type": "book", "last_trade_price": ""}, {"market": "0x3bf93e79fd4f065e3ee60b9c43dc2adc7b304a812ead93f563fdf71c5e70a1f5", "asset_id": "46025691078712585294745111007011706978341874821623135013587047350407105443750", "timestamp": "1769383981508", "hash": "d2ec6e4bbab97f8e2df64a96fc5dbbd7dfc9c56b", "bids": [{"price": "0.01", "size": "21948.59"}, {"price": "0.02", "size": "10.48"}, {"price": "0.03", "size": "18.99"}, {"price": "0.04", "size": "42.49"}], "asks": [{"price": "0.99", "size": "21941.34"}, {"price": "0.98", "size": "2197.14"}, {"price": "0.97", "size": "23.71"}, {"price": "0.94", "size": "15.47"}], "event_type": "book", "last_trade_price": ""}]}
