{"_local_timestamp": "2026-01-25T23:41:13.193456+00:00", "data": [{"market": "0xfd9d675f777ffbfd6dcf52130bf5120fa68146312a2892d90616958f5992bd77", "asset_id": "80770940825810379324558099559309639073375073826664511939489199081713642058656", "timestamp": "1769384447685", "hash": "0e0e2b13d43772055ffcdfc7e7566bd68e7a7896", "bids": [{"price": "0.01", "size": "201.38"}, {"price": "0.02", "size": "29.05"}, {"price": "0.03", "size": "39.99"}], "asks": [{"price": "0.99", "size": "198.81"}, {"price": "0.98", "size": "30.33"}, {"price": "0.96", "size": "29.99"}, {"price": "0.95", "size": "5.47"}], "event_type": "book", "last_trade_price": ""}, {"market": "0x9631960e2705c654923bf05aa5a31980a8f4fe524ff45dca7b052f68e386ad45", "asset_id": "30829801814071532531279362369631157708168559221740305236815292195426933645539", "timestamp": "1769382215044", "hash": "8d404087079ad0494dd0c974daf4c6900d35d25a", "bids": [{"price": "0.01", "size": "285.24"}, {"price": "0.02", "size": "47.37"}, {"price": "0.38", "size": "50"}, {"price": "0.52", "size": "97.91"}, {"price": "0.53", "size": "10"}], "asks": [{"price": "0.99", "size": "285.2"}, {"price": "0.98", "size": "47.4"}, {"price": "0.83", "size": "5.88"}, {"price": "0.82", "size": "50"}, {"price": "0.62", "size": "98.38"}], "event_type": "book", "last_trade_price": "0.380"}, {"market": "0x1b4071ce27b858fef4adb173685e9f5b1a592aa313b66717b317167e4943cf40", "asset_id": "8570804774174639897622354974747279484137888183850503931990567998444312010867", "timestamp": "1769379617910", "hash": "4dce5484153a9b9c7f880222df5780ac28d3119b", "bids": [{"price": "0.01", "size": "1285.59"}, {"price": "0.02", "size": "47.2"}, {"price": "0.4", "size": "100"}], "asks": [{"price": "0.99", "size": "1285.29"}, {"price": "0.98", "size": "47.35"}, {"price": "0.5", "size": "100"}], "event_type": "book", "last_trade_price": ""}, {"market": "0xf66d14a537b244ea13e0189bbaee8c5580bc7a3b58df5925711b8aa5d7873fb3", "asset_id": "100395223045691795768518941413854703420998010208468825796497570836258235925506", "timestamp": "1769379555273", "hash": "d603047edcd239e1a574ac32cf9fd2cf4eb20eb8", "bids": [{"price": "0.01", "size": "1285.59"}, {"price": "0.4", "size": "100"}], "asks": [{"price": "0.99", "size": "1285.29"}, {"price": "0.98", "size": "47.35"}, {"price": "0.5", "size": "100"}], "event_type": "book", "last_trade_price": ""}, {"market": "0xfd9d675f777ffbfd6dcf52130bf5120fa68146312a2892d90616958f5992bd77", "asset_id": "27690065183493941688473238131728964752044259673881672054005534082535155164236", "timestamp": "1769384447685", "hash": "53d79f951574b607cdc29f33ba523216272a90dc", "bids": [{"price": "0.01", "size": "198.81"}, {"price": "0.02", "size": "30.33"}, {"price": "0.04", "size": "29.99"}, {"price": "0.05", "size": "5.47"}], "asks": [{"price": "0.99", "size": "201.38"}, {"price": "0.98", "size": "29.05"}, {"price": "0.97", "size": "39.99"}], "event_type": "book", "last_trade_price": ""}, {"market": "0x1b4071ce27b858fef4adb173685e9f5b1a592aa313b66717b317167e4943cf40", "asset_id": "79685463659880508543421064585290561212052082202706349387329302416352682346931", "timestamp": "1769379617910", "hash": "bf34e98bf9e3b20cf74ba4c27a293a03d44eabbf", "bids": [{"price": "0.01", "size": "1285.29"}, {"price": "0.02", "size": "47.35"}, {"price": "0.5", "size": "100"}], "asks": [{"price": "0.99", "size": "1285.59"}, {"price": "0.98", "size": "47.2"}, {"price": "0.6", "size": "100"}], "event_type": "book", "last_trade_price": ""}, {"market": "0x9631960e2705c654923bf05aa5a31980a8f4fe524ff45dca7b052f68e386ad45", "asset_id": "93641530372237818188188203679399890242003410740340734475320624100462356599753", "timestamp": "1769382215044", "hash": "b189d10e1477c6961529c2cda42ce597ab4a20e3", "bids": [{"price": "0.01", "size": "285.2"}, {"price": "0.02", "size": "47.4"}, {"price": "0.17", "size": "5.88"}, {"price": "0.18", "size": "50"}, {"price": "0.38", "size": "98.38"}], "asks": [{"price": "0.99", "size": "285.24"}, {"price": "0.98", "size": "47.37"}, {"price": "0.62", "size": "50"}, {"price": "0.48", "size": "97.91"}, {"price": "0.47", "size": "10"}], "event_type": "book", "last_trade_price": "0.380"}, {"market": "0xf8b90d623841c8d81aa85fe97dd1c6626fb57bb6a5af4bc6ce994ad22271e1d9", "asset_id": "65452544498252627774798686826204019236106092632899169587523877370134120828807", "timestamp": "1769379558182", "hash": "9d595beb29bb33734370a73c75d7256ea643117f", "bids": [{"price": "0.01", "size": "1234.02"}, {"price": "0.02", "size": "47.23"}, {"price": "0.42", "size": "100"}], "asks": [{"price": "0.99", "size": "1233.81"}, {"price": "0.98", "size": "47.34"}, {"price": "0.51", "size": "100"}], "event_type": "book", "last_trade_price": ""}, {"market": "0xf66d14a537b244ea13e0189bbaee8c5580bc7a3b58df5925711b8aa5d7873fb3", "asset_id": "13826734519417494065545199502720506497906861763656085598583192749066654681847", "timestamp": "1769379555273", "hash": "f2ac8d7c667c9b172467dbfcbf03aaec5eaddac0", "bids": [{"price": "0.01", "size": "1285.29"}, {"price": "0.02", "size": "47.35"}, {"price": "0.5", "size": "100"}], "asks": [{"price": "0.99", "size": "1285.59"}, {"price": "0.6", "size": "100"}], "event_type": "book", "last_trade_price": ""}, {"market": "0xf8b90d623841c8d81aa85fe97dd1c6626fb57bb6a5af4bc6ce994ad22271e1d9", "asset_id": "86386210355315640716278532357284950612878334970460804797349056672179769285246", "timestamp": "1769379558182", "hash": "d674bb72903dda42384ef1b68f40c88a3772f81c", "bids": [{"price": "0.01", "size": "1233.81"}, {"price": "0.02", "size": "47.34"}, {"price": "0.49", "size": "100"}], "asks": [{"price": "0.99", "size": "1234.02"}, {"price": "0.98", "size": "47.23"}, {"price": "0.58", "size": "100"}], "event_type": "book", "last_trade_price": ""}]}
{"_local_timestamp": "2026-01-25T23:42:06.540589+00:00", "data": {"market": "0xfd9d675f777ffbfd6dcf52130bf5120fa68146312a2892d90616958f5992bd77", "price_changes": [{"asset_id": "27690065183493941688473238131728964752044259673881672054005534082535155164236", "price": "0.04", "size": "0", "side": "BUY", "hash": "f353bd754bc1a3647074a3a34d8e2e61dd37fb5e", "best_bid": "0.05", "best_ask": "0.97"}, {"asset_id": "80770940825810379324558099559309639073375073826664511939489199081713642058656", "price": "0.96", "size": "0", "side": "SELL", "hash": "c8058d1b9a0747a3c774679393f9bf2ea6c69781", "best_bid": "0.03", "best_ask": "0.95"}], "timestamp": "1769384526475", "event_type": "price_change"}}
{"_local_timestamp": "2026-01-25T23:42:10.853043+00:00", "data": {"market": "0xfd9d675f777ffbfd6dcf52130bf5120fa68146312a2892d90616958f5992bd77", "price_changes": [{"asset_id": "27690065183493941688473238131728964752044259673881672054005534082535155164236", "price": "0.05", "size": "0", "side": "BUY", "hash": "e04d6368537fe86c597c49ed058e811d5b7c2978", "best_bid": "0.02", "best_ask": "0.97"}, {"asset_id": "80770940825810379324558099559309639073375073826664511939489199081713642058656", "price": "0.95", "size": "0", "side": "SELL", "hash": "49f21c2b06b6e7d03f832c5519143be28b59058c", "best_bid": "0.03", "best_ask": "0.98"}], "timestamp": "1769384530761", "event_type": "price_change"}}
{"_local_timestamp": "2026-01-25T23:42:11.136038+00:00", "data": {"market": "0xfd9d675f777ffbfd6dcf52130bf5120fa68146312a2892d90616958f5992bd77", "price_changes": [{"asset_id": "27690065183493941688473238131728964752044259673881672054005534082535155164236", "price": "0.03", "size": "5.47", "side": "BUY", "hash": "dc146f63c4d7a49cf901be4e8dc5e07c0d58b1e8", "best_bid": "0.03", "best_ask": "0.97"}, {"asset_id": "80770940825810379324558099559309639073375073826664511939489199081713642058656", "price": "0.97", "size": "5.47", "side": "SELL", "hash": "c932460d7da8399b6beae4d53ced5b7440deca0e", "best_bid": "0.03", "best_ask": "0.97"}], "timestamp": "1769384531072", "event_type": "price_change"}}
{"_local_timestamp": "2026-01-25T23:43:36.031907+00:00", "data": {"market": "0xfd9d675f777ffbfd6dcf52130bf5120fa68146312a2892d90616958f5992bd77", "price_changes": [{"asset_id": "27690065183493941688473238131728964752044259673881672054005534082535155164236", "price": "0.04", "size": "29.99", "side": "BUY", "hash": "909dcc141632532af4d00a6db898d692e38215c6", "best_bid": "0.04", "best_ask": "0.97"}, {"asset_id": "80770940825810379324558099559309639073375073826664511939489199081713642058656", "price": "0.96", "size": "29.99", "side": "SELL", "hash": "18278889de0837ecc2882c725afde75bb5524bac", "best_bid": "0.03", "best_ask": "0.96"}], "timestamp": "1769384615895", "event_type": "price_change"}}
{"_local_timestamp": "2026-01-25T23:43:39.953590+00:00", "data": {"market": "0xfd9d675f777ffbfd6dcf52130bf5120fa68146312a2892d90616958f5992bd77", "price_changes": [{"asset_id": "27690065183493941688473238131728964752044259673881672054005534082535155164236", "price": "0.03", "size": "0", "side": "BUY", "hash": "9a7d49de475f258c03571e433a2f972a6fb6734b", "best_bid": "0.04", "best_ask": "0.97"}, {"asset_id": "80770940825810379324558099559309639073375073826664511939489199081713642058656", "price": "0.97", "size": "0", "side": "SELL", "hash": "975d93493cc9a69ab37798c20d37b2e67d2ef94e", "best_bid": "0.03", "best_ask": "0.96"}], "timestamp": "1769384619812", "event_type": "price_change"}}
{"_local_timestamp": "2026-01-25T23:43:40.220130+00:00", "data": {"market": "0xfd9d675f777ffbfd6dcf52130bf5120fa68146312a2892d90616958f5992bd77", "price_changes": [{"asset_id": "27690065183493941688473238131728964752044259673881672054005534082535155164236", "price": "0.05", "size": "5.47", "side": "BUY", "hash": "d179ad7db3011897c4bc3f299bf3f45e0478f9d4", "best_bid": "0.05", "best_ask": "0.97"}, {"asset_id": "80770940825810379324558099559309639073375073826664511939489199081713642058656", "price": "0.95", "size": "5.47", "side": "SELL", "hash": "7a839dd622d192f51da378bb33684fbb8fe54987", "best_bid": "0.03", "best_ask": "0.95"}], "timestamp": "1769384620066", "event_type": "price_change"}}
{"_local_timestamp": "2026-01-25T23:45:09.826825+00:00", "data": {"market": "0xfd9d675f777ffbfd6dcf52130bf5120fa68146312a2892d90616958f5992bd77", "price_changes": [{"asset_id": "27690065183493941688473238131728964752044259673881672054005534082535155164236", "price": "0.04", "size": "0", "side": "BUY", "hash": "9d46f6cbf9408cf378e0067d9fd4ac40dca1d2ff", "best_bid": "0.05", "best_ask": "0.97"}, {"asset_id": "80770940825810379324558099559309639073375073826664511939489199081713642058656", "price": "0.96", "size": "0", "side": "SELL", "hash": "78af38100d481d86f172a736370fdfc605bbdab9", "best_bid": "0.03", "best_ask": "0.95"}], "timestamp": "1769384709760", "event_type": "price_change"}}
{"_local_timestamp": "2026-01-25T23:45:11.856422+00:00", "data": {"market": "0xfd9d675f777ffbfd6dcf52130bf5120fa68146312a2892d90616958f5992bd77", "price_changes": [{"asset_id": "27690065183493941688473238131728964752044259673881672054005534082535155164236", "price": "0.05", "size": "0", "side": "BUY", "hash": "46bcb752f407079399ed4a3075c0701718a9ace3", "best_bid": "0.02", "best_ask": "0.97"}, {"asset_id": "80770940825810379324558099559309639073375073826664511939489199081713642058656", "price": "0.95", "size": "0", "side": "SELL", "hash": "25beb26288efc5c25b6459ba91c1114e4fcae177", "best_bid": "0.03", "best_ask": "0.98"}], "timestamp": "1769384711771", "event_type": "price_change"}}
{"_local_timestamp": "2026-01-25T23:45:12.123150+00:00", "data": {"market": "0xfd9d675f777ffbfd6dcf52130bf5120fa68146312a2892d90616958f5992bd77", "price_changes": [{"asset_id": "27690065183493941688473238131728964752044259673881672054005534082535155164236", "price": "0.03", "size": "5.47", "side": "BUY", "hash": "87197f87a60a07e3cfd3467808ddc11fae038f8a", "best_bid": "0.03", "best_ask": "0.97"}, {"asset_id": "80770940825810379324558099559309639073375073826664511939489199081713642058656", "price": "0.97", "size": "5.47", "side": "SELL", "hash": "c327c677a98a38fd25aa89f66ee9a210fd2c4463", "best_bid": "0.03", "best_ask": "0.97"}], "timestamp": "1769384712026", "event_type": "price_change"}}
{"_local_timestamp": "2026-01-25T23:46:48.806896+00:00", "data": {"market": "0xfd9d675f777ffbfd6dcf52130bf5120fa68146312a2892d90616958f5992bd77", "price_changes": [{"asset_id": "27690065183493941688473238131728964752044259673881672054005534082535155164236", "price": "0.04", "size": "29.99", "side": "BUY", "hash": "6beb2e9c8368e63cef88fba2baaff5f750b13586", "best_bid": "0.04", "best_ask": "0.97"}, {"asset_id": "80770940825810379324558099559309639073375073826664511939489199081713642058656", "price": "0.96", "size": "29.99", "side": "SELL", "hash": "36fe67f5012b65fb70b9e39a83677ac06b7da749", "best_bid": "0.03", "best_ask": "0.96"}], "timestamp": "1769384808734", "event_type": "price_change"}}
{"_local_timestamp": "2026-01-25T23:46:50.075778+00:00", "data": {"market": "0xfd9d675f777ffbfd6dcf52130bf5120fa68146312a2892d90616958f5992bd77", "price_changes": [{"asset_id": "27690065183493941688473238131728964752044259673881672054005534082535155164236", "price": "0.03", "size": "0", "side": "BUY", "hash": "84a1cfec00e1f1d7980dfc555c4b1c96486dcbec", "best_bid": "0.04", "best_ask": "0.97"}, {"asset_id": "80770940825810379324558099559309639073375073826664511939489199081713642058656", "price": "0.97", "size": "0", "side": "SELL", "hash": "5e818cb9d786222a74dd64d146bbcc19d1034811", "best_bid": "0.03", "best_ask": "0.96"}], "timestamp": "1769384809945", "event_type": "price_change"}}
{"_local_timestamp": "2026-01-25T23:46:50.233105+00:00", "data": {"market": "0xfd9d675f777ffbfd6dcf52130bf5120fa68146312a2892d90616958f5992bd77", "price_changes": [{"asset_id": "27690065183493941688473238131728964752044259673881672054005534082535155164236", "price": "0.05", "size": "5.47", "side": "BUY", "hash": "ed45e1210ed94959ce36790e2c93db996a1cc75f", "best_bid": "0.05", "best_ask": "0.97"}, {"asset_id": "80770940825810379324558099559309639073375073826664511939489199081713642058656", "price": "0.95", "size": "5.47", "side": "SELL", "hash": "f338281349c06b111da4e791e7ae4a3566f7627a", "best_bid": "0.03", "best_ask": "0.95"}], "timestamp": "1769384810081", "event_type": "price_change"}}
{"_local_timestamp": "2026-01-25T23:48:17.872958+00:00", "data": {"market": "0xfd9d675f777ffbfd6dcf52130bf5120fa68146312a2892d90616958f5992bd77", "price_changes": [{"asset_id": "27690065183493941688473238131728964752044259673881672054005534082535155164236", "price": "0.04", "size": "0", "side": "BUY", "hash": "9a393d59575edcd08dc6b9860043575535d0d524", "best_bid": "0.05", "best_ask": "0.97"}, {"asset_id": "80770940825810379324558099559309639073375073826664511939489199081713642058656", "price": "0.96", "size": "0", "side": "SELL", "hash": "81617ad576d838f473310f320bfe6417f9c9398f", "best_bid": "0.03", "best_ask": "0.95"}], "timestamp": "1769384897807", "event_type": "price_change"}}
{"_local_timestamp": "2026-01-25T23:48:21.729796+00:00", "data": {"market": "0xfd9d675f777ffbfd6dcf52130bf5120fa68146312a2892d90616958f5992bd77", "price_changes": [{"asset_id": "27690065183493941688473238131728964752044259673881672054005534082535155164236", "price": "0.05", "size": "0", "side": "BUY", "hash": "a2862041f2334e14478459ab2a5b4ea35b8e5022", "best_bid": "0.02", "best_ask": "0.97"}, {"asset_id": "80770940825810379324558099559309639073375073826664511939489199081713642058656", "price": "0.95", "size": "0", "side": "SELL", "hash": "530ebd81b80146c3fdf4f27a56bd9841be12a8c2", "best_bid": "0.03", "best_ask": "0.98"}], "timestamp": "1769384901648", "event_type": "price_change"}}
{"_local_timestamp": "2026-01-25T23:48:22.037321+00:00", "data": {"market": "0xfd9d675f777ffbfd6dcf52130bf5120fa68146312a2892d90616958f5992bd77", "price_changes": [{"asset_id": "27690065183493941688473238131728964752044259673881672054005534082535155164236", "price": "0.03", "size": "5.47", "side": "BUY", "hash": "c0c026a414d28d9dbeb3904d01ff49a458c874f0", "best_bid": "0.03", "best_ask": "0.97"}, {"asset_id": "80770940825810379324558099559309639073375073826664511939489199081713642058656", "price": "0.97", "size": "5.47", "side": "SELL", "hash": "94d9a6aa6142c8ad617767b6d58648416bb1b277", "best_bid": "0.03", "best_ask": "0.97"}], "timestamp": "1769384901967", "event_type": "price_change"}}
