{"_local_timestamp": "2026-01-25T23:41:30.220813+00:00", "data": [{"market": "0xab63c6a3cf43c3ab99f68e4a72f6c3c0a7d06bad3fdd5b619939fe3fee0e9e5e", "asset_id": "56685619967578726571385852838438545201981689299488058810797637488735546768106", "timestamp": "1769384488129", "hash": "6ba3e19c2be79f61d8dcffc01fddfe170c095595", "bids": [{"price": "0.01", "size": "2785.24"}, {"price": "0.02", "size": "12304.32"}, {"price": "0.03", "size": "1300"}, {"price": "0.04", "size": "6.42"}, {"price": "0.07", "size": "1400"}, {"price": "0.09", "size": "2490.11"}, {"price": "0.1", "size": "10653.3"}, {"price": "0.14", "size": "150"}, {"price": "0.26", "size": "10"}, {"price": "0.27", "size": "50"}, {"price": "0.4", "size": "1000"}], "asks": [{"price": "0.99", "size": "2790.27"}, {"price": "0.98", "size": "12299.11"}, {"price": "0.97", "size": "1300"}, {"price": "0.96", "size": "6.36"}, {"price": "0.93", "size": "1400"}, {"price": "0.92", "size": "500"}, {"price": "0.91", "size": "300"}, {"price": "0.9", "size": "8557.33"}, {"price": "0.89", "size": "5.84"}, {"price": "0.86", "size": "50"}, {"price": "0.8", "size": "400"}, {"price": "0.67", "size": "50"}, {"price": "0.5", "size": "3190.11"}, {"price": "0.49", "size": "2190.11"}], "event_type": "book", "last_trade_price": ""}, {"market": "0x66e5c68cb6c3dca73f72ed6e665776661366e9f4f25f842bfbf7f75f0dda3323", "asset_id": "22602465680333142740738653707825273834609968702208203830031438765401302434739", "timestamp": "1769384425879", "hash": "789614fbc78684e777a0ede6f9b3cb98a2e7b1d3", "bids": [{"price": "0.01", "size": "1085.09"}, {"price": "0.02", "size": "47.45"}, {"price": "0.62", "size": "500"}], "asks": [{"price": "0.99", "size": "95.96"}, {"price": "0.98", "size": "42.01"}, {"price": "0.73", "size": "500"}], "event_type": "book", "last_trade_price": ""}, {"market": "0x3dc17d4432aca0f9eaa4f41e94dc7a937c4c19aa06407f7d367ea66dd6b705ef", "asset_id": "74555465594182996458086305494139561200582443194358600782509963958084564246340", "timestamp": "1769384426057", "hash": "496d2d036cef50ef1746fca20c18000238c00b45", "bids": [{"price": "0.01", "size": "12137.5"}, {"price": "0.02", "size": "8562.33"}, {"price": "0.03", "size": "100"}, {"price": "0.04", "size": "5.26"}, {"price": "0.08", "size": "100"}, {"price": "0.09", "size": "7.06"}, {"price": "0.14", "size": "50"}, {"price": "0.45", "size": "2690.11"}, {"price": "0.46", "size": "2190.11"}], "asks": [{"price": "0.99", "size": "22784.68"}, {"price": "0.98", "size": "10752.48"}, {"price": "0.97", "size": "100"}, {"price": "0.96", "size": "5.3"}, {"price": "0.92", "size": "100"}, {"price": "0.91", "size": "7.06"}, {"price": "0.86", "size": "50"}, {"price": "0.55", "size": "2690.11"}, {"price": "0.54", "size": "2190.11"}], "event_type": "book", "last_trade_price": ""}, {"market": "0x6ec1533bf58c24859221f4f951e1bd6635d4062c159173b1fd1104f64152bfb6", "asset_id": "96315953066058902024740936163730408631841769397037516243247976463789679670058", "timestamp": "1769384466560", "hash": "9ca9876c0ed4d1833291375375b570e4aac2d962", "bids": [{"price": "0.01", "size": "12189.47"}, {"price": "0.02", "size": "8557.33"}, {"price": "0.03", "size": "107.32"}, {"price": "0.08", "size": "100"}, {"price": "0.09", "size": "7.52"}, {"price": "0.14", "size": "50"}, {"price": "0.48", "size": "2690.11"}, {"price": "0.49", "size": "2190.11"}], "asks": [{"price": "0.99", "size": "14379.99"}, {"price": "0.98", "size": "10647.44"}, {"price": "0.97", "size": "29.74"}, {"price": "0.58", "size": "500"}], "event_type": "book", "last_trade_price": ""}, {"market": "0x3dc17d4432aca0f9eaa4f41e94dc7a937c4c19aa06407f7d367ea66dd6b705ef", "asset_id": "30750035538606607297476799570164338497863402313268221214550121682051958326536", "timestamp": "1769384426057", "hash": "16c99036a13a3068fc55123f3cb3a406dcdd7b9c", "bids": [{"price": "0.01", "size": "22784.68"}, {"price": "0.02", "size": "10752.48"}, {"price": "0.03", "size": "100"}, {"price": "0.04", "size": "5.3"}, {"price": "0.08", "size": "100"}, {"price": "0.09", "size": "7.06"}, {"price": "0.14", "size": "50"}, {"price": "0.45", "size": "2690.11"}, {"price": "0.46", "size": "2190.11"}], "asks": [{"price": "0.99", "size": "12137.5"}, {"price": "0.98", "size": "8562.33"}, {"price": "0.97", "size": "100"}, {"price": "0.96", "size": "5.26"}, {"price": "0.92", "size": "100"}, {"price": "0.91", "size": "7.06"}, {"price": "0.86", "size": "50"}, {"price": "0.55", "size": "2690.11"}, {"price": "0.54", "size": "2190.11"}], "event_type": "book", "last_trade_price": ""}, {"market": "0xab63c6a3cf43c3ab99f68e4a72f6c3c0a7d06bad3fdd5b619939fe3fee0e9e5e", "asset_id": "108442430286615765527014752360734543488337168821843553883980136466628838344959", "timestamp": "1769384488129", "hash": "18525f171e5331fa3ddf7c75cc00e7a9d78d65ab", "bids": [{"price": "0.01", "size": "2790.27"}, {"price": "0.02", "size": "12299.11"}, {"price": "0.03", "size": "1300"}, {"price": "0.04", "size": "6.36"}, {"price": "0.07", "size": "1400"}, {"price": "0.08", "size": "500"}, {"price": "0.09", "size": "300"}, {"price": "0.1", "size": "8557.33"}, {"price": "0.11", "size": "5.84"}, {"price": "0.14", "size": "50"}, {"price": "0.2", "size": "400"}, {"price": "0.33", "size": "50"}, {"price": "0.5", "size": "3190.11"}, {"price": "0.51", "size": "2190.11"}], "asks": [{"price": "0.99", "size": "2785.24"}, {"price": "0.98", "size": "12304.32"}, {"price": "0.97", "size": "1300"}, {"price": "0.96", "size": "6.42"}, {"price": "0.93", "size": "1400"}, {"price": "0.91", "size": "2490.11"}, {"price": "0.9", "size": "10653.3"}, {"price": "0.86", "size": "150"}, {"price": "0.74", "size": "10"}, {"price": "0.73", "size": "50"}, {"price": "0.6", "size": "1000"}], "event_type": "book", "last_trade_price": ""}, {"market": "0x4872c930ece80c81d460bc9a556d3a4ea8901b1458d549818818f3f053c7a7b6", "asset_id": "97161560949970963455523949468677098315209092765222688292442105148353382047565", "timestamp": "1769384425878", "hash": "c27987ca8cd64e6464f0de3dbf8a1aa878e81bb3", "bids": [{"price": "0.01", "size": "14379.99"}, {"price": "0.02", "size": "10647.44"}, {"price": "0.03", "size": "29.74"}, {"price": "0.42", "size": "500"}], "asks": [{"price": "0.99", "size": "14384.39"}, {"price": "0.98", "size": "21746.55"}, {"price": "0.97", "size": "100"}, {"price": "0.96", "size": "5.18"}, {"price": "0.92", "size": "100"}, {"price": "0.91", "size": "7.12"}, {"price": "0.86", "size": "50"}, {"price": "0.52", "size": "2690.11"}, {"price": "0.51", "size": "2190.11"}], "event_type": "book", "last_trade_price": ""}, {"market": "0x6ec1533bf58c24859221f4f951e1bd6635d4062c159173b1fd1104f64152bfb6", "asset_id": "28283266317199105918230110303158762359229840619714595669980694133018968933728", "timestamp": "1769384466560", "hash": "07644d1941ec80b025c2f8ed00d75c37ead18a77", "bids": [{"price": "0.01", "size": "14379.99"}, {"price": "0.02", "size": "10647.44"}, {"price": "0.03", "size": "29.74"}, {"price": "0.42", "size": "500"}], "asks": [{"price": "0.99", "size": "12189.47"}, {"price": "0.98", "size": "8557.33"}, {"price": "0.97", "size": "107.32"}, {"price": "0.92", "size": "100"}, {"price": "0.91", "size": "7.52"}, {"price": "0.86", "size": "50"}, {"price": "0.52", "size": "2690.11"}, {"price": "0.51", "size": "2190.11"}], "event_type": "book", "last_trade_price": ""}, {"market": "0x4872c930ece80c81d460bc9a556d3a4ea8901b1458d549818818f3f053c7a7b6", "asset_id": "85569336831214603775259988300588821277764294578753230582533005019610107696093", "timestamp": "1769384425878", "hash": "d51075feff5a3f6fc5f97065cd23edc3a395be32", "bids": [{"price": "0.01", "size": "14384.39"}, {"price": "0.02", "size": "21746.55"}, {"price": "0.03", "size": "100"}, {"price": "0.04", "size": "5.18"}, {"price": "0.08", "size": "100"}, {"price": "0.09", "size": "7.12"}, {"price": "0.14", "size": "50"}, {"price": "0.48", "size": "2690.11"}, {"price": "0.49", "size": "2190.11"}], "asks": [{"price": "0.99", "size": "14379.99"}, {"price": "0.98", "size": "10647.44"}, {"price": "0.97", "size": "29.74"}, {"price": "0.58", "size": "500"}], "event_type": "book", "last_trade_price": ""}, {"market": "0x66e5c68cb6c3dca73f72ed6e665776661366e9f4f25f842bfbf7f75f0dda3323", "asset_id": "33921637683474286438249541660342486664896644993598623846148168155018203039646", "timestamp": "1769384425879", "hash": "779292534b607c78684f3ac74a34edc24bbc6cd6", "bids": [{"price": "0.01", "size": "95.96"}, {"price": "0.02", "size": "42.01"}, {"price": "0.27", "size": "500"}], "asks": [{"price": "0.99", "size": "1085.09"}, {"price": "0.98", "size": "47.45"}, {"price": "0.38", "size": "500"}], "event_type": "book", "last_trade_price": ""}]}
{"_local_timestamp": "2026-01-25T23:41:33.492609+00:00", "data": {"market": "0xab63c6a3cf43c3ab99f68e4a72f6c3c0a7d06bad3fdd5b619939fe3fee0e9e5e", "price_changes": [{"asset_id": "56685619967578726571385852838438545201981689299488058810797637488735546768106", "price": "0.09", "size": "2390.11", "side": "BUY", "hash": "eb74f5cf192f577aaa04f52fa632f378f4a19129", "best_bid": "0.4", "best_ask": "0.49"}, {"asset_id": "108442430286615765527014752360734543488337168821843553883980136466628838344959", "price": "0.91", "size": "2390.11", "side": "SELL", "hash": "d8d6e7d2e25f48978b23a213ad584a908b6762d3", "best_bid": "0.51", "best_ask": "0.6"}], "timestamp": "1769384493419", "event_type": "price_change"}}
{"_local_timestamp": "2026-01-25T23:41:33.498876+00:00", "data": {"market": "0xab63c6a3cf43c3ab99f68e4a72f6c3c0a7d06bad3fdd5b619939fe3fee0e9e5e", "price_changes": [{"asset_id": "108442430286615765527014752360734543488337168821843553883980136466628838344959", "price": "0.09", "size": "200", "side": "BUY", "hash": "c2d6db60ec14c172524d251b4e4a6092ea8d7906", "best_bid": "0.51", "best_ask": "0.6"}, {"asset_id": "56685619967578726571385852838438545201981689299488058810797637488735546768106", "price": "0.91", "size": "200", "side": "SELL", "hash": "dc4cdc96fd18549c648a613962630bebf99dc395", "best_bid": "0.4", "best_ask": "0.49"}], "timestamp": "1769384493419", "event_type": "price_change"}}
{"_local_timestamp": "2026-01-25T23:41:33.501730+00:00", "data": {"market": "0xab63c6a3cf43c3ab99f68e4a72f6c3c0a7d06bad3fdd5b619939fe3fee0e9e5e", "price_changes": [{"asset_id": "108442430286615765527014752360734543488337168821843553883980136466628838344959", "price": "0.03", "size": "900", "side": "BUY", "hash": "c2d6db60ec14c172524d251b4e4a6092ea8d7906", "best_bid": "0.51", "best_ask": "0.6"}, {"asset_id": "56685619967578726571385852838438545201981689299488058810797637488735546768106", "price": "0.97", "size": "900", "side": "SELL", "hash": "dc4cdc96fd18549c648a613962630bebf99dc395", "best_bid": "0.4", "best_ask": "0.49"}], "timestamp": "1769384493419", "event_type": "price_change"}}
{"_local_timestamp": "2026-01-25T23:41:33.505903+00:00", "data": {"market": "0xab63c6a3cf43c3ab99f68e4a72f6c3c0a7d06bad3fdd5b619939fe3fee0e9e5e", "price_changes": [{"asset_id": "56685619967578726571385852838438545201981689299488058810797637488735546768106", "price": "0.03", "size": "900", "side": "BUY", "hash": "6b58fc478751c603a336ac95af6004f0ea043673", "best_bid": "0.4", "best_ask": "0.49"}, {"asset_id": "108442430286615765527014752360734543488337168821843553883980136466628838344959", "price": "0.97", "size": "900", "side": "SELL", "hash": "c795afa44de77695e959f7832ed1e485219443b7", "best_bid": "0.51", "best_ask": "0.6"}], "timestamp": "1769384493420", "event_type": "price_change"}}
{"_local_timestamp": "2026-01-25T23:41:33.511211+00:00", "data": {"market": "0xab63c6a3cf43c3ab99f68e4a72f6c3c0a7d06bad3fdd5b619939fe3fee0e9e5e", "price_changes": [{"asset_id": "56685619967578726571385852838438545201981689299488058810797637488735546768106", "price": "0.14", "size": "50", "side": "BUY", "hash": "29a5697c0dbe85c3f524a3de9759ba6b31d90538", "best_bid": "0.4", "best_ask": "0.49"}, {"asset_id": "108442430286615765527014752360734543488337168821843553883980136466628838344959", "price": "0.86", "size": "50", "side": "SELL", "hash": "e8cfff35af5d6b15ed3a1b5730d155b8ec1a98a8", "best_bid": "0.51", "best_ask": "0.6"}], "timestamp": "1769384493429", "event_type": "price_change"}}
{"_local_timestamp": "2026-01-25T23:41:33.558962+00:00", "data": {"market": "0xab63c6a3cf43c3ab99f68e4a72f6c3c0a7d06bad3fdd5b619939fe3fee0e9e5e", "price_changes": [{"asset_id": "56685619967578726571385852838438545201981689299488058810797637488735546768106", "price": "0.1", "size": "2195.97", "side": "BUY", "hash": "9667a5fa4f1db241593bfede0bca9bfa8f077bb2", "best_bid": "0.4", "best_ask": "0.49"}, {"asset_id": "108442430286615765527014752360734543488337168821843553883980136466628838344959", "price": "0.9", "size": "2195.97", "side": "SELL", "hash": "c48e4873b56d248130bd01b5292242b8e5a2afbf", "best_bid": "0.51", "best_ask": "0.6"}], "timestamp": "1769384493478", "event_type": "price_change"}}
{"_local_timestamp": "2026-01-25T23:41:33.581278+00:00", "data": {"market": "0xab63c6a3cf43c3ab99f68e4a72f6c3c0a7d06bad3fdd5b619939fe3fee0e9e5e", "price_changes": [{"asset_id": "108442430286615765527014752360734543488337168821843553883980136466628838344959", "price": "0.1", "size": "100", "side": "BUY", "hash": "79c4fc8303aef7377cb5c1d392ae983c71750d4e", "best_bid": "0.51", "best_ask": "0.6"}, {"asset_id": "56685619967578726571385852838438545201981689299488058810797637488735546768106", "price": "0.9", "size": "100", "side": "SELL", "hash": "b3afee13e355a756da9f4408d204a48b0363ea47", "best_bid": "0.4", "best_ask": "0.49"}], "timestamp": "1769384493478", "event_type": "price_change"}}
{"_local_timestamp": "2026-01-25T23:41:33.669094+00:00", "data": {"market": "0xab63c6a3cf43c3ab99f68e4a72f6c3c0a7d06bad3fdd5b619939fe3fee0e9e5e", "price_changes": [{"asset_id": "56685619967578726571385852838438545201981689299488058810797637488735546768106", "price": "0.08", "size": "3997.11", "side": "BUY", "hash": "5166b6bf1c6d50a1e75fd1670a1c458a18983cf9", "best_bid": "0.4", "best_ask": "0.49"}, {"asset_id": "108442430286615765527014752360734543488337168821843553883980136466628838344959", "price": "0.92", "size": "3997.11", "side": "SELL", "hash": "53aa212db5f0677ed09970231c0ebe2ab4557f0b", "best_bid": "0.51", "best_ask": "0.6"}], "timestamp": "1769384493488", "event_type": "price_change"}}
{"_local_timestamp": "2026-01-25T23:41:33.676242+00:00", "data": {"market": "0xab63c6a3cf43c3ab99f68e4a72f6c3c0a7d06bad3fdd5b619939fe3fee0e9e5e", "price_changes": [{"asset_id": "56685619967578726571385852838438545201981689299488058810797637488735546768106", "price": "0.08", "size": "6187.22", "side": "BUY", "hash": "4e4e08c5bbf317be38f40c90466c08f96a32d87c", "best_bid": "0.4", "best_ask": "0.49"}, {"asset_id": "108442430286615765527014752360734543488337168821843553883980136466628838344959", "price": "0.92", "size": "6187.22", "side": "SELL", "hash": "340be4d1952dcaa216f703597f48c3a3d7ef5559", "best_bid": "0.51", "best_ask": "0.6"}], "timestamp": "1769384493489", "event_type": "price_change"}}
{"_local_timestamp": "2026-01-25T23:41:33.680521+00:00", "data": {"market": "0xab63c6a3cf43c3ab99f68e4a72f6c3c0a7d06bad3fdd5b619939fe3fee0e9e5e", "price_changes": [{"asset_id": "56685619967578726571385852838438545201981689299488058810797637488735546768106", "price": "0.08", "size": "8457.33", "side": "BUY", "hash": "48566a6c6aba99e286690ca747b6c7ce57553e84", "best_bid": "0.4", "best_ask": "0.49"}, {"asset_id": "108442430286615765527014752360734543488337168821843553883980136466628838344959", "price": "0.92", "size": "8457.33", "side": "SELL", "hash": "0b90904b5a9bdeeea034db23a8237e3425a25ef2", "best_bid": "0.51", "best_ask": "0.6"}], "timestamp": "1769384493489", "event_type": "price_change"}}
{"_local_timestamp": "2026-01-25T23:41:33.683467+00:00", "data": {"market": "0xab63c6a3cf43c3ab99f68e4a72f6c3c0a7d06bad3fdd5b619939fe3fee0e9e5e", "price_changes": [{"asset_id": "108442430286615765527014752360734543488337168821843553883980136466628838344959", "price": "0.08", "size": "2690.11", "side": "BUY", "hash": "6965f2a54141d0ce414b5977cfd52b5dfb0ac710", "best_bid": "0.51", "best_ask": "0.6"}, {"asset_id": "56685619967578726571385852838438545201981689299488058810797637488735546768106", "price": "0.92", "size": "2690.11", "side": "SELL", "hash": "35e988ae89096fef46d217259d257843b1f43e6d", "best_bid": "0.4", "best_ask": "0.49"}], "timestamp": "1769384493490", "event_type": "price_change"}}
{"_local_timestamp": "2026-01-25T23:41:33.693959+00:00", "data": {"market": "0xab63c6a3cf43c3ab99f68e4a72f6c3c0a7d06bad3fdd5b619939fe3fee0e9e5e", "price_changes": [{"asset_id": "108442430286615765527014752360734543488337168821843553883980136466628838344959", "price": "0.08", "size": "4960.22", "side": "BUY", "hash": "493d62ed1c32a7f2c519995fafdb9ee1c6dccef3", "best_bid": "0.51", "best_ask": "0.6"}, {"asset_id": "56685619967578726571385852838438545201981689299488058810797637488735546768106", "price": "0.92", "size": "4960.22", "side": "SELL", "hash": "6dc1725bdc26bcf2d42786a133da5b78188795be", "best_bid": "0.4", "best_ask": "0.49"}], "timestamp": "1769384493491", "event_type": "price_change"}}
{"_local_timestamp": "2026-01-25T23:41:33.699140+00:00", "data": {"market": "0xab63c6a3cf43c3ab99f68e4a72f6c3c0a7d06bad3fdd5b619939fe3fee0e9e5e", "price_changes": [{"asset_id": "108442430286615765527014752360734543488337168821843553883980136466628838344959", "price": "0.08", "size": "8957.33", "side": "BUY", "hash": "c787fd45c2720db7bf6d141a90ce10dc120f1777", "best_bid": "0.51", "best_ask": "0.6"}, {"asset_id": "56685619967578726571385852838438545201981689299488058810797637488735546768106", "price": "0.92", "size": "8957.33", "side": "SELL", "hash": "db5c7d6ca66e946f1a9b4264296e310b5d0299c5", "best_bid": "0.4", "best_ask": "0.49"}], "timestamp": "1769384493492", "event_type": "price_change"}}
{"_local_timestamp": "2026-01-25T23:41:33.706647+00:00", "data": {"market": "0xab63c6a3cf43c3ab99f68e4a72f6c3c0a7d06bad3fdd5b619939fe3fee0e9e5e", "price_changes": [{"asset_id": "56685619967578726571385852838438545201981689299488058810797637488735546768106", "price": "0.11", "size": "10999.11", "side": "BUY", "hash": "ddd1c059d4ade20a03027b3eae136ab28dbc2321", "best_bid": "0.4", "best_ask": "0.49"}, {"asset_id": "108442430286615765527014752360734543488337168821843553883980136466628838344959", "price": "0.89", "size": "10999.11", "side": "SELL", "hash": "3b7cdd091720128cc0d6668e58a6aae6498c65c9", "best_bid": "0.51", "best_ask": "0.6"}], "timestamp": "1769384493538", "event_type": "price_change"}}
{"_local_timestamp": "2026-01-25T23:41:33.709929+00:00", "data": {"market": "0xab63c6a3cf43c3ab99f68e4a72f6c3c0a7d06bad3fdd5b619939fe3fee0e9e5e", "price_changes": [{"asset_id": "56685619967578726571385852838438545201981689299488058810797637488735546768106", "price": "0.11", "size": "13189.22", "side": "BUY", "hash": "e5bce5a93792566f7e22bde7c0421a6184fb6c71", "best_bid": "0.4", "best_ask": "0.49"}, {"asset_id": "108442430286615765527014752360734543488337168821843553883980136466628838344959", "price": "0.89", "size": "13189.22", "side": "SELL", "hash": "4f38b8497a9d9912f560809d9664c46ac69b7e99", "best_bid": "0.51", "best_ask": "0.6"}], "timestamp": "1769384493538", "event_type": "price_change"}}
{"_local_timestamp": "2026-01-25T23:41:33.715371+00:00", "data": {"market": "0xab63c6a3cf43c3ab99f68e4a72f6c3c0a7d06bad3fdd5b619939fe3fee0e9e5e", "price_changes": [{"asset_id": "108442430286615765527014752360734543488337168821843553883980136466628838344959", "price": "0.11", "size": "11004.95", "side": "BUY", "hash": "39091878e8a14bc9bd002d7090a8a11997432bb1", "best_bid": "0.51", "best_ask": "0.6"}, {"asset_id": "56685619967578726571385852838438545201981689299488058810797637488735546768106", "price": "0.89", "size": "11004.95", "side": "SELL", "hash": "938605f1f87a654050edd3f3809745d91989c7eb", "best_bid": "0.4", "best_ask": "0.49"}], "timestamp": "1769384493539", "event_type": "price_change"}}
{"_local_timestamp": "2026-01-25T23:41:33.719655+00:00", "data": {"market": "0xab63c6a3cf43c3ab99f68e4a72f6c3c0a7d06bad3fdd5b619939fe3fee0e9e5e", "price_changes": [{"asset_id": "56685619967578726571385852838438545201981689299488058810797637488735546768106", "price": "0.15", "size": "100", "side": "BUY", "hash": "bdbf0241cf596899bc5950e2532da6e6394d52c4", "best_bid": "0.4", "best_ask": "0.49"}, {"asset_id": "108442430286615765527014752360734543488337168821843553883980136466628838344959", "price": "0.85", "size": "100", "side": "SELL", "hash": "9abf5d114ab30a9c1b20a75b88d06c0c8e188763", "best_bid": "0.51", "best_ask": "0.6"}], "timestamp": "1769384493645", "event_type": "price_change"}}
{"_local_timestamp": "2026-01-25T23:41:33.785626+00:00", "data": {"market": "0xab63c6a3cf43c3ab99f68e4a72f6c3c0a7d06bad3fdd5b619939fe3fee0e9e5e", "price_changes": [{"asset_id": "108442430286615765527014752360734543488337168821843553883980136466628838344959", "price": "0.02", "size": "12699.11", "side": "BUY", "hash": "e5c2962b351a5a7ccbb7438103ff4078c3722b8f", "best_bid": "0.51", "best_ask": "0.6"}, {"asset_id": "56685619967578726571385852838438545201981689299488058810797637488735546768106", "price": "0.98", "size": "12699.11", "side": "SELL", "hash": "e309220fdbf5b65040530a389008afdfa2d59a05", "best_bid": "0.4", "best_ask": "0.49"}], "timestamp": "1769384493717", "event_type": "price_change"}}
{"_local_timestamp": "2026-01-25T23:41:33.794791+00:00", "data": {"market": "0xab63c6a3cf43c3ab99f68e4a72f6c3c0a7d06bad3fdd5b619939fe3fee0e9e5e", "price_changes": [{"asset_id": "108442430286615765527014752360734543488337168821843553883980136466628838344959", "price": "0.1", "size": "200", "side": "BUY", "hash": "24a5753603f47935027aa201c28664aec1260f64", "best_bid": "0.51", "best_ask": "0.6"}, {"asset_id": "56685619967578726571385852838438545201981689299488058810797637488735546768106", "price": "0.9", "size": "200", "side": "SELL", "hash": "d9f9c707fec469f3e18ac2900ca3d13dd727ffe1", "best_bid": "0.4", "best_ask": "0.49"}], "timestamp": "1769384493718", "event_type": "price_change"}}
{"_local_timestamp": "2026-01-25T23:41:33.807440+00:00", "data": {"market": "0xab63c6a3cf43c3ab99f68e4a72f6c3c0a7d06bad3fdd5b619939fe3fee0e9e5e", "price_changes": [{"asset_id": "56685619967578726571385852838438545201981689299488058810797637488735546768106", "price": "0.02", "size": "12704.32", "side": "BUY", "hash": "f31581ff977198ef756d97f1af9b7f8ca0cf722e", "best_bid": "0.4", "best_ask": "0.49"}, {"asset_id": "108442430286615765527014752360734543488337168821843553883980136466628838344959", "price": "0.98", "size": "12704.32", "side": "SELL", "hash": "e341d2c21260d0b2beb4e354cd2dc979ff2c4837", "best_bid": "0.51", "best_ask": "0.6"}], "timestamp": "1769384493719", "event_type": "price_change"}}
{"_local_timestamp": "2026-01-25T23:41:42.448152+00:00", "data": {"market": "0xab63c6a3cf43c3ab99f68e4a72f6c3c0a7d06bad3fdd5b619939fe3fee0e9e5e", "price_changes": [{"asset_id": "108442430286615765527014752360734543488337168821843553883980136466628838344959", "price": "0.09", "size": "100", "side": "BUY", "hash": "ccb456f99a8bb5c505923e18ef2b766ef8352433", "best_bid": "0.51", "best_ask": "0.6"}, {"asset_id": "56685619967578726571385852838438545201981689299488058810797637488735546768106", "price": "0.91", "size": "100", "side": "SELL", "hash": "6dd4b89068046ae7459a1f606b6b7aa58731ee0e", "best_bid": "0.4", "best_ask": "0.49"}], "timestamp": "1769384502368", "event_type": "price_change"}}
{"_local_timestamp": "2026-01-25T23:41:42.451834+00:00", "data": {"market": "0xab63c6a3cf43c3ab99f68e4a72f6c3c0a7d06bad3fdd5b619939fe3fee0e9e5e", "price_changes": [{"asset_id": "108442430286615765527014752360734543488337168821843553883980136466628838344959", "price": "0.03", "size": "500", "side": "BUY", "hash": "ccb456f99a8bb5c505923e18ef2b766ef8352433", "best_bid": "0.51", "best_ask": "0.6"}, {"asset_id": "56685619967578726571385852838438545201981689299488058810797637488735546768106", "price": "0.97", "size": "500", "side": "SELL", "hash": "6dd4b89068046ae7459a1f606b6b7aa58731ee0e", "best_bid": "0.4", "best_ask": "0.49"}], "timestamp": "1769384502368", "event_type": "price_change"}}
{"_local_timestamp": "2026-01-25T23:41:42.454740+00:00", "data": {"market": "0xab63c6a3cf43c3ab99f68e4a72f6c3c0a7d06bad3fdd5b619939fe3fee0e9e5e", "price_changes": [{"asset_id": "56685619967578726571385852838438545201981689299488058810797637488735546768106", "price": "0.03", "size": "500", "side": "BUY", "hash": "ae8c44cc2018195fdfc90ebae04c94d554d30ae6", "best_bid": "0.4", "best_ask": "0.49"}, {"asset_id": "108442430286615765527014752360734543488337168821843553883980136466628838344959", "price": "0.97", "size": "500", "side": "SELL", "hash": "3df17467b90c73ed8b15cf7a6b6aedb09f736587", "best_bid": "0.51", "best_ask": "0.6"}], "timestamp": "1769384502369", "event_type": "price_change"}}
{"_local_timestamp": "2026-01-25T23:41:42.527400+00:00", "data": {"market": "0xab63c6a3cf43c3ab99f68e4a72f6c3c0a7d06bad3fdd5b619939fe3fee0e9e5e", "price_changes": [{"asset_id": "56685619967578726571385852838438545201981689299488058810797637488735546768106", "price": "0.09", "size": "2290.11", "side": "BUY", "hash": "ae8c44cc2018195fdfc90ebae04c94d554d30ae6", "best_bid": "0.4", "best_ask": "0.49"}, {"asset_id": "108442430286615765527014752360734543488337168821843553883980136466628838344959", "price": "0.91", "size": "2290.11", "side": "SELL", "hash": "3df17467b90c73ed8b15cf7a6b6aedb09f736587", "best_bid": "0.51", "best_ask": "0.6"}], "timestamp": "1769384502369", "event_type": "price_change"}}
{"_local_timestamp": "2026-01-25T23:41:42.530435+00:00", "data": {"market": "0xab63c6a3cf43c3ab99f68e4a72f6c3c0a7d06bad3fdd5b619939fe3fee0e9e5e", "price_changes": [{"asset_id": "56685619967578726571385852838438545201981689299488058810797637488735546768106", "price": "0.11", "size": "0", "side": "BUY", "hash": "a3719e039acdf1c05d6e3cafcef909322a43b00d", "best_bid": "0.4", "best_ask": "0.49"}, {"asset_id": "108442430286615765527014752360734543488337168821843553883980136466628838344959", "price": "0.89", "size": "0", "side": "SELL", "hash": "2f126795f14e95e00aec3efc17ed0b6a661aee36", "best_bid": "0.51", "best_ask": "0.6"}], "timestamp": "1769384502432", "event_type": "price_change"}}
{"_local_timestamp": "2026-01-25T23:41:42.533181+00:00", "data": {"market": "0xab63c6a3cf43c3ab99f68e4a72f6c3c0a7d06bad3fdd5b619939fe3fee0e9e5e", "price_changes": [{"asset_id": "108442430286615765527014752360734543488337168821843553883980136466628838344959", "price": "0.11", "size": "5.84", "side": "BUY", "hash": "401ccccdcb3c88889849ab74d01e5aab9cb10472", "best_bid": "0.51", "best_ask": "0.6"}, {"asset_id": "56685619967578726571385852838438545201981689299488058810797637488735546768106", "price": "0.89", "size": "5.84", "side": "SELL", "hash": "da8a87d8c370abf18e12d88e60cae35a50c7fd6a", "best_bid": "0.4", "best_ask": "0.49"}], "timestamp": "1769384502432", "event_type": "price_change"}}
{"_local_timestamp": "2026-01-25T23:41:42.545115+00:00", "data": {"market": "0xab63c6a3cf43c3ab99f68e4a72f6c3c0a7d06bad3fdd5b619939fe3fee0e9e5e", "price_changes": [{"asset_id": "56685619967578726571385852838438545201981689299488058810797637488735546768106", "price": "0.07", "size": "3590.11", "side": "BUY", "hash": "704b3f5ede3ac65debf0652abe76d3311f4f47d1", "best_bid": "0.4", "best_ask": "0.49"}, {"asset_id": "108442430286615765527014752360734543488337168821843553883980136466628838344959", "price": "0.93", "size": "3590.11", "side": "SELL", "hash": "66f17616fce6e58b132821c2e8c52532f62352a2", "best_bid": "0.51", "best_ask": "0.6"}], "timestamp": "1769384502471", "event_type": "price_change"}}
{"_local_timestamp": "2026-01-25T23:41:42.552016+00:00", "data": {"market": "0xab63c6a3cf43c3ab99f68e4a72f6c3c0a7d06bad3fdd5b619939fe3fee0e9e5e", "price_changes": [{"asset_id": "56685619967578726571385852838438545201981689299488058810797637488735546768106", "price": "0.08", "size": "10647.44", "side": "BUY", "hash": "116f5c0bdd49567f8333834a82a21765bead15a8", "best_bid": "0.4", "best_ask": "0.49"}, {"asset_id": "108442430286615765527014752360734543488337168821843553883980136466628838344959", "price": "0.92", "size": "10647.44", "side": "SELL", "hash": "e526aee647b4cbb23518714bb1a2269df0e42a47", "best_bid": "0.51", "best_ask": "0.6"}], "timestamp": "1769384502472", "event_type": "price_change"}}
{"_local_timestamp": "2026-01-25T23:41:42.613375+00:00", "data": {"market": "0xab63c6a3cf43c3ab99f68e4a72f6c3c0a7d06bad3fdd5b619939fe3fee0e9e5e", "price_changes": [{"asset_id": "108442430286615765527014752360734543488337168821843553883980136466628838344959", "price": "0.12", "size": "3997.11", "side": "BUY", "hash": "f31d670dd9c99c65f18b97e991f39a77382c27f1", "best_bid": "0.51", "best_ask": "0.6"}, {"asset_id": "56685619967578726571385852838438545201981689299488058810797637488735546768106", "price": "0.88", "size": "3997.11", "side": "SELL", "hash": "b85d54e87dee58ef85c31d2578d25761395cb73a", "best_bid": "0.4", "best_ask": "0.49"}], "timestamp": "1769384502544", "event_type": "price_change"}}
{"_local_timestamp": "2026-01-25T23:41:42.616175+00:00", "data": {"market": "0xab63c6a3cf43c3ab99f68e4a72f6c3c0a7d06bad3fdd5b619939fe3fee0e9e5e", "price_changes": [{"asset_id": "108442430286615765527014752360734543488337168821843553883980136466628838344959", "price": "0.12", "size": "14996.22", "side": "BUY", "hash": "73c5609cc35c3e59fdd810e59b3a0c0b55a8e4c5", "best_bid": "0.51", "best_ask": "0.6"}, {"asset_id": "56685619967578726571385852838438545201981689299488058810797637488735546768106", "price": "0.88", "size": "14996.22", "side": "SELL", "hash": "e76e7b182a6532de5370b993ccfc8f806fa6082a", "best_bid": "0.4", "best_ask": "0.49"}], "timestamp": "1769384502545", "event_type": "price_change"}}
{"_local_timestamp": "2026-01-25T23:41:42.622624+00:00", "data": {"market": "0xab63c6a3cf43c3ab99f68e4a72f6c3c0a7d06bad3fdd5b619939fe3fee0e9e5e", "price_changes": [{"asset_id": "108442430286615765527014752360734543488337168821843553883980136466628838344959", "price": "0.12", "size": "17186.33", "side": "BUY", "hash": "6b735045b61496feeb70096f0f2f851e28c16462", "best_bid": "0.51", "best_ask": "0.6"}, {"asset_id": "56685619967578726571385852838438545201981689299488058810797637488735546768106", "price": "0.88", "size": "17186.33", "side": "SELL", "hash": "d6f78a08c34dbc6b2934ab816101c4409b32c653", "best_bid": "0.4", "best_ask": "0.49"}], "timestamp": "1769384502545", "event_type": "price_change"}}
{"_local_timestamp": "2026-01-25T23:41:42.625691+00:00", "data": {"market": "0xab63c6a3cf43c3ab99f68e4a72f6c3c0a7d06bad3fdd5b619939fe3fee0e9e5e", "price_changes": [{"asset_id": "108442430286615765527014752360734543488337168821843553883980136466628838344959", "price": "0.12", "size": "19456.44", "side": "BUY", "hash": "32c625cb4aeef698af685fb891c8a432bb98f132", "best_bid": "0.51", "best_ask": "0.6"}, {"asset_id": "56685619967578726571385852838438545201981689299488058810797637488735546768106", "price": "0.88", "size": "19456.44", "side": "SELL", "hash": "e75df470a962338da227637ff913dbec8f793eda", "best_bid": "0.4", "best_ask": "0.49"}], "timestamp": "1769384502546", "event_type": "price_change"}}
{"_local_timestamp": "2026-01-25T23:41:42.728496+00:00", "data": {"market": "0xab63c6a3cf43c3ab99f68e4a72f6c3c0a7d06bad3fdd5b619939fe3fee0e9e5e", "price_changes": [{"asset_id": "56685619967578726571385852838438545201981689299488058810797637488735546768106", "price": "0.1", "size": "2295.97", "side": "BUY", "hash": "1085c3ebdd534bac7372e2685384e2ce9881cf8a", "best_bid": "0.4", "best_ask": "0.49"}, {"asset_id": "108442430286615765527014752360734543488337168821843553883980136466628838344959", "price": "0.9", "size": "2295.97", "side": "SELL", "hash": "d8bb0e83de06b47c0bd3b2b982b7241f2b0a50e1", "best_bid": "0.51", "best_ask": "0.6"}], "timestamp": "1769384502658", "event_type": "price_change"}}
{"_local_timestamp": "2026-01-25T23:41:42.731591+00:00", "data": {"market": "0xab63c6a3cf43c3ab99f68e4a72f6c3c0a7d06bad3fdd5b619939fe3fee0e9e5e", "price_changes": [{"asset_id": "108442430286615765527014752360734543488337168821843553883980136466628838344959", "price": "0.02", "size": "13099.11", "side": "BUY", "hash": "8e94b7a4c9bd79f8f246aa2965400cf5bdbbc220", "best_bid": "0.51", "best_ask": "0.6"}, {"asset_id": "56685619967578726571385852838438545201981689299488058810797637488735546768106", "price": "0.98", "size": "13099.11", "side": "SELL", "hash": "fa9fe786bec95ff958523d1d0915eafd7b0244c0", "best_bid": "0.4", "best_ask": "0.49"}], "timestamp": "1769384502659", "event_type": "price_change"}}
{"_local_timestamp": "2026-01-25T23:41:42.734530+00:00", "data": {"market": "0xab63c6a3cf43c3ab99f68e4a72f6c3c0a7d06bad3fdd5b619939fe3fee0e9e5e", "price_changes": [{"asset_id": "56685619967578726571385852838438545201981689299488058810797637488735546768106", "price": "0.02", "size": "13104.32", "side": "BUY", "hash": "b33f7562207007e8da71b40ec9c24a856626d06e", "best_bid": "0.4", "best_ask": "0.49"}, {"asset_id": "108442430286615765527014752360734543488337168821843553883980136466628838344959", "price": "0.98", "size": "13104.32", "side": "SELL", "hash": "3412bbe535a3ef4a0815d557c1e88f783eb87725", "best_bid": "0.51", "best_ask": "0.6"}], "timestamp": "1769384502660", "event_type": "price_change"}}
{"_local_timestamp": "2026-01-25T23:41:42.737635+00:00", "data": {"market": "0xab63c6a3cf43c3ab99f68e4a72f6c3c0a7d06bad3fdd5b619939fe3fee0e9e5e", "price_changes": [{"asset_id": "108442430286615765527014752360734543488337168821843553883980136466628838344959", "price": "0.1", "size": "300", "side": "BUY", "hash": "0fc9b16e14d7f95b7666ca02a7d515e080716447", "best_bid": "0.51", "best_ask": "0.6"}, {"asset_id": "56685619967578726571385852838438545201981689299488058810797637488735546768106", "price": "0.9", "size": "300", "side": "SELL", "hash": "8702649fcbabfb6f80ab6b552f69cf823402e9a2", "best_bid": "0.4", "best_ask": "0.49"}], "timestamp": "1769384502660", "event_type": "price_change"}}
{"_local_timestamp": "2026-01-25T23:41:44.453926+00:00", "data": {"market": "0xab63c6a3cf43c3ab99f68e4a72f6c3c0a7d06bad3fdd5b619939fe3fee0e9e5e", "price_changes": [{"asset_id": "108442430286615765527014752360734543488337168821843553883980136466628838344959", "price": "0.09", "size": "0", "side": "BUY", "hash": "cc03623f0c7ae76c2df89f871374ab4d5b602eee", "best_bid": "0.51", "best_ask": "0.6"}, {"asset_id": "56685619967578726571385852838438545201981689299488058810797637488735546768106", "price": "0.91", "size": "0", "side": "SELL", "hash": "5f806b777c99e1c610db06a3dd0ea02c470bca26", "best_bid": "0.4", "best_ask": "0.49"}], "timestamp": "1769384504381", "event_type": "price_change"}}
{"_local_timestamp": "2026-01-25T23:41:44.456811+00:00", "data": {"market": "0xab63c6a3cf43c3ab99f68e4a72f6c3c0a7d06bad3fdd5b619939fe3fee0e9e5e", "price_changes": [{"asset_id": "108442430286615765527014752360734543488337168821843553883980136466628838344959", "price": "0.03", "size": "100", "side": "BUY", "hash": "cc03623f0c7ae76c2df89f871374ab4d5b602eee", "best_bid": "0.51", "best_ask": "0.6"}, {"asset_id": "56685619967578726571385852838438545201981689299488058810797637488735546768106", "price": "0.97", "size": "100", "side": "SELL", "hash": "5f806b777c99e1c610db06a3dd0ea02c470bca26", "best_bid": "0.4", "best_ask": "0.49"}], "timestamp": "1769384504381", "event_type": "price_change"}}
{"_local_timestamp": "2026-01-25T23:41:44.459463+00:00", "data": {"market": "0xab63c6a3cf43c3ab99f68e4a72f6c3c0a7d06bad3fdd5b619939fe3fee0e9e5e", "price_changes": [{"asset_id": "56685619967578726571385852838438545201981689299488058810797637488735546768106", "price": "0.03", "size": "100", "side": "BUY", "hash": "5d963c28e59e7a0dcbeec1b0bf8fa1c3ae241219", "best_bid": "0.4", "best_ask": "0.49"}, {"asset_id": "108442430286615765527014752360734543488337168821843553883980136466628838344959", "price": "0.97", "size": "100", "side": "SELL", "hash": "c69706177f1d2234f63b912e5dc0f09c842c6c95", "best_bid": "0.51", "best_ask": "0.6"}], "timestamp": "1769384504381", "event_type": "price_change"}}
{"_local_timestamp": "2026-01-25T23:41:44.462102+00:00", "data": {"market": "0xab63c6a3cf43c3ab99f68e4a72f6c3c0a7d06bad3fdd5b619939fe3fee0e9e5e", "price_changes": [{"asset_id": "56685619967578726571385852838438545201981689299488058810797637488735546768106", "price": "0.09", "size": "2190.11", "side": "BUY", "hash": "5d963c28e59e7a0dcbeec1b0bf8fa1c3ae241219", "best_bid": "0.4", "best_ask": "0.49"}, {"asset_id": "108442430286615765527014752360734543488337168821843553883980136466628838344959", "price": "0.91", "size": "2190.11", "side": "SELL", "hash": "c69706177f1d2234f63b912e5dc0f09c842c6c95", "best_bid": "0.51", "best_ask": "0.6"}], "timestamp": "1769384504381", "event_type": "price_change"}}
{"_local_timestamp": "2026-01-25T23:41:44.608945+00:00", "data": {"market": "0xab63c6a3cf43c3ab99f68e4a72f6c3c0a7d06bad3fdd5b619939fe3fee0e9e5e", "price_changes": [{"asset_id": "108442430286615765527014752360734543488337168821843553883980136466628838344959", "price": "0.03", "size": "0", "side": "BUY", "hash": "f405b97e015e026620ec1a262228b5c9554fa1af", "best_bid": "0.51", "best_ask": "0.6"}, {"asset_id": "56685619967578726571385852838438545201981689299488058810797637488735546768106", "price": "0.97", "size": "0", "side": "SELL", "hash": "886ee3ce23b5c5e23638760da516ff7f6b26968f", "best_bid": "0.4", "best_ask": "0.49"}], "timestamp": "1769384504529", "event_type": "price_change"}}
{"_local_timestamp": "2026-01-25T23:41:44.611768+00:00", "data": {"market": "0xab63c6a3cf43c3ab99f68e4a72f6c3c0a7d06bad3fdd5b619939fe3fee0e9e5e", "price_changes": [{"asset_id": "108442430286615765527014752360734543488337168821843553883980136466628838344959", "price": "0.08", "size": "8857.33", "side": "BUY", "hash": "f405b97e015e026620ec1a262228b5c9554fa1af", "best_bid": "0.51", "best_ask": "0.6"}, {"asset_id": "56685619967578726571385852838438545201981689299488058810797637488735546768106", "price": "0.92", "size": "8857.33", "side": "SELL", "hash": "886ee3ce23b5c5e23638760da516ff7f6b26968f", "best_bid": "0.4", "best_ask": "0.49"}], "timestamp": "1769384504529", "event_type": "price_change"}}
{"_local_timestamp": "2026-01-25T23:41:44.614477+00:00", "data": {"market": "0xab63c6a3cf43c3ab99f68e4a72f6c3c0a7d06bad3fdd5b619939fe3fee0e9e5e", "price_changes": [{"asset_id": "56685619967578726571385852838438545201981689299488058810797637488735546768106", "price": "0.03", "size": "0", "side": "BUY", "hash": "e583fb093c2cbe244a9970a1587565ec8e34b801", "best_bid": "0.4", "best_ask": "0.49"}, {"asset_id": "108442430286615765527014752360734543488337168821843553883980136466628838344959", "price": "0.97", "size": "0", "side": "SELL", "hash": "9b0e5cfe23a04797ad83598a8d1bc6f287992001", "best_bid": "0.51", "best_ask": "0.6"}], "timestamp": "1769384504529", "event_type": "price_change"}}
{"_local_timestamp": "2026-01-25T23:41:44.617321+00:00", "data": {"market": "0xab63c6a3cf43c3ab99f68e4a72f6c3c0a7d06bad3fdd5b619939fe3fee0e9e5e", "price_changes": [{"asset_id": "56685619967578726571385852838438545201981689299488058810797637488735546768106", "price": "0.14", "size": "0", "side": "BUY", "hash": "e583fb093c2cbe244a9970a1587565ec8e34b801", "best_bid": "0.4", "best_ask": "0.49"}, {"asset_id": "108442430286615765527014752360734543488337168821843553883980136466628838344959", "price": "0.86", "size": "0", "side": "SELL", "hash": "9b0e5cfe23a04797ad83598a8d1bc6f287992001", "best_bid": "0.51", "best_ask": "0.6"}], "timestamp": "1769384504529", "event_type": "price_change"}}
{"_local_timestamp": "2026-01-25T23:41:44.767730+00:00", "data": {"market": "0xab63c6a3cf43c3ab99f68e4a72f6c3c0a7d06bad3fdd5b619939fe3fee0e9e5e", "price_changes": [{"asset_id": "108442430286615765527014752360734543488337168821843553883980136466628838344959", "price": "0.02", "size": "13499.11", "side": "BUY", "hash": "945aa64139a112d165fcf4829543cfffa34eb5a1", "best_bid": "0.51", "best_ask": "0.6"}, {"asset_id": "56685619967578726571385852838438545201981689299488058810797637488735546768106", "price": "0.98", "size": "13499.11", "side": "SELL", "hash": "d8790595fd526c006d2bbcfc0a5cc9322c8d370d", "best_bid": "0.4", "best_ask": "0.49"}], "timestamp": "1769384504696", "event_type": "price_change"}}
{"_local_timestamp": "2026-01-25T23:41:44.770789+00:00", "data": {"market": "0xab63c6a3cf43c3ab99f68e4a72f6c3c0a7d06bad3fdd5b619939fe3fee0e9e5e", "price_changes": [{"asset_id": "56685619967578726571385852838438545201981689299488058810797637488735546768106", "price": "0.02", "size": "13504.32", "side": "BUY", "hash": "2522313342f7573015830466fa05ebb4dc33f618", "best_bid": "0.4", "best_ask": "0.49"}, {"asset_id": "108442430286615765527014752360734543488337168821843553883980136466628838344959", "price": "0.98", "size": "13504.32", "side": "SELL", "hash": "ace31bf7af6dd425c956de8bc04033d81148d953", "best_bid": "0.51", "best_ask": "0.6"}], "timestamp": "1769384504697", "event_type": "price_change"}}
{"_local_timestamp": "2026-01-25T23:41:44.773743+00:00", "data": {"market": "0xab63c6a3cf43c3ab99f68e4a72f6c3c0a7d06bad3fdd5b619939fe3fee0e9e5e", "price_changes": [{"asset_id": "108442430286615765527014752360734543488337168821843553883980136466628838344959", "price": "0.1", "size": "400", "side": "BUY", "hash": "09e1f04a971c8b932eb903a784d2b2a501a379f4", "best_bid": "0.51", "best_ask": "0.6"}, {"asset_id": "56685619967578726571385852838438545201981689299488058810797637488735546768106", "price": "0.9", "size": "400", "side": "SELL", "hash": "919c920ad378ee8588476bbc594ba0e95412c262", "best_bid": "0.4", "best_ask": "0.49"}], "timestamp": "1769384504698", "event_type": "price_change"}}
{"_local_timestamp": "2026-01-25T23:41:44.863266+00:00", "data": {"market": "0xab63c6a3cf43c3ab99f68e4a72f6c3c0a7d06bad3fdd5b619939fe3fee0e9e5e", "price_changes": [{"asset_id": "56685619967578726571385852838438545201981689299488058810797637488735546768106", "price": "0.1", "size": "2395.97", "side": "BUY", "hash": "2df9fb8efb81696c9573ed6f326e68da7a499791", "best_bid": "0.4", "best_ask": "0.49"}, {"asset_id": "108442430286615765527014752360734543488337168821843553883980136466628838344959", "price": "0.9", "size": "2395.97", "side": "SELL", "hash": "00e01252d3f7a718cbfc74d29cc376e0ce6f5541", "best_bid": "0.51", "best_ask": "0.6"}], "timestamp": "1769384504791", "event_type": "price_change"}}
{"_local_timestamp": "2026-01-25T23:41:44.866257+00:00", "data": {"market": "0xab63c6a3cf43c3ab99f68e4a72f6c3c0a7d06bad3fdd5b619939fe3fee0e9e5e", "price_changes": [{"asset_id": "56685619967578726571385852838438545201981689299488058810797637488735546768106", "price": "0.07", "size": "3690.11", "side": "BUY", "hash": "7f24748f834ef186f6c8b85e7f3b06baf7b215ac", "best_bid": "0.4", "best_ask": "0.49"}, {"asset_id": "108442430286615765527014752360734543488337168821843553883980136466628838344959", "price": "0.93", "size": "3690.11", "side": "SELL", "hash": "793b03679fa05706e538253dcfd974a5534ae601", "best_bid": "0.51", "best_ask": "0.6"}], "timestamp": "1769384504792", "event_type": "price_change"}}
{"_local_timestamp": "2026-01-25T23:41:44.869162+00:00", "data": {"market": "0xab63c6a3cf43c3ab99f68e4a72f6c3c0a7d06bad3fdd5b619939fe3fee0e9e5e", "price_changes": [{"asset_id": "108442430286615765527014752360734543488337168821843553883980136466628838344959", "price": "0.1", "size": "500", "side": "BUY", "hash": "f6007180b4fad9f091447f08d6a36c8fd234fbe5", "best_bid": "0.51", "best_ask": "0.6"}, {"asset_id": "56685619967578726571385852838438545201981689299488058810797637488735546768106", "price": "0.9", "size": "500", "side": "SELL", "hash": "d06c540da9c8b1f583aea414bdf438b9fb02b45a", "best_bid": "0.4", "best_ask": "0.49"}], "timestamp": "1769384504793", "event_type": "price_change"}}
{"_local_timestamp": "2026-01-25T23:41:44.871985+00:00", "data": {"market": "0xab63c6a3cf43c3ab99f68e4a72f6c3c0a7d06bad3fdd5b619939fe3fee0e9e5e", "price_changes": [{"asset_id": "108442430286615765527014752360734543488337168821843553883980136466628838344959", "price": "0.07", "size": "1500", "side": "BUY", "hash": "00fd3b91acedbd111bcc9bb5457cafe3206fca18", "best_bid": "0.51", "best_ask": "0.6"}, {"asset_id": "56685619967578726571385852838438545201981689299488058810797637488735546768106", "price": "0.93", "size": "1500", "side": "SELL", "hash": "9ebebac3d88b919681c7c6bb6698e6492688239f", "best_bid": "0.4", "best_ask": "0.49"}], "timestamp": "1769384504793", "event_type": "price_change"}}
{"_local_timestamp": "2026-01-25T23:41:45.866866+00:00", "data": {"market": "0xab63c6a3cf43c3ab99f68e4a72f6c3c0a7d06bad3fdd5b619939fe3fee0e9e5e", "price_changes": [{"asset_id": "108442430286615765527014752360734543488337168821843553883980136466628838344959", "price": "0.1", "size": "400", "side": "BUY", "hash": "37f8b728d6acf1a0236897eac14f307054638d50", "best_bid": "0.51", "best_ask": "0.6"}, {"asset_id": "56685619967578726571385852838438545201981689299488058810797637488735546768106", "price": "0.9", "size": "400", "side": "SELL", "hash": "ebefe7c2c1ff783f68a8bbc16c66d0d29ac880fa", "best_bid": "0.4", "best_ask": "0.49"}], "timestamp": "1769384505784", "event_type": "price_change"}}
{"_local_timestamp": "2026-01-25T23:41:45.870127+00:00", "data": {"market": "0xab63c6a3cf43c3ab99f68e4a72f6c3c0a7d06bad3fdd5b619939fe3fee0e9e5e", "price_changes": [{"asset_id": "56685619967578726571385852838438545201981689299488058810797637488735546768106", "price": "0.15", "size": "0", "side": "BUY", "hash": "da443876f82be6d72e8c56ce3c059efc78b92704", "best_bid": "0.4", "best_ask": "0.49"}, {"asset_id": "108442430286615765527014752360734543488337168821843553883980136466628838344959", "price": "0.85", "size": "0", "side": "SELL", "hash": "e97a2f0d8863535b8c88207d84abd8fede5b7400", "best_bid": "0.51", "best_ask": "0.6"}], "timestamp": "1769384505785", "event_type": "price_change"}}
{"_local_timestamp": "2026-01-25T23:41:45.906565+00:00", "data": {"market": "0xab63c6a3cf43c3ab99f68e4a72f6c3c0a7d06bad3fdd5b619939fe3fee0e9e5e", "price_changes": [{"asset_id": "108442430286615765527014752360734543488337168821843553883980136466628838344959", "price": "0.12", "size": "0", "side": "BUY", "hash": "7187e350a1c39f727fb24a5d41e575846ece90b0", "best_bid": "0.51", "best_ask": "0.6"}, {"asset_id": "56685619967578726571385852838438545201981689299488058810797637488735546768106", "price": "0.88", "size": "0", "side": "SELL", "hash": "3fdf9ce71d78713304d48a9ccc4156f2d8278b80", "best_bid": "0.4", "best_ask": "0.49"}], "timestamp": "1769384505826", "event_type": "price_change"}}
{"_local_timestamp": "2026-01-25T23:41:45.909528+00:00", "data": {"market": "0xab63c6a3cf43c3ab99f68e4a72f6c3c0a7d06bad3fdd5b619939fe3fee0e9e5e", "price_changes": [{"asset_id": "56685619967578726571385852838438545201981689299488058810797637488735546768106", "price": "0.09", "size": "0", "side": "BUY", "hash": "fda0c51107b255228ad73be08341daa5a9467ac8", "best_bid": "0.4", "best_ask": "0.49"}, {"asset_id": "108442430286615765527014752360734543488337168821843553883980136466628838344959", "price": "0.91", "size": "0", "side": "SELL", "hash": "b3734993ddaf34b3abe814263f4c258b486ec1d8", "best_bid": "0.51", "best_ask": "0.6"}], "timestamp": "1769384505826", "event_type": "price_change"}}
{"_local_timestamp": "2026-01-25T23:41:45.930714+00:00", "data": {"market": "0xab63c6a3cf43c3ab99f68e4a72f6c3c0a7d06bad3fdd5b619939fe3fee0e9e5e", "price_changes": [{"asset_id": "108442430286615765527014752360734543488337168821843553883980136466628838344959", "price": "0.03", "size": "10999.11", "side": "BUY", "hash": "b925c9db7035dd3d524e1a0ba802278a91152290", "best_bid": "0.51", "best_ask": "0.6"}, {"asset_id": "56685619967578726571385852838438545201981689299488058810797637488735546768106", "price": "0.97", "size": "10999.11", "side": "SELL", "hash": "0af5455ef6b49b13a84186ae684079919c1a0644", "best_bid": "0.4", "best_ask": "0.49"}], "timestamp": "1769384505866", "event_type": "price_change"}}
{"_local_timestamp": "2026-01-25T23:41:45.940238+00:00", "data": {"market": "0xab63c6a3cf43c3ab99f68e4a72f6c3c0a7d06bad3fdd5b619939fe3fee0e9e5e", "price_changes": [{"asset_id": "56685619967578726571385852838438545201981689299488058810797637488735546768106", "price": "0.03", "size": "10999.11", "side": "BUY", "hash": "f4ac402538d8b43548f9d92d01ff469f07c269d9", "best_bid": "0.4", "best_ask": "0.49"}, {"asset_id": "108442430286615765527014752360734543488337168821843553883980136466628838344959", "price": "0.97", "size": "10999.11", "side": "SELL", "hash": "9b9e798d926bf667f43f8518d7180d4e65e14b6c", "best_bid": "0.51", "best_ask": "0.6"}], "timestamp": "1769384505867", "event_type": "price_change"}}
{"_local_timestamp": "2026-01-25T23:41:45.943186+00:00", "data": {"market": "0xab63c6a3cf43c3ab99f68e4a72f6c3c0a7d06bad3fdd5b619939fe3fee0e9e5e", "price_changes": [{"asset_id": "56685619967578726571385852838438545201981689299488058810797637488735546768106", "price": "0.11", "size": "2190.11", "side": "BUY", "hash": "362b0e6fb0aa2ebba7239a62fa5387fc7b4181f0", "best_bid": "0.4", "best_ask": "0.49"}, {"asset_id": "108442430286615765527014752360734543488337168821843553883980136466628838344959", "price": "0.89", "size": "2190.11", "side": "SELL", "hash": "5a0926424d729cc40873420e810aa176c7a00006", "best_bid": "0.51", "best_ask": "0.6"}], "timestamp": "1769384505868", "event_type": "price_change"}}
{"_local_timestamp": "2026-01-25T23:41:46.110887+00:00", "data": {"market": "0xab63c6a3cf43c3ab99f68e4a72f6c3c0a7d06bad3fdd5b619939fe3fee0e9e5e", "price_changes": [{"asset_id": "56685619967578726571385852838438545201981689299488058810797637488735546768106", "price": "0.11", "size": "2290.11", "side": "BUY", "hash": "59ff9eb740d8705706fc43223ccc6b519eaa49e5", "best_bid": "0.4", "best_ask": "0.49"}, {"asset_id": "108442430286615765527014752360734543488337168821843553883980136466628838344959", "price": "0.89", "size": "2290.11", "side": "SELL", "hash": "34b594f97fbb1d0ca7cd692507c1e6f2447a66a3", "best_bid": "0.51", "best_ask": "0.6"}], "timestamp": "1769384506018", "event_type": "price_change"}}
{"_local_timestamp": "2026-01-25T23:41:46.169879+00:00", "data": {"market": "0xab63c6a3cf43c3ab99f68e4a72f6c3c0a7d06bad3fdd5b619939fe3fee0e9e5e", "price_changes": [{"asset_id": "56685619967578726571385852838438545201981689299488058810797637488735546768106", "price": "0.12", "size": "3997.11", "side": "BUY", "hash": "781f4132349c0fe5238b6fa96ad3986cc5b46766", "best_bid": "0.4", "best_ask": "0.49"}, {"asset_id": "108442430286615765527014752360734543488337168821843553883980136466628838344959", "price": "0.88", "size": "3997.11", "side": "SELL", "hash": "1c1f07b873c77c905cc6ece53b2a9d37ce85d2f9", "best_bid": "0.51", "best_ask": "0.6"}], "timestamp": "1769384506099", "event_type": "price_change"}}
{"_local_timestamp": "2026-01-25T23:41:46.173066+00:00", "data": {"market": "0xab63c6a3cf43c3ab99f68e4a72f6c3c0a7d06bad3fdd5b619939fe3fee0e9e5e", "price_changes": [{"asset_id": "56685619967578726571385852838438545201981689299488058810797637488735546768106", "price": "0.12", "size": "6267.22", "side": "BUY", "hash": "bb3249134858200f70f5902e2608573d63545804", "best_bid": "0.4", "best_ask": "0.49"}, {"asset_id": "108442430286615765527014752360734543488337168821843553883980136466628838344959", "price": "0.88", "size": "6267.22", "side": "SELL", "hash": "b41b9328f3f1091d3cad8515b08cecc368561888", "best_bid": "0.51", "best_ask": "0.6"}], "timestamp": "1769384506100", "event_type": "price_change"}}
{"_local_timestamp": "2026-01-25T23:41:46.175989+00:00", "data": {"market": "0xab63c6a3cf43c3ab99f68e4a72f6c3c0a7d06bad3fdd5b619939fe3fee0e9e5e", "price_changes": [{"asset_id": "56685619967578726571385852838438545201981689299488058810797637488735546768106", "price": "0.12", "size": "8457.33", "side": "BUY", "hash": "4807765358b182b7c313366a59edc446ab9598f4", "best_bid": "0.4", "best_ask": "0.49"}, {"asset_id": "108442430286615765527014752360734543488337168821843553883980136466628838344959", "price": "0.88", "size": "8457.33", "side": "SELL", "hash": "28c5d544ff1570cba6690ad1810165e158184674", "best_bid": "0.51", "best_ask": "0.6"}], "timestamp": "1769384506101", "event_type": "price_change"}}
{"_local_timestamp": "2026-01-25T23:41:48.642497+00:00", "data": {"market": "0xab63c6a3cf43c3ab99f68e4a72f6c3c0a7d06bad3fdd5b619939fe3fee0e9e5e", "price_changes": [{"asset_id": "108442430286615765527014752360734543488337168821843553883980136466628838344959", "price": "0.08", "size": "8457.33", "side": "BUY", "hash": "1a282b59b9b873f4bb5b7c488bf96ef3f6bc415d", "best_bid": "0.51", "best_ask": "0.6"}, {"asset_id": "56685619967578726571385852838438545201981689299488058810797637488735546768106", "price": "0.92", "size": "8457.33", "side": "SELL", "hash": "a4fa668ce91777a548b74b7b875d4f1a3bf5ca3e", "best_bid": "0.4", "best_ask": "0.49"}], "timestamp": "1769384508569", "event_type": "price_change"}}
{"_local_timestamp": "2026-01-25T23:41:48.723763+00:00", "data": {"market": "0xab63c6a3cf43c3ab99f68e4a72f6c3c0a7d06bad3fdd5b619939fe3fee0e9e5e", "price_changes": [{"asset_id": "108442430286615765527014752360734543488337168821843553883980136466628838344959", "price": "0.02", "size": "2500", "side": "BUY", "hash": "cda04178e2ee13bc75b3250ce0543f9ee58e5347", "best_bid": "0.51", "best_ask": "0.6"}, {"asset_id": "56685619967578726571385852838438545201981689299488058810797637488735546768106", "price": "0.98", "size": "2500", "side": "SELL", "hash": "3ba3a0aae3ab91894ab412eb977a113d5d337d3a", "best_bid": "0.4", "best_ask": "0.49"}], "timestamp": "1769384508648", "event_type": "price_change"}}
{"_local_timestamp": "2026-01-25T23:41:48.727100+00:00", "data": {"market": "0xab63c6a3cf43c3ab99f68e4a72f6c3c0a7d06bad3fdd5b619939fe3fee0e9e5e", "price_changes": [{"asset_id": "56685619967578726571385852838438545201981689299488058810797637488735546768106", "price": "0.02", "size": "2505.21", "side": "BUY", "hash": "475e8419b29859764ea0925ed4fe8ded6c90545c", "best_bid": "0.4", "best_ask": "0.49"}, {"asset_id": "108442430286615765527014752360734543488337168821843553883980136466628838344959", "price": "0.98", "size": "2505.21", "side": "SELL", "hash": "a874f8da8b91803c5fff842d1303b6ef2e35b9e5", "best_bid": "0.51", "best_ask": "0.6"}], "timestamp": "1769384508648", "event_type": "price_change"}}
{"_local_timestamp": "2026-01-25T23:41:48.730289+00:00", "data": {"market": "0xab63c6a3cf43c3ab99f68e4a72f6c3c0a7d06bad3fdd5b619939fe3fee0e9e5e", "price_changes": [{"asset_id": "56685619967578726571385852838438545201981689299488058810797637488735546768106", "price": "0.12", "size": "4460.22", "side": "BUY", "hash": "475e8419b29859764ea0925ed4fe8ded6c90545c", "best_bid": "0.4", "best_ask": "0.49"}, {"asset_id": "108442430286615765527014752360734543488337168821843553883980136466628838344959", "price": "0.88", "size": "4460.22", "side": "SELL", "hash": "a874f8da8b91803c5fff842d1303b6ef2e35b9e5", "best_bid": "0.51", "best_ask": "0.6"}], "timestamp": "1769384508648", "event_type": "price_change"}}
{"_local_timestamp": "2026-01-25T23:41:48.834382+00:00", "data": {"market": "0xab63c6a3cf43c3ab99f68e4a72f6c3c0a7d06bad3fdd5b619939fe3fee0e9e5e", "price_changes": [{"asset_id": "56685619967578726571385852838438545201981689299488058810797637488735546768106", "price": "0.08", "size": "8457.33", "side": "BUY", "hash": "30d297dd8a86c67abce4518a4a07db5088375b38", "best_bid": "0.4", "best_ask": "0.49"}, {"asset_id": "108442430286615765527014752360734543488337168821843553883980136466628838344959", "price": "0.92", "size": "8457.33", "side": "SELL", "hash": "31044cb9bc05dc2e50a6be2b1e54bd9f6e17cb1b", "best_bid": "0.51", "best_ask": "0.6"}], "timestamp": "1769384508759", "event_type": "price_change"}}
{"_local_timestamp": "2026-01-25T23:41:48.837292+00:00", "data": {"market": "0xab63c6a3cf43c3ab99f68e4a72f6c3c0a7d06bad3fdd5b619939fe3fee0e9e5e", "price_changes": [{"asset_id": "56685619967578726571385852838438545201981689299488058810797637488735546768106", "price": "0.07", "size": "1500", "side": "BUY", "hash": "30d297dd8a86c67abce4518a4a07db5088375b38", "best_bid": "0.4", "best_ask": "0.49"}, {"asset_id": "108442430286615765527014752360734543488337168821843553883980136466628838344959", "price": "0.93", "size": "1500", "side": "SELL", "hash": "31044cb9bc05dc2e50a6be2b1e54bd9f6e17cb1b", "best_bid": "0.51", "best_ask": "0.6"}], "timestamp": "1769384508759", "event_type": "price_change"}}
{"_local_timestamp": "2026-01-25T23:41:48.839992+00:00", "data": {"market": "0xab63c6a3cf43c3ab99f68e4a72f6c3c0a7d06bad3fdd5b619939fe3fee0e9e5e", "price_changes": [{"asset_id": "56685619967578726571385852838438545201981689299488058810797637488735546768106", "price": "0.12", "size": "0", "side": "BUY", "hash": "30d297dd8a86c67abce4518a4a07db5088375b38", "best_bid": "0.4", "best_ask": "0.49"}, {"asset_id": "108442430286615765527014752360734543488337168821843553883980136466628838344959", "price": "0.88", "size": "0", "side": "SELL", "hash": "31044cb9bc05dc2e50a6be2b1e54bd9f6e17cb1b", "best_bid": "0.51", "best_ask": "0.6"}], "timestamp": "1769384508759", "event_type": "price_change"}}
{"_local_timestamp": "2026-01-25T23:41:48.931564+00:00", "data": {"market": "0xab63c6a3cf43c3ab99f68e4a72f6c3c0a7d06bad3fdd5b619939fe3fee0e9e5e", "price_changes": [{"asset_id": "108442430286615765527014752360734543488337168821843553883980136466628838344959", "price": "0.11", "size": "405.84", "side": "BUY", "hash": "cf3ff3e044dc98dd0aa834b0d32d3c36803492f5", "best_bid": "0.51", "best_ask": "0.6"}, {"asset_id": "56685619967578726571385852838438545201981689299488058810797637488735546768106", "price": "0.89", "size": "405.84", "side": "SELL", "hash": "595b3dce7ed549f47b1c102ac58898cbcc4e7e31", "best_bid": "0.4", "best_ask": "0.49"}], "timestamp": "1769384508855", "event_type": "price_change"}}
{"_local_timestamp": "2026-01-25T23:41:58.736770+00:00", "data": {"market": "0xab63c6a3cf43c3ab99f68e4a72f6c3c0a7d06bad3fdd5b619939fe3fee0e9e5e", "price_changes": [{"asset_id": "56685619967578726571385852838438545201981689299488058810797637488735546768106", "price": "0.02", "size": "2205.21", "side": "BUY", "hash": "9412006145a434a36f850e3de69a6ff7cf8b3e1c", "best_bid": "0.4", "best_ask": "0.49"}, {"asset_id": "108442430286615765527014752360734543488337168821843553883980136466628838344959", "price": "0.98", "size": "2205.21", "side": "SELL", "hash": "fb7084e1ae6468eede7fe3e23750a32779f5dce5", "best_bid": "0.51", "best_ask": "0.6"}], "timestamp": "1769384518665", "event_type": "price_change"}}
{"_local_timestamp": "2026-01-25T23:41:58.740490+00:00", "data": {"market": "0xab63c6a3cf43c3ab99f68e4a72f6c3c0a7d06bad3fdd5b619939fe3fee0e9e5e", "price_changes": [{"asset_id": "108442430286615765527014752360734543488337168821843553883980136466628838344959", "price": "0.02", "size": "2200", "side": "BUY", "hash": "69e49debde867aebfa394ec11c1e883c67ed4ac4", "best_bid": "0.51", "best_ask": "0.6"}, {"asset_id": "56685619967578726571385852838438545201981689299488058810797637488735546768106", "price": "0.98", "size": "2200", "side": "SELL", "hash": "6d9f3b353769c71a441afc37cda3091d50fff8ca", "best_bid": "0.4", "best_ask": "0.49"}], "timestamp": "1769384518666", "event_type": "price_change"}}
{"_local_timestamp": "2026-01-25T23:41:58.812128+00:00", "data": {"market": "0xab63c6a3cf43c3ab99f68e4a72f6c3c0a7d06bad3fdd5b619939fe3fee0e9e5e", "price_changes": [{"asset_id": "108442430286615765527014752360734543488337168821843553883980136466628838344959", "price": "0.02", "size": "13199.11", "side": "BUY", "hash": "032d9b05eabd57d4b13262272d2f4ea43d4c0f4c", "best_bid": "0.51", "best_ask": "0.6"}, {"asset_id": "56685619967578726571385852838438545201981689299488058810797637488735546768106", "price": "0.98", "size": "13199.11", "side": "SELL", "hash": "66033a6354b373ed4e0794265c49e667de43efd3", "best_bid": "0.4", "best_ask": "0.49"}], "timestamp": "1769384518747", "event_type": "price_change"}}
{"_local_timestamp": "2026-01-25T23:41:58.817789+00:00", "data": {"market": "0xab63c6a3cf43c3ab99f68e4a72f6c3c0a7d06bad3fdd5b619939fe3fee0e9e5e", "price_changes": [{"asset_id": "56685619967578726571385852838438545201981689299488058810797637488735546768106", "price": "0.02", "size": "13204.32", "side": "BUY", "hash": "96eeee8fcfe99ed33095e64e59ff5759c919fe36", "best_bid": "0.4", "best_ask": "0.49"}, {"asset_id": "108442430286615765527014752360734543488337168821843553883980136466628838344959", "price": "0.98", "size": "13204.32", "side": "SELL", "hash": "803555c4a53a2e8daba2ed3caab6a059f33dd824", "best_bid": "0.51", "best_ask": "0.6"}], "timestamp": "1769384518747", "event_type": "price_change"}}
{"_local_timestamp": "2026-01-25T23:41:58.956922+00:00", "data": {"market": "0xab63c6a3cf43c3ab99f68e4a72f6c3c0a7d06bad3fdd5b619939fe3fee0e9e5e", "price_changes": [{"asset_id": "108442430286615765527014752360734543488337168821843553883980136466628838344959", "price": "0.03", "size": "11299.11", "side": "BUY", "hash": "e4cb76b24d31557b77d314bfa4c7fb5c3a9c5f56", "best_bid": "0.51", "best_ask": "0.6"}, {"asset_id": "56685619967578726571385852838438545201981689299488058810797637488735546768106", "price": "0.97", "size": "11299.11", "side": "SELL", "hash": "b480eb0a9cd70e7a484fb4a1313a9a4f98d22396", "best_bid": "0.4", "best_ask": "0.49"}], "timestamp": "1769384518889", "event_type": "price_change"}}
{"_local_timestamp": "2026-01-25T23:41:58.960222+00:00", "data": {"market": "0xab63c6a3cf43c3ab99f68e4a72f6c3c0a7d06bad3fdd5b619939fe3fee0e9e5e", "price_changes": [{"asset_id": "56685619967578726571385852838438545201981689299488058810797637488735546768106", "price": "0.03", "size": "11299.11", "side": "BUY", "hash": "696dfc154028eb26b97b886f1e21f0492cb178a6", "best_bid": "0.4", "best_ask": "0.49"}, {"asset_id": "108442430286615765527014752360734543488337168821843553883980136466628838344959", "price": "0.97", "size": "11299.11", "side": "SELL", "hash": "567ed8901a5fa29ec96177ddcb051b4cbceeff59", "best_bid": "0.51", "best_ask": "0.6"}], "timestamp": "1769384518890", "event_type": "price_change"}}
{"_local_timestamp": "2026-01-25T23:41:59.955788+00:00", "data": {"market": "0xab63c6a3cf43c3ab99f68e4a72f6c3c0a7d06bad3fdd5b619939fe3fee0e9e5e", "price_changes": [{"asset_id": "108442430286615765527014752360734543488337168821843553883980136466628838344959", "price": "0.1", "size": "300", "side": "BUY", "hash": "2cf1a3557db30766fd59ea6b58f567e146b61b4f", "best_bid": "0.51", "best_ask": "0.6"}, {"asset_id": "56685619967578726571385852838438545201981689299488058810797637488735546768106", "price": "0.9", "size": "300", "side": "SELL", "hash": "84235686650b2699e0e6703d69dfc733fc6c450d", "best_bid": "0.4", "best_ask": "0.49"}], "timestamp": "1769384519879", "event_type": "price_change"}}
{"_local_timestamp": "2026-01-25T23:42:00.228487+00:00", "data": {"market": "0xab63c6a3cf43c3ab99f68e4a72f6c3c0a7d06bad3fdd5b619939fe3fee0e9e5e", "price_changes": [{"asset_id": "108442430286615765527014752360734543488337168821843553883980136466628838344959", "price": "0.11", "size": "505.84", "side": "BUY", "hash": "3914f3b7fac019a12fe97ca8ace909ab2e0c86f1", "best_bid": "0.51", "best_ask": "0.6"}, {"asset_id": "56685619967578726571385852838438545201981689299488058810797637488735546768106", "price": "0.89", "size": "505.84", "side": "SELL", "hash": "baa96d9086396272dd5cc5d74e985087d7ee56a2", "best_bid": "0.4", "best_ask": "0.49"}], "timestamp": "1769384520156", "event_type": "price_change"}}
{"_local_timestamp": "2026-01-25T23:42:04.784903+00:00", "data": {"market": "0xab63c6a3cf43c3ab99f68e4a72f6c3c0a7d06bad3fdd5b619939fe3fee0e9e5e", "price_changes": [{"asset_id": "56685619967578726571385852838438545201981689299488058810797637488735546768106", "price": "0.1", "size": "2295.97", "side": "BUY", "hash": "141734b78c2f28f102b4504e83135c04348b0677", "best_bid": "0.4", "best_ask": "0.49"}, {"asset_id": "108442430286615765527014752360734543488337168821843553883980136466628838344959", "price": "0.9", "size": "2295.97", "side": "SELL", "hash": "d3a08df687bd569c26a45f7540b26f24e5703891", "best_bid": "0.51", "best_ask": "0.6"}], "timestamp": "1769384524694", "event_type": "price_change"}}
{"_local_timestamp": "2026-01-25T23:42:04.788019+00:00", "data": {"market": "0xab63c6a3cf43c3ab99f68e4a72f6c3c0a7d06bad3fdd5b619939fe3fee0e9e5e", "price_changes": [{"asset_id": "56685619967578726571385852838438545201981689299488058810797637488735546768106", "price": "0.07", "size": "1400", "side": "BUY", "hash": "141734b78c2f28f102b4504e83135c04348b0677", "best_bid": "0.4", "best_ask": "0.49"}, {"asset_id": "108442430286615765527014752360734543488337168821843553883980136466628838344959", "price": "0.93", "size": "1400", "side": "SELL", "hash": "d3a08df687bd569c26a45f7540b26f24e5703891", "best_bid": "0.51", "best_ask": "0.6"}], "timestamp": "1769384524694", "event_type": "price_change"}}
{"_local_timestamp": "2026-01-25T23:42:04.790924+00:00", "data": {"market": "0xab63c6a3cf43c3ab99f68e4a72f6c3c0a7d06bad3fdd5b619939fe3fee0e9e5e", "price_changes": [{"asset_id": "108442430286615765527014752360734543488337168821843553883980136466628838344959", "price": "0.1", "size": "200", "side": "BUY", "hash": "5122b38f3d8e0562cd2928ac309dc73e6a3a00b6", "best_bid": "0.51", "best_ask": "0.6"}, {"asset_id": "56685619967578726571385852838438545201981689299488058810797637488735546768106", "price": "0.9", "size": "200", "side": "SELL", "hash": "870da77c247140562006f8721cc383db479c6e0b", "best_bid": "0.4", "best_ask": "0.49"}], "timestamp": "1769384524695", "event_type": "price_change"}}
{"_local_timestamp": "2026-01-25T23:42:04.793749+00:00", "data": {"market": "0xab63c6a3cf43c3ab99f68e4a72f6c3c0a7d06bad3fdd5b619939fe3fee0e9e5e", "price_changes": [{"asset_id": "108442430286615765527014752360734543488337168821843553883980136466628838344959", "price": "0.07", "size": "1400", "side": "BUY", "hash": "5122b38f3d8e0562cd2928ac309dc73e6a3a00b6", "best_bid": "0.51", "best_ask": "0.6"}, {"asset_id": "56685619967578726571385852838438545201981689299488058810797637488735546768106", "price": "0.93", "size": "1400", "side": "SELL", "hash": "870da77c247140562006f8721cc383db479c6e0b", "best_bid": "0.4", "best_ask": "0.49"}], "timestamp": "1769384524695", "event_type": "price_change"}}
{"_local_timestamp": "2026-01-25T23:42:04.826498+00:00", "data": {"market": "0xab63c6a3cf43c3ab99f68e4a72f6c3c0a7d06bad3fdd5b619939fe3fee0e9e5e", "price_changes": [{"asset_id": "108442430286615765527014752360734543488337168821843553883980136466628838344959", "price": "0.03", "size": "300", "side": "BUY", "hash": "02e67df5a10357296c49558bfd3fe95a30ee94c7", "best_bid": "0.51", "best_ask": "0.6"}, {"asset_id": "56685619967578726571385852838438545201981689299488058810797637488735546768106", "price": "0.97", "size": "300", "side": "SELL", "hash": "de56547746bdbb242c555a368e2a77d96a99fc2a", "best_bid": "0.4", "best_ask": "0.49"}], "timestamp": "1769384524764", "event_type": "price_change"}}
{"_local_timestamp": "2026-01-25T23:42:04.836334+00:00", "data": {"market": "0xab63c6a3cf43c3ab99f68e4a72f6c3c0a7d06bad3fdd5b619939fe3fee0e9e5e", "price_changes": [{"asset_id": "56685619967578726571385852838438545201981689299488058810797637488735546768106", "price": "0.03", "size": "300", "side": "BUY", "hash": "653fca96f500efa35347c36b40df5566f3411bf6", "best_bid": "0.4", "best_ask": "0.49"}, {"asset_id": "108442430286615765527014752360734543488337168821843553883980136466628838344959", "price": "0.97", "size": "300", "side": "SELL", "hash": "dd9f911deacc3d1eeb3fd703ccd6dbb864dbff8f", "best_bid": "0.51", "best_ask": "0.6"}], "timestamp": "1769384524764", "event_type": "price_change"}}
{"_local_timestamp": "2026-01-25T23:42:04.852453+00:00", "data": {"market": "0xab63c6a3cf43c3ab99f68e4a72f6c3c0a7d06bad3fdd5b619939fe3fee0e9e5e", "price_changes": [{"asset_id": "56685619967578726571385852838438545201981689299488058810797637488735546768106", "price": "0.04", "size": "11005.53", "side": "BUY", "hash": "37fbe4bf7b27fd582c3b24cf2cc857c12d7cf183", "best_bid": "0.4", "best_ask": "0.49"}, {"asset_id": "108442430286615765527014752360734543488337168821843553883980136466628838344959", "price": "0.96", "size": "11005.53", "side": "SELL", "hash": "eb152d76d3023a1b940b1e7cab90a943cf661691", "best_bid": "0.51", "best_ask": "0.6"}], "timestamp": "1769384524785", "event_type": "price_change"}}
{"_local_timestamp": "2026-01-25T23:42:04.855592+00:00", "data": {"market": "0xab63c6a3cf43c3ab99f68e4a72f6c3c0a7d06bad3fdd5b619939fe3fee0e9e5e", "price_changes": [{"asset_id": "56685619967578726571385852838438545201981689299488058810797637488735546768106", "price": "0.08", "size": "10647.44", "side": "BUY", "hash": "0cc8288a571f7db9a17620c40d6cafdc692e8e79", "best_bid": "0.4", "best_ask": "0.49"}, {"asset_id": "108442430286615765527014752360734543488337168821843553883980136466628838344959", "price": "0.92", "size": "10647.44", "side": "SELL", "hash": "e5655f8bfed60c3e0f57e952026f78221aeb3d4c", "best_bid": "0.51", "best_ask": "0.6"}], "timestamp": "1769384524788", "event_type": "price_change"}}
{"_local_timestamp": "2026-01-25T23:42:04.870887+00:00", "data": {"market": "0xab63c6a3cf43c3ab99f68e4a72f6c3c0a7d06bad3fdd5b619939fe3fee0e9e5e", "price_changes": [{"asset_id": "56685619967578726571385852838438545201981689299488058810797637488735546768106", "price": "0.07", "size": "3590.11", "side": "BUY", "hash": "848156ebeb237debbb2712698d5123cbebf4c3fc", "best_bid": "0.4", "best_ask": "0.49"}, {"asset_id": "108442430286615765527014752360734543488337168821843553883980136466628838344959", "price": "0.93", "size": "3590.11", "side": "SELL", "hash": "244a345b06211e7548e713c34bc884e269dd1691", "best_bid": "0.51", "best_ask": "0.6"}], "timestamp": "1769384524790", "event_type": "price_change"}}
{"_local_timestamp": "2026-01-25T23:42:04.874102+00:00", "data": {"market": "0xab63c6a3cf43c3ab99f68e4a72f6c3c0a7d06bad3fdd5b619939fe3fee0e9e5e", "price_changes": [{"asset_id": "108442430286615765527014752360734543488337168821843553883980136466628838344959", "price": "0.04", "size": "11005.47", "side": "BUY", "hash": "b47bf3432ad1d5fc8d56c740617b1550398855c8", "best_bid": "0.51", "best_ask": "0.6"}, {"asset_id": "56685619967578726571385852838438545201981689299488058810797637488735546768106", "price": "0.96", "size": "11005.47", "side": "SELL", "hash": "22b8604d075a08a264aac4b9cb73f23684badbaa", "best_bid": "0.4", "best_ask": "0.49"}], "timestamp": "1769384524792", "event_type": "price_change"}}
{"_local_timestamp": "2026-01-25T23:42:05.052080+00:00", "data": {"market": "0xab63c6a3cf43c3ab99f68e4a72f6c3c0a7d06bad3fdd5b619939fe3fee0e9e5e", "price_changes": [{"asset_id": "56685619967578726571385852838438545201981689299488058810797637488735546768106", "price": "0.11", "size": "2390.11", "side": "BUY", "hash": "23e0e2acbc2ad395355eb5672b913347bbe84b3a", "best_bid": "0.4", "best_ask": "0.49"}, {"asset_id": "108442430286615765527014752360734543488337168821843553883980136466628838344959", "price": "0.89", "size": "2390.11", "side": "SELL", "hash": "1758ca07bf568889a250f6c23ad1af2399074e45", "best_bid": "0.51", "best_ask": "0.6"}], "timestamp": "1769384524970", "event_type": "price_change"}}
{"_local_timestamp": "2026-01-25T23:42:05.074613+00:00", "data": {"market": "0xab63c6a3cf43c3ab99f68e4a72f6c3c0a7d06bad3fdd5b619939fe3fee0e9e5e", "price_changes": [{"asset_id": "108442430286615765527014752360734543488337168821843553883980136466628838344959", "price": "0.03", "size": "400", "side": "BUY", "hash": "1ab5a4d106c4fc772952b3f58b0a66bca355e838", "best_bid": "0.51", "best_ask": "0.6"}, {"asset_id": "56685619967578726571385852838438545201981689299488058810797637488735546768106", "price": "0.97", "size": "400", "side": "SELL", "hash": "a1cbb72edd892de3011e9c18f236d0f445bd06f9", "best_bid": "0.4", "best_ask": "0.49"}], "timestamp": "1769384524979", "event_type": "price_change"}}
{"_local_timestamp": "2026-01-25T23:42:05.077693+00:00", "data": {"market": "0xab63c6a3cf43c3ab99f68e4a72f6c3c0a7d06bad3fdd5b619939fe3fee0e9e5e", "price_changes": [{"asset_id": "56685619967578726571385852838438545201981689299488058810797637488735546768106", "price": "0.03", "size": "400", "side": "BUY", "hash": "841f2220d0ca7d3197596b05fb38e5de70861a8f", "best_bid": "0.4", "best_ask": "0.49"}, {"asset_id": "108442430286615765527014752360734543488337168821843553883980136466628838344959", "price": "0.97", "size": "400", "side": "SELL", "hash": "efd0332f002c899f2bc0656b728676eb7923731d", "best_bid": "0.51", "best_ask": "0.6"}], "timestamp": "1769384524985", "event_type": "price_change"}}
{"_local_timestamp": "2026-01-25T23:42:05.086487+00:00", "data": {"market": "0xab63c6a3cf43c3ab99f68e4a72f6c3c0a7d06bad3fdd5b619939fe3fee0e9e5e", "price_changes": [{"asset_id": "108442430286615765527014752360734543488337168821843553883980136466628838344959", "price": "0.08", "size": "8557.33", "side": "BUY", "hash": "35272df0deb741627aa1796a1d65b686afe1a559", "best_bid": "0.51", "best_ask": "0.6"}, {"asset_id": "56685619967578726571385852838438545201981689299488058810797637488735546768106", "price": "0.92", "size": "8557.33", "side": "SELL", "hash": "7fe5164816c9c6a693c1df16cb9ee3a0a5e3f1c7", "best_bid": "0.4", "best_ask": "0.49"}], "timestamp": "1769384524988", "event_type": "price_change"}}
{"_local_timestamp": "2026-01-25T23:42:05.156257+00:00", "data": {"market": "0xab63c6a3cf43c3ab99f68e4a72f6c3c0a7d06bad3fdd5b619939fe3fee0e9e5e", "price_changes": [{"asset_id": "56685619967578726571385852838438545201981689299488058810797637488735546768106", "price": "0.09", "size": "2190.11", "side": "BUY", "hash": "f8ab77d1c62f018ced96eced2560468156fd863b", "best_bid": "0.4", "best_ask": "0.49"}, {"asset_id": "108442430286615765527014752360734543488337168821843553883980136466628838344959", "price": "0.91", "size": "2190.11", "side": "SELL", "hash": "3902b343fe956c4b432b24817e4bb2012edce35b", "best_bid": "0.51", "best_ask": "0.6"}], "timestamp": "1769384525027", "event_type": "price_change"}}
{"_local_timestamp": "2026-01-25T23:42:05.159274+00:00", "data": {"market": "0xab63c6a3cf43c3ab99f68e4a72f6c3c0a7d06bad3fdd5b619939fe3fee0e9e5e", "price_changes": [{"asset_id": "56685619967578726571385852838438545201981689299488058810797637488735546768106", "price": "0.09", "size": "6187.22", "side": "BUY", "hash": "82ced6e0d44c4065a5fa73c810e3d178ff5c88dc", "best_bid": "0.4", "best_ask": "0.49"}, {"asset_id": "108442430286615765527014752360734543488337168821843553883980136466628838344959", "price": "0.91", "size": "6187.22", "side": "SELL", "hash": "72bd1555e8322ec55bcefa73abb7a1bb30b34537", "best_bid": "0.51", "best_ask": "0.6"}], "timestamp": "1769384525029", "event_type": "price_change"}}
{"_local_timestamp": "2026-01-25T23:42:05.162158+00:00", "data": {"market": "0xab63c6a3cf43c3ab99f68e4a72f6c3c0a7d06bad3fdd5b619939fe3fee0e9e5e", "price_changes": [{"asset_id": "56685619967578726571385852838438545201981689299488058810797637488735546768106", "price": "0.09", "size": "8457.33", "side": "BUY", "hash": "2db7ac1aa0450519dcb6fd94afd352d0612d8346", "best_bid": "0.4", "best_ask": "0.49"}, {"asset_id": "108442430286615765527014752360734543488337168821843553883980136466628838344959", "price": "0.91", "size": "8457.33", "side": "SELL", "hash": "37a9b48be5f41fbf73db6f21095f03935238f49b", "best_bid": "0.51", "best_ask": "0.6"}], "timestamp": "1769384525032", "event_type": "price_change"}}
{"_local_timestamp": "2026-01-25T23:42:10.138157+00:00", "data": {"market": "0xab63c6a3cf43c3ab99f68e4a72f6c3c0a7d06bad3fdd5b619939fe3fee0e9e5e", "price_changes": [{"asset_id": "108442430286615765527014752360734543488337168821843553883980136466628838344959", "price": "0.02", "size": "12799.11", "side": "BUY", "hash": "47e03feb6390e931b5d4172fc3c5e14ae182f5de", "best_bid": "0.51", "best_ask": "0.6"}, {"asset_id": "56685619967578726571385852838438545201981689299488058810797637488735546768106", "price": "0.98", "size": "12799.11", "side": "SELL", "hash": "f5dcf598484d6049e6f18e1b0d5cd054d9f98263", "best_bid": "0.4", "best_ask": "0.49"}], "timestamp": "1769384530031", "event_type": "price_change"}}
{"_local_timestamp": "2026-01-25T23:42:10.142216+00:00", "data": {"market": "0xab63c6a3cf43c3ab99f68e4a72f6c3c0a7d06bad3fdd5b619939fe3fee0e9e5e", "price_changes": [{"asset_id": "108442430286615765527014752360734543488337168821843553883980136466628838344959", "price": "0.1", "size": "100", "side": "BUY", "hash": "47e03feb6390e931b5d4172fc3c5e14ae182f5de", "best_bid": "0.51", "best_ask": "0.6"}, {"asset_id": "56685619967578726571385852838438545201981689299488058810797637488735546768106", "price": "0.9", "size": "100", "side": "SELL", "hash": "f5dcf598484d6049e6f18e1b0d5cd054d9f98263", "best_bid": "0.4", "best_ask": "0.49"}], "timestamp": "1769384530031", "event_type": "price_change"}}
{"_local_timestamp": "2026-01-25T23:42:10.145308+00:00", "data": {"market": "0xab63c6a3cf43c3ab99f68e4a72f6c3c0a7d06bad3fdd5b619939fe3fee0e9e5e", "price_changes": [{"asset_id": "56685619967578726571385852838438545201981689299488058810797637488735546768106", "price": "0.1", "size": "2195.97", "side": "BUY", "hash": "e830265baf402e0777f05155bf5822a73ed41c73", "best_bid": "0.4", "best_ask": "0.49"}, {"asset_id": "108442430286615765527014752360734543488337168821843553883980136466628838344959", "price": "0.9", "size": "2195.97", "side": "SELL", "hash": "2cf188bd9c55ac567580ecffcace17c0f3ff33b2", "best_bid": "0.51", "best_ask": "0.6"}], "timestamp": "1769384530032", "event_type": "price_change"}}
{"_local_timestamp": "2026-01-25T23:42:10.148570+00:00", "data": {"market": "0xab63c6a3cf43c3ab99f68e4a72f6c3c0a7d06bad3fdd5b619939fe3fee0e9e5e", "price_changes": [{"asset_id": "56685619967578726571385852838438545201981689299488058810797637488735546768106", "price": "0.02", "size": "12804.32", "side": "BUY", "hash": "e830265baf402e0777f05155bf5822a73ed41c73", "best_bid": "0.4", "best_ask": "0.49"}, {"asset_id": "108442430286615765527014752360734543488337168821843553883980136466628838344959", "price": "0.98", "size": "12804.32", "side": "SELL", "hash": "2cf188bd9c55ac567580ecffcace17c0f3ff33b2", "best_bid": "0.51", "best_ask": "0.6"}], "timestamp": "1769384530032", "event_type": "price_change"}}
{"_local_timestamp": "2026-01-25T23:42:10.195214+00:00", "data": {"market": "0xab63c6a3cf43c3ab99f68e4a72f6c3c0a7d06bad3fdd5b619939fe3fee0e9e5e", "price_changes": [{"asset_id": "56685619967578726571385852838438545201981689299488058810797637488735546768106", "price": "0.12", "size": "2190.11", "side": "BUY", "hash": "81b8e487eae207b8ddafebeb82dc0b95f3d495ce", "best_bid": "0.4", "best_ask": "0.49"}, {"asset_id": "108442430286615765527014752360734543488337168821843553883980136466628838344959", "price": "0.88", "size": "2190.11", "side": "SELL", "hash": "2fe2da2dbf2088d2cad8a349539e1056b31bb496", "best_bid": "0.51", "best_ask": "0.6"}], "timestamp": "1769384530128", "event_type": "price_change"}}
{"_local_timestamp": "2026-01-25T23:42:10.216359+00:00", "data": {"market": "0xab63c6a3cf43c3ab99f68e4a72f6c3c0a7d06bad3fdd5b619939fe3fee0e9e5e", "price_changes": [{"asset_id": "56685619967578726571385852838438545201981689299488058810797637488735546768106", "price": "0.1", "size": "5.86", "side": "BUY", "hash": "9d7a2f3b54ef3429e7d1295040503ab39966160e", "best_bid": "0.4", "best_ask": "0.49"}, {"asset_id": "108442430286615765527014752360734543488337168821843553883980136466628838344959", "price": "0.9", "size": "5.86", "side": "SELL", "hash": "8ff34695f08052ba7f9175d3ec3c3b764389dce5", "best_bid": "0.51", "best_ask": "0.6"}], "timestamp": "1769384530147", "event_type": "price_change"}}
{"_local_timestamp": "2026-01-25T23:42:10.219429+00:00", "data": {"market": "0xab63c6a3cf43c3ab99f68e4a72f6c3c0a7d06bad3fdd5b619939fe3fee0e9e5e", "price_changes": [{"asset_id": "56685619967578726571385852838438545201981689299488058810797637488735546768106", "price": "0.08", "size": "8457.33", "side": "BUY", "hash": "9d7a2f3b54ef3429e7d1295040503ab39966160e", "best_bid": "0.4", "best_ask": "0.49"}, {"asset_id": "108442430286615765527014752360734543488337168821843553883980136466628838344959", "price": "0.92", "size": "8457.33", "side": "SELL", "hash": "8ff34695f08052ba7f9175d3ec3c3b764389dce5", "best_bid": "0.51", "best_ask": "0.6"}], "timestamp": "1769384530147", "event_type": "price_change"}}
{"_local_timestamp": "2026-01-25T23:42:10.222406+00:00", "data": {"market": "0xab63c6a3cf43c3ab99f68e4a72f6c3c0a7d06bad3fdd5b619939fe3fee0e9e5e", "price_changes": [{"asset_id": "56685619967578726571385852838438545201981689299488058810797637488735546768106", "price": "0.07", "size": "1400", "side": "BUY", "hash": "9d7a2f3b54ef3429e7d1295040503ab39966160e", "best_bid": "0.4", "best_ask": "0.49"}, {"asset_id": "108442430286615765527014752360734543488337168821843553883980136466628838344959", "price": "0.93", "size": "1400", "side": "SELL", "hash": "8ff34695f08052ba7f9175d3ec3c3b764389dce5", "best_bid": "0.51", "best_ask": "0.6"}], "timestamp": "1769384530147", "event_type": "price_change"}}
{"_local_timestamp": "2026-01-25T23:42:10.225320+00:00", "data": {"market": "0xab63c6a3cf43c3ab99f68e4a72f6c3c0a7d06bad3fdd5b619939fe3fee0e9e5e", "price_changes": [{"asset_id": "56685619967578726571385852838438545201981689299488058810797637488735546768106", "price": "0.04", "size": "6.42", "side": "BUY", "hash": "9d7a2f3b54ef3429e7d1295040503ab39966160e", "best_bid": "0.4", "best_ask": "0.49"}, {"asset_id": "108442430286615765527014752360734543488337168821843553883980136466628838344959", "price": "0.96", "size": "6.42", "side": "SELL", "hash": "8ff34695f08052ba7f9175d3ec3c3b764389dce5", "best_bid": "0.51", "best_ask": "0.6"}], "timestamp": "1769384530147", "event_type": "price_change"}}
{"_local_timestamp": "2026-01-25T23:42:10.228589+00:00", "data": {"market": "0xab63c6a3cf43c3ab99f68e4a72f6c3c0a7d06bad3fdd5b619939fe3fee0e9e5e", "price_changes": [{"asset_id": "56685619967578726571385852838438545201981689299488058810797637488735546768106", "price": "0.09", "size": "0", "side": "BUY", "hash": "9d7a2f3b54ef3429e7d1295040503ab39966160e", "best_bid": "0.4", "best_ask": "0.49"}, {"asset_id": "108442430286615765527014752360734543488337168821843553883980136466628838344959", "price": "0.91", "size": "0", "side": "SELL", "hash": "8ff34695f08052ba7f9175d3ec3c3b764389dce5", "best_bid": "0.51", "best_ask": "0.6"}], "timestamp": "1769384530147", "event_type": "price_change"}}
{"_local_timestamp": "2026-01-25T23:42:10.277065+00:00", "data": {"market": "0xab63c6a3cf43c3ab99f68e4a72f6c3c0a7d06bad3fdd5b619939fe3fee0e9e5e", "price_changes": [{"asset_id": "108442430286615765527014752360734543488337168821843553883980136466628838344959", "price": "0.04", "size": "6.36", "side": "BUY", "hash": "dbab66e50addf374a7bbc92ae7283dbf36e26aab", "best_bid": "0.51", "best_ask": "0.6"}, {"asset_id": "56685619967578726571385852838438545201981689299488058810797637488735546768106", "price": "0.96", "size": "6.36", "side": "SELL", "hash": "44a8efa3f824fcf483ae9bfb9e6fa178a3e541b6", "best_bid": "0.4", "best_ask": "0.49"}], "timestamp": "1769384530147", "event_type": "price_change"}}
{"_local_timestamp": "2026-01-25T23:42:10.280033+00:00", "data": {"market": "0xab63c6a3cf43c3ab99f68e4a72f6c3c0a7d06bad3fdd5b619939fe3fee0e9e5e", "price_changes": [{"asset_id": "56685619967578726571385852838438545201981689299488058810797637488735546768106", "price": "0.13", "size": "2270.11", "side": "BUY", "hash": "092f0fe1f46024bb671f88a3e654c2c05be8a210", "best_bid": "0.4", "best_ask": "0.49"}, {"asset_id": "108442430286615765527014752360734543488337168821843553883980136466628838344959", "price": "0.87", "size": "2270.11", "side": "SELL", "hash": "8362d21f985c319b172f0ae917459e5dcee9c9c3", "best_bid": "0.51", "best_ask": "0.6"}], "timestamp": "1769384530173", "event_type": "price_change"}}
{"_local_timestamp": "2026-01-25T23:42:10.282979+00:00", "data": {"market": "0xab63c6a3cf43c3ab99f68e4a72f6c3c0a7d06bad3fdd5b619939fe3fee0e9e5e", "price_changes": [{"asset_id": "56685619967578726571385852838438545201981689299488058810797637488735546768106", "price": "0.13", "size": "4460.22", "side": "BUY", "hash": "0076a2c611f042361c9a17a1d529091856d00a8f", "best_bid": "0.4", "best_ask": "0.49"}, {"asset_id": "108442430286615765527014752360734543488337168821843553883980136466628838344959", "price": "0.87", "size": "4460.22", "side": "SELL", "hash": "19d842b8fd1566de0d8ac74cde241601b9b95d66", "best_bid": "0.51", "best_ask": "0.6"}], "timestamp": "1769384530174", "event_type": "price_change"}}
{"_local_timestamp": "2026-01-25T23:42:10.285909+00:00", "data": {"market": "0xab63c6a3cf43c3ab99f68e4a72f6c3c0a7d06bad3fdd5b619939fe3fee0e9e5e", "price_changes": [{"asset_id": "56685619967578726571385852838438545201981689299488058810797637488735546768106", "price": "0.13", "size": "8457.33", "side": "BUY", "hash": "11765bb7583324c201ceb389b7475c75cb160a2c", "best_bid": "0.4", "best_ask": "0.49"}, {"asset_id": "108442430286615765527014752360734543488337168821843553883980136466628838344959", "price": "0.87", "size": "8457.33", "side": "SELL", "hash": "21532c2e6c6b9cf1f2505bc181307897227afe1b", "best_bid": "0.51", "best_ask": "0.6"}], "timestamp": "1769384530174", "event_type": "price_change"}}
{"_local_timestamp": "2026-01-25T23:42:10.288940+00:00", "data": {"market": "0xab63c6a3cf43c3ab99f68e4a72f6c3c0a7d06bad3fdd5b619939fe3fee0e9e5e", "price_changes": [{"asset_id": "56685619967578726571385852838438545201981689299488058810797637488735546768106", "price": "0.1", "size": "11004.97", "side": "BUY", "hash": "95a68b5d5a405c5aa0e03b1d59ca575ef4c1e0b7", "best_bid": "0.4", "best_ask": "0.49"}, {"asset_id": "108442430286615765527014752360734543488337168821843553883980136466628838344959", "price": "0.9", "size": "11004.97", "side": "SELL", "hash": "c930dd7528fda718c02095ccd9d6e8fd22cdea4a", "best_bid": "0.51", "best_ask": "0.6"}], "timestamp": "1769384530175", "event_type": "price_change"}}
{"_local_timestamp": "2026-01-25T23:42:10.292088+00:00", "data": {"market": "0xab63c6a3cf43c3ab99f68e4a72f6c3c0a7d06bad3fdd5b619939fe3fee0e9e5e", "price_changes": [{"asset_id": "108442430286615765527014752360734543488337168821843553883980136466628838344959", "price": "0.05", "size": "10999.11", "side": "BUY", "hash": "f283499c2b1fcde10be4ce7b0da311aa265d9b3d", "best_bid": "0.51", "best_ask": "0.6"}, {"asset_id": "56685619967578726571385852838438545201981689299488058810797637488735546768106", "price": "0.95", "size": "10999.11", "side": "SELL", "hash": "cb2776b0a2a712b694c17b90e7a01a1079928bff", "best_bid": "0.4", "best_ask": "0.49"}], "timestamp": "1769384530176", "event_type": "price_change"}}
{"_local_timestamp": "2026-01-25T23:42:10.401065+00:00", "data": {"market": "0xab63c6a3cf43c3ab99f68e4a72f6c3c0a7d06bad3fdd5b619939fe3fee0e9e5e", "price_changes": [{"asset_id": "56685619967578726571385852838438545201981689299488058810797637488735546768106", "price": "0.03", "size": "800", "side": "BUY", "hash": "c032ece715d7a2f95ccfd0e263abca79cb688d9c", "best_bid": "0.4", "best_ask": "0.49"}, {"asset_id": "108442430286615765527014752360734543488337168821843553883980136466628838344959", "price": "0.97", "size": "800", "side": "SELL", "hash": "630b2591477e45f373f6e3faf30e17d47fe018f6", "best_bid": "0.51", "best_ask": "0.6"}], "timestamp": "1769384530333", "event_type": "price_change"}}
{"_local_timestamp": "2026-01-25T23:42:10.408425+00:00", "data": {"market": "0xab63c6a3cf43c3ab99f68e4a72f6c3c0a7d06bad3fdd5b619939fe3fee0e9e5e", "price_changes": [{"asset_id": "56685619967578726571385852838438545201981689299488058810797637488735546768106", "price": "0.08", "size": "8557.33", "side": "BUY", "hash": "a238c9285da6e0e90cc1dc6260d471f6ff86e604", "best_bid": "0.4", "best_ask": "0.49"}, {"asset_id": "108442430286615765527014752360734543488337168821843553883980136466628838344959", "price": "0.92", "size": "8557.33", "side": "SELL", "hash": "f28588105f1d663f04e1d2fba072dd2b517f05bb", "best_bid": "0.51", "best_ask": "0.6"}], "timestamp": "1769384530334", "event_type": "price_change"}}
{"_local_timestamp": "2026-01-25T23:42:10.417038+00:00", "data": {"market": "0xab63c6a3cf43c3ab99f68e4a72f6c3c0a7d06bad3fdd5b619939fe3fee0e9e5e", "price_changes": [{"asset_id": "108442430286615765527014752360734543488337168821843553883980136466628838344959", "price": "0.03", "size": "800", "side": "BUY", "hash": "b8a36ce45f90532bd1780cb7d2d2445d083bc02c", "best_bid": "0.51", "best_ask": "0.6"}, {"asset_id": "56685619967578726571385852838438545201981689299488058810797637488735546768106", "price": "0.97", "size": "800", "side": "SELL", "hash": "5b32af5642c8729d31cfb86c493b8dd4374d0ddf", "best_bid": "0.4", "best_ask": "0.49"}], "timestamp": "1769384530335", "event_type": "price_change"}}
{"_local_timestamp": "2026-01-25T23:42:10.424287+00:00", "data": {"market": "0xab63c6a3cf43c3ab99f68e4a72f6c3c0a7d06bad3fdd5b619939fe3fee0e9e5e", "price_changes": [{"asset_id": "108442430286615765527014752360734543488337168821843553883980136466628838344959", "price": "0.08", "size": "8657.33", "side": "BUY", "hash": "458eda7ef2ad5cdbc8e913162c0479bd11cc11dd", "best_bid": "0.51", "best_ask": "0.6"}, {"asset_id": "56685619967578726571385852838438545201981689299488058810797637488735546768106", "price": "0.92", "size": "8657.33", "side": "SELL", "hash": "d6a24d280533b0b34a5e2d264921f931f66dfc53", "best_bid": "0.4", "best_ask": "0.49"}], "timestamp": "1769384530336", "event_type": "price_change"}}
{"_local_timestamp": "2026-01-25T23:42:12.707962+00:00", "data": {"market": "0xab63c6a3cf43c3ab99f68e4a72f6c3c0a7d06bad3fdd5b619939fe3fee0e9e5e", "price_changes": [{"asset_id": "108442430286615765527014752360734543488337168821843553883980136466628838344959", "price": "0.07", "size": "800", "side": "BUY", "hash": "a09f5ef5758f4ca49d3d2a073e0d2e2d9242a57a", "best_bid": "0.51", "best_ask": "0.6"}, {"asset_id": "56685619967578726571385852838438545201981689299488058810797637488735546768106", "price": "0.93", "size": "800", "side": "SELL", "hash": "0cee9fbc8e7f11795936a904871d3bfd73e1ef85", "best_bid": "0.4", "best_ask": "0.49"}], "timestamp": "1769384532635", "event_type": "price_change"}}
{"_local_timestamp": "2026-01-25T23:42:12.711221+00:00", "data": {"market": "0xab63c6a3cf43c3ab99f68e4a72f6c3c0a7d06bad3fdd5b619939fe3fee0e9e5e", "price_changes": [{"asset_id": "108442430286615765527014752360734543488337168821843553883980136466628838344959", "price": "0.11", "size": "105.84", "side": "BUY", "hash": "a09f5ef5758f4ca49d3d2a073e0d2e2d9242a57a", "best_bid": "0.51", "best_ask": "0.6"}, {"asset_id": "56685619967578726571385852838438545201981689299488058810797637488735546768106", "price": "0.89", "size": "105.84", "side": "SELL", "hash": "0cee9fbc8e7f11795936a904871d3bfd73e1ef85", "best_bid": "0.4", "best_ask": "0.49"}], "timestamp": "1769384532635", "event_type": "price_change"}}
{"_local_timestamp": "2026-01-25T23:42:12.714067+00:00", "data": {"market": "0xab63c6a3cf43c3ab99f68e4a72f6c3c0a7d06bad3fdd5b619939fe3fee0e9e5e", "price_changes": [{"asset_id": "56685619967578726571385852838438545201981689299488058810797637488735546768106", "price": "0.07", "size": "800", "side": "BUY", "hash": "50669e6ecc4e8cd94b228cb68eb3980b0c7eef33", "best_bid": "0.4", "best_ask": "0.49"}, {"asset_id": "108442430286615765527014752360734543488337168821843553883980136466628838344959", "price": "0.93", "size": "800", "side": "SELL", "hash": "a66d94f7a8d5649450dc2ca5f614c457e8c450f7", "best_bid": "0.51", "best_ask": "0.6"}], "timestamp": "1769384532635", "event_type": "price_change"}}
{"_local_timestamp": "2026-01-25T23:42:12.968251+00:00", "data": {"market": "0xab63c6a3cf43c3ab99f68e4a72f6c3c0a7d06bad3fdd5b619939fe3fee0e9e5e", "price_changes": [{"asset_id": "56685619967578726571385852838438545201981689299488058810797637488735546768106", "price": "0.03", "size": "1400", "side": "BUY", "hash": "81704287f3d993df9b5f52c6c13dbf9761c11c77", "best_bid": "0.4", "best_ask": "0.49"}, {"asset_id": "108442430286615765527014752360734543488337168821843553883980136466628838344959", "price": "0.97", "size": "1400", "side": "SELL", "hash": "4448985cc9592262454b263d592128e5ba8772de", "best_bid": "0.51", "best_ask": "0.6"}], "timestamp": "1769384532896", "event_type": "price_change"}}
{"_local_timestamp": "2026-01-25T23:42:12.976658+00:00", "data": {"market": "0xab63c6a3cf43c3ab99f68e4a72f6c3c0a7d06bad3fdd5b619939fe3fee0e9e5e", "price_changes": [{"asset_id": "56685619967578726571385852838438545201981689299488058810797637488735546768106", "price": "0.08", "size": "8957.33", "side": "BUY", "hash": "6a6ef5603e26371d549c63d85f24e224ceb53cf1", "best_bid": "0.4", "best_ask": "0.49"}, {"asset_id": "108442430286615765527014752360734543488337168821843553883980136466628838344959", "price": "0.92", "size": "8957.33", "side": "SELL", "hash": "481224d0579376f79ee3fd848b7b67729bde52f6", "best_bid": "0.51", "best_ask": "0.6"}], "timestamp": "1769384532897", "event_type": "price_change"}}
{"_local_timestamp": "2026-01-25T23:42:12.979766+00:00", "data": {"market": "0xab63c6a3cf43c3ab99f68e4a72f6c3c0a7d06bad3fdd5b619939fe3fee0e9e5e", "price_changes": [{"asset_id": "108442430286615765527014752360734543488337168821843553883980136466628838344959", "price": "0.03", "size": "1400", "side": "BUY", "hash": "f41c0ac8c642ad36a1ffa0ff22dc3f40de445e0c", "best_bid": "0.51", "best_ask": "0.6"}, {"asset_id": "56685619967578726571385852838438545201981689299488058810797637488735546768106", "price": "0.97", "size": "1400", "side": "SELL", "hash": "778929f448fccd1d6df5fb1c8913b76892076be9", "best_bid": "0.4", "best_ask": "0.49"}], "timestamp": "1769384532897", "event_type": "price_change"}}
{"_local_timestamp": "2026-01-25T23:42:12.982628+00:00", "data": {"market": "0xab63c6a3cf43c3ab99f68e4a72f6c3c0a7d06bad3fdd5b619939fe3fee0e9e5e", "price_changes": [{"asset_id": "108442430286615765527014752360734543488337168821843553883980136466628838344959", "price": "0.08", "size": "9057.33", "side": "BUY", "hash": "c3861bdd933349736f86947d80d04253f60541ed", "best_bid": "0.51", "best_ask": "0.6"}, {"asset_id": "56685619967578726571385852838438545201981689299488058810797637488735546768106", "price": "0.92", "size": "9057.33", "side": "SELL", "hash": "f2843fb067860e4a720e145a34f7428684644f81", "best_bid": "0.4", "best_ask": "0.49"}], "timestamp": "1769384532898", "event_type": "price_change"}}
{"_local_timestamp": "2026-01-25T23:42:13.028308+00:00", "data": {"market": "0xab63c6a3cf43c3ab99f68e4a72f6c3c0a7d06bad3fdd5b619939fe3fee0e9e5e", "price_changes": [{"asset_id": "108442430286615765527014752360734543488337168821843553883980136466628838344959", "price": "0.05", "size": "0", "side": "BUY", "hash": "9d823d905a194c7c6f6c4a73420108eeeace471a", "best_bid": "0.51", "best_ask": "0.6"}, {"asset_id": "56685619967578726571385852838438545201981689299488058810797637488735546768106", "price": "0.95", "size": "0", "side": "SELL", "hash": "4b6a57237e52f045027099a5b7cffb326e2ab0c2", "best_bid": "0.4", "best_ask": "0.49"}], "timestamp": "1769384532956", "event_type": "price_change"}}
{"_local_timestamp": "2026-01-25T23:42:13.031562+00:00", "data": {"market": "0xab63c6a3cf43c3ab99f68e4a72f6c3c0a7d06bad3fdd5b619939fe3fee0e9e5e", "price_changes": [{"asset_id": "56685619967578726571385852838438545201981689299488058810797637488735546768106", "price": "0.13", "size": "0", "side": "BUY", "hash": "d303cbb2f17ee799d3e856663ac6a97074c54a22", "best_bid": "0.4", "best_ask": "0.49"}, {"asset_id": "108442430286615765527014752360734543488337168821843553883980136466628838344959", "price": "0.87", "size": "0", "side": "SELL", "hash": "bc76cd8760a00d2922e4133b61f0c3d82f434980", "best_bid": "0.51", "best_ask": "0.6"}], "timestamp": "1769384532956", "event_type": "price_change"}}
{"_local_timestamp": "2026-01-25T23:42:13.034456+00:00", "data": {"market": "0xab63c6a3cf43c3ab99f68e4a72f6c3c0a7d06bad3fdd5b619939fe3fee0e9e5e", "price_changes": [{"asset_id": "56685619967578726571385852838438545201981689299488058810797637488735546768106", "price": "0.1", "size": "5.86", "side": "BUY", "hash": "d303cbb2f17ee799d3e856663ac6a97074c54a22", "best_bid": "0.4", "best_ask": "0.49"}, {"asset_id": "108442430286615765527014752360734543488337168821843553883980136466628838344959", "price": "0.9", "size": "5.86", "side": "SELL", "hash": "bc76cd8760a00d2922e4133b61f0c3d82f434980", "best_bid": "0.51", "best_ask": "0.6"}], "timestamp": "1769384532956", "event_type": "price_change"}}
{"_local_timestamp": "2026-01-25T23:42:13.586782+00:00", "data": {"market": "0xab63c6a3cf43c3ab99f68e4a72f6c3c0a7d06bad3fdd5b619939fe3fee0e9e5e", "price_changes": [{"asset_id": "56685619967578726571385852838438545201981689299488058810797637488735546768106", "price": "0.02", "size": "12404.32", "side": "BUY", "hash": "83bcdf66fd6b9e97d3aa7eb8378578333edcc696", "best_bid": "0.4", "best_ask": "0.49"}, {"asset_id": "108442430286615765527014752360734543488337168821843553883980136466628838344959", "price": "0.98", "size": "12404.32", "side": "SELL", "hash": "bb351a15c660e9616cc59ed7ca46be0e4cafe89e", "best_bid": "0.51", "best_ask": "0.6"}], "timestamp": "1769384533511", "event_type": "price_change"}}
{"_local_timestamp": "2026-01-25T23:42:13.590196+00:00", "data": {"market": "0xab63c6a3cf43c3ab99f68e4a72f6c3c0a7d06bad3fdd5b619939fe3fee0e9e5e", "price_changes": [{"asset_id": "108442430286615765527014752360734543488337168821843553883980136466628838344959", "price": "0.02", "size": "12399.11", "side": "BUY", "hash": "acda4db8732ed14cbf6444f1b36d2684819c84df", "best_bid": "0.51", "best_ask": "0.6"}, {"asset_id": "56685619967578726571385852838438545201981689299488058810797637488735546768106", "price": "0.98", "size": "12399.11", "side": "SELL", "hash": "11da691902c90172b9412937aeaaba301dc0fdb2", "best_bid": "0.4", "best_ask": "0.49"}], "timestamp": "1769384533512", "event_type": "price_change"}}
{"_local_timestamp": "2026-01-25T23:42:13.593228+00:00", "data": {"market": "0xab63c6a3cf43c3ab99f68e4a72f6c3c0a7d06bad3fdd5b619939fe3fee0e9e5e", "price_changes": [{"asset_id": "108442430286615765527014752360734543488337168821843553883980136466628838344959", "price": "0.1", "size": "0", "side": "BUY", "hash": "acda4db8732ed14cbf6444f1b36d2684819c84df", "best_bid": "0.51", "best_ask": "0.6"}, {"asset_id": "56685619967578726571385852838438545201981689299488058810797637488735546768106", "price": "0.9", "size": "0", "side": "SELL", "hash": "11da691902c90172b9412937aeaaba301dc0fdb2", "best_bid": "0.4", "best_ask": "0.49"}], "timestamp": "1769384533512", "event_type": "price_change"}}
{"_local_timestamp": "2026-01-25T23:42:13.685017+00:00", "data": {"market": "0xab63c6a3cf43c3ab99f68e4a72f6c3c0a7d06bad3fdd5b619939fe3fee0e9e5e", "price_changes": [{"asset_id": "108442430286615765527014752360734543488337168821843553883980136466628838344959", "price": "0.09", "size": "3997.11", "side": "BUY", "hash": "5e3fccdcbaa3bf5c8cbcbf653989a0ffd666f79a", "best_bid": "0.51", "best_ask": "0.6"}, {"asset_id": "56685619967578726571385852838438545201981689299488058810797637488735546768106", "price": "0.91", "size": "3997.11", "side": "SELL", "hash": "a53b88d561bf5fb569edb43eed45e0c51703e1f0", "best_bid": "0.4", "best_ask": "0.49"}], "timestamp": "1769384533618", "event_type": "price_change"}}
{"_local_timestamp": "2026-01-25T23:42:13.688796+00:00", "data": {"market": "0xab63c6a3cf43c3ab99f68e4a72f6c3c0a7d06bad3fdd5b619939fe3fee0e9e5e", "price_changes": [{"asset_id": "108442430286615765527014752360734543488337168821843553883980136466628838344959", "price": "0.09", "size": "6187.22", "side": "BUY", "hash": "3c7079327440141c8694a8a95aaa1a8e08d826cf", "best_bid": "0.51", "best_ask": "0.6"}, {"asset_id": "56685619967578726571385852838438545201981689299488058810797637488735546768106", "price": "0.91", "size": "6187.22", "side": "SELL", "hash": "a0deabd7dd14c45527fb38e356e86d5de933ebc9", "best_bid": "0.4", "best_ask": "0.49"}], "timestamp": "1769384533618", "event_type": "price_change"}}
