{"_local_timestamp": "2026-01-25T23:41:29.180060+00:00", "data": [{"market": "0xfe2e85f6fca36e8b864be64b48521ccd513c336427bbbccfba39b5be2da560aa", "asset_id": "48015311421026063012985711082782647083417221141101598875055317979379805670690", "timestamp": "1769384485539", "hash": "168368525ff0418188caa5daa738d77519926a13", "bids": [], "asks": [{"price": "0.999", "size": "99999"}, {"price": "0.998", "size": "55000"}, {"price": "0.992", "size": "155"}, {"price": "0.99", "size": "18000"}, {"price": "0.989", "size": "55710"}, {"price": "0.98", "size": "1000"}, {"price": "0.969", "size": "10100"}, {"price": "0.96", "size": "2000"}, {"price": "0.92", "size": "155"}, {"price": "0.903", "size": "100"}, {"price": "0.901", "size": "100"}, {"price": "0.9", "size": "500"}, {"price": "0.899", "size": "10100"}, {"price": "0.898", "size": "5000"}, {"price": "0.89", "size": "3000"}, {"price": "0.86", "size": "50"}, {"price": "0.799", "size": "4600"}, {"price": "0.73", "size": "200"}, {"price": "0.66", "size": "100"}, {"price": "0.53", "size": "100"}, {"price": "0.51", "size": "100"}, {"price": "0.503", "size": "100"}, {"price": "0.501", "size": "500"}, {"price": "0.5", "size": "440"}, {"price": "0.25", "size": "60"}, {"price": "0.233", "size": "60"}, {"price": "0.232", "size": "53"}, {"price": "0.231", "size": "60"}, {"price": "0.23", "size": "60"}, {"price": "0.179", "size": "67.4"}, {"price": "0.178", "size": "59"}, {"price": "0.163", "size": "8.2"}, {"price": "0.162", "size": "5.47"}, {"price": "0.01", "size": "15.1"}, {"price": "0.009", "size": "500"}, {"price": "0.005", "size": "25"}, {"price": "0.004", "size": "1200"}, {"price": "0.001", "size": "3545"}], "event_type": "book", "last_trade_price": "0.999"}, {"market": "0xcb7dc9e8c99d3894e219a6242949729a2d4736f19ee13a21ceefc20a80a0066b", "asset_id": "115788350734693757421027634879142051258958684646271080316220994609154259670413", "timestamp": "1769384351279", "hash": "83816dc426109a96b06ea2ec0a183a62cc42621c", "bids": [{"price": "0.001", "size": "1027"}, {"price": "0.008", "size": "1000"}, {"price": "0.009", "size": "183.59"}, {"price": "0.015", "size": "16.41"}, {"price": "0.016", "size": "10.94"}, {"price": "0.99", "size": "635"}], "asks": [{"price": "0.999", "size": "1027"}], "event_type": "book", "last_trade_price": "0.010"}, {"market": "0xcb7dc9e8c99d3894e219a6242949729a2d4736f19ee13a21ceefc20a80a0066b", "asset_id": "98485975070324083339941401870090885415947897822976000836314973267692056078647", "timestamp": "1769384351279", "hash": "481744070813e40620e12c3ef4e68b0512c47be3", "bids": [{"price": "0.001", "size": "1027"}], "asks": [{"price": "0.999", "size": "1027"}, {"price": "0.992", "size": "1000"}, {"price": "0.991", "size": "183.59"}, {"price": "0.985", "size": "16.41"}, {"price": "0.984", "size": "10.94"}, {"price": "0.01", "size": "635"}], "event_type": "book", "last_trade_price": "0.010"}, {"market": "0x0ca398f4564c38da69591560241e7b50b84045d73a288ee592f84dc307886c9f", "asset_id": "73758297760471023486831469668849801378829920625288067100645749063270684075558", "timestamp": "1769382471302", "hash": "900a63a4f6d68ca3fa729af4bcd95254f3b09d57", "bids": [{"price": "0.001", "size": "1057"}], "asks": [{"price": "0.999", "size": "2057"}, {"price": "0.997", "size": "1000"}, {"price": "0.996", "size": "5.47"}, {"price": "0.02", "size": "119.53"}, {"price": "0.019", "size": "100"}], "event_type": "book", "last_trade_price": "0.010"}, {"market": "0x9806d6a5e6e617f978ef8918981422d7c383ece76bd3d53c4018d83f851df7cc", "asset_id": "4655206770474921299388200827584555181546002874778899522765485382144463583575", "timestamp": "1769384390179", "hash": "266078a30a7d84414096ec20498808cb051921c3", "bids": [{"price": "0.001", "size": "978"}, {"price": "0.003", "size": "1100"}, {"price": "0.01", "size": "80"}, {"price": "0.03", "size": "100"}, {"price": "0.08", "size": "100"}, {"price": "0.14", "size": "50"}, {"price": "0.2", "size": "200"}, {"price": "0.223", "size": "31"}, {"price": "0.27", "size": "200"}, {"price": "0.34", "size": "100"}, {"price": "0.523", "size": "200"}, {"price": "0.723", "size": "143"}, {"price": "0.823", "size": "216"}, {"price": "0.923", "size": "349"}, {"price": "0.947", "size": "10.56"}, {"price": "0.948", "size": "5.47"}, {"price": "0.997", "size": "1216.9"}], "asks": [{"price": "0.999", "size": "12"}], "event_type": "book", "last_trade_price": "0.999"}, {"market": "0xabd15f50cde2db51b979f59df9f00561de0276a7aed657cdfc01e85c1ff39286", "asset_id": "26830899908225037126738641844177684533967567245513858554892436909273392276503", "timestamp": "1769383986573", "hash": "3dd4d5781868f3f27de97b9484b676ab44839097", "bids": [{"price": "0.001", "size": "30"}, {"price": "0.002", "size": "5.46"}, {"price": "0.99", "size": "30.2"}], "asks": [{"price": "0.999", "size": "28.99"}], "event_type": "book", "last_trade_price": "0.001"}, {"market": "0x843d19dfca98ada8c66ebbb4d6fbb173e84553b2683a24a1e00aad0c8453cf90", "asset_id": "28615763915408006017271621447513804345732414042393039493947373086352681254494", "timestamp": "1769384224508", "hash": "926d6706fd75dfbd5255a2d4a3f0040f9995fa70", "bids": [{"price": "0.001", "size": "2057"}, {"price": "0.003", "size": "1000"}, {"price": "0.8", "size": "407.43"}, {"price": "0.801", "size": "5.47"}, {"price": "0.995", "size": "525"}, {"price": "0.996", "size": "55.95"}], "asks": [{"price": "0.999", "size": "1084.65"}], "event_type": "book", "last_trade_price": "0.002"}, {"market": "0xc2fcb0f600f10f2ae91dfab9db2698611bf969defd3e2cd5730e5b0568349bac", "asset_id": "72402309101367002301495158185582712104543606023677018896034103067959479089850", "timestamp": "1769384472009", "hash": "f94edd114f8bd712e97d80a25784ff4ddd5f10b1", "bids": [], "asks": [{"price": "0.999", "size": "1065"}, {"price": "0.99", "size": "2600"}, {"price": "0.98", "size": "1000"}, {"price": "0.969", "size": "1100"}, {"price": "0.948", "size": "1700"}, {"price": "0.92", "size": "400"}, {"price": "0.86", "size": "700"}, {"price": "0.777", "size": "38"}, {"price": "0.69", "size": "100"}, {"price": "0.68", "size": "39.99"}, {"price": "0.55", "size": "5.55"}, {"price": "0.477", "size": "283"}, {"price": "0.47", "size": "24.98"}, {"price": "0.277", "size": "142"}, {"price": "0.273", "size": "106.24"}, {"price": "0.177", "size": "214"}, {"price": "0.14", "size": "194.15"}, {"price": "0.08", "size": "97.08"}, {"price": "0.079", "size": "51.66"}, {"price": "0.077", "size": "346"}, {"price": "0.076", "size": "82.23"}, {"price": "0.01", "size": "30.2"}, {"price": "0.009", "size": "45.3"}, {"price": "0.005", "size": "254"}, {"price": "0.004", "size": "634.8"}, {"price": "0.001", "size": "3.26"}], "event_type": "book", "last_trade_price": "0.999"}, {"market": "0x820082d9062845486d4a143f029c9f93cb9d095fb18f1aa7cda1c44c2bce1188", "asset_id": "23264385912109188517723056029307436593365599986842476104748104553557414072010", "timestamp": "1769384324037", "hash": "64204ec61f5be8f00d795a41cad96830070ef5e0", "bids": [{"price": "0.001", "size": "958"}, {"price": "0.003", "size": "1100"}, {"price": "0.01", "size": "80"}, {"price": "0.03", "size": "100"}, {"price": "0.08", "size": "100"}, {"price": "0.14", "size": "50"}, {"price": "0.2", "size": "200"}, {"price": "0.223", "size": "32"}, {"price": "0.27", "size": "200"}, {"price": "0.34", "size": "100"}, {"price": "0.523", "size": "201"}, {"price": "0.723", "size": "127"}, {"price": "0.823", "size": "205"}, {"price": "0.923", "size": "353"}, {"price": "0.924", "size": "25"}, {"price": "0.925", "size": "13.86"}, {"price": "0.978", "size": "8.21"}, {"price": "0.979", "size": "5.47"}, {"price": "0.99", "size": "2000"}, {"price": "0.995", "size": "146"}, {"price": "0.999", "size": "4749.73"}], "asks": [], "event_type": "book", "last_trade_price": "0.999"}, {"market": "0x841529681a7a5fc77af6ee13187c65bca1400530f81be0328cfff6c19c112cee", "asset_id": "61406926682600289284199037461761473156945342642474137106642230975893372304476", "timestamp": "1769384349587", "hash": "2a699c12c64021b6915dd5717e9bb0ed8a1cb0e5", "bids": [{"price": "0.001", "size": "1057"}, {"price": "0.008", "size": "1000"}, {"price": "0.009", "size": "200"}, {"price": "0.99", "size": "525"}], "asks": [{"price": "0.999", "size": "1057"}], "event_type": "book", "last_trade_price": "0.010"}, {"market": "0x0ca398f4564c38da69591560241e7b50b84045d73a288ee592f84dc307886c9f", "asset_id": "89873108860358159626430606027457644828261102103969814693169391119797511480704", "timestamp": "1769382471302", "hash": "a7ed1a80aa545ec633c5d1f6c283f99f4cb57a9f", "bids": [{"price": "0.001", "size": "2057"}, {"price": "0.003", "size": "1000"}, {"price": "0.004", "size": "5.47"}, {"price": "0.98", "size": "119.53"}, {"price": "0.981", "size": "100"}], "asks": [{"price": "0.999", "size": "1057"}], "event_type": "book", "last_trade_price": "0.010"}, {"market": "0xfe2e85f6fca36e8b864be64b48521ccd513c336427bbbccfba39b5be2da560aa", "asset_id": "69403394007873424681005155433420327969196546299861361174702151771312033239993", "timestamp": "1769384485539", "hash": "c955eae6ff66ab8b9621d338c2dd2b7b49fd1113", "bids": [{"price": "0.001", "size": "99999"}, {"price": "0.002", "size": "55000"}, {"price": "0.008", "size": "155"}, {"price": "0.01", "size": "18000"}, {"price": "0.011", "size": "55710"}, {"price": "0.02", "size": "1000"}, {"price": "0.031", "size": "10100"}, {"price": "0.04", "size": "2000"}, {"price": "0.08", "size": "155"}, {"price": "0.097", "size": "100"}, {"price": "0.099", "size": "100"}, {"price": "0.1", "size": "500"}, {"price": "0.101", "size": "10100"}, {"price": "0.102", "size": "5000"}, {"price": "0.11", "size": "3000"}, {"price": "0.14", "size": "50"}, {"price": "0.201", "size": "4600"}, {"price": "0.27", "size": "200"}, {"price": "0.34", "size": "100"}, {"price": "0.47", "size": "100"}, {"price": "0.49", "size": "100"}, {"price": "0.497", "size": "100"}, {"price": "0.499", "size": "500"}, {"price": "0.5", "size": "440"}, {"price": "0.75", "size": "60"}, {"price": "0.767", "size": "60"}, {"price": "0.768", "size": "53"}, {"price": "0.769", "size": "60"}, {"price": "0.77", "size": "60"}, {"price": "0.821", "size": "67.4"}, {"price": "0.822", "size": "59"}, {"price": "0.837", "size": "8.2"}, {"price": "0.838", "size": "5.47"}, {"price": "0.99", "size": "15.1"}, {"price": "0.991", "size": "500"}, {"price": "0.995", "size": "25"}, {"price": "0.996", "size": "1200"}, {"price": "0.999", "size": "3545"}], "asks": [], "event_type": "book", "last_trade_price": "0.999"}, {"market": "0x843d19dfca98ada8c66ebbb4d6fbb173e84553b2683a24a1e00aad0c8453cf90", "asset_id": "58062417896853254930361400136624504371975360911936924777891592824225807309392", "timestamp": "1769384224508", "hash": "3260349677cf3f0579517f225792e0fc2a4f79b3", "bids": [{"price": "0.001", "size": "1084.65"}], "asks": [{"price": "0.999", "size": "2057"}, {"price": "0.997", "size": "1000"}, {"price": "0.2", "size": "407.43"}, {"price": "0.199", "size": "5.47"}, {"price": "0.005", "size": "525"}, {"price": "0.004", "size": "55.95"}], "event_type": "book", "last_trade_price": "0.002"}, {"market": "0xabd15f50cde2db51b979f59df9f00561de0276a7aed657cdfc01e85c1ff39286", "asset_id": "3108203705467868906332367843117605390000549101094212995448312300029225448526", "timestamp": "1769383986573", "hash": "efb323834e4d3ec17dc334b1b70971c5084b37e0", "bids": [{"price": "0.001", "size": "28.99"}], "asks": [{"price": "0.999", "size": "30"}, {"price": "0.998", "size": "5.46"}, {"price": "0.01", "size": "30.2"}], "event_type": "book", "last_trade_price": "0.001"}, {"market": "0xc2fcb0f600f10f2ae91dfab9db2698611bf969defd3e2cd5730e5b0568349bac", "asset_id": "105107985691308505645208009025026303139432184401049219175851106163376118674274", "timestamp": "1769384472009", "hash": "eb96db2eca9bba23485d5064d606c23cf49da33a", "bids": [{"price": "0.001", "size": "1065"}, {"price": "0.01", "size": "2600"}, {"price": "0.02", "size": "1000"}, {"price": "0.031", "size": "1100"}, {"price": "0.052", "size": "1700"}, {"price": "0.08", "size": "400"}, {"price": "0.14", "size": "700"}, {"price": "0.223", "size": "38"}, {"price": "0.31", "size": "100"}, {"price": "0.32", "size": "39.99"}, {"price": "0.45", "size": "5.55"}, {"price": "0.523", "size": "283"}, {"price": "0.53", "size": "24.98"}, {"price": "0.723", "size": "142"}, {"price": "0.727", "size": "106.24"}, {"price": "0.823", "size": "214"}, {"price": "0.86", "size": "194.15"}, {"price": "0.92", "size": "97.08"}, {"price": "0.921", "size": "51.66"}, {"price": "0.923", "size": "346"}, {"price": "0.924", "size": "82.23"}, {"price": "0.99", "size": "30.2"}, {"price": "0.991", "size": "45.3"}, {"price": "0.995", "size": "254"}, {"price": "0.996", "size": "634.8"}, {"price": "0.999", "size": "3.26"}], "asks": [], "event_type": "book", "last_trade_price": "0.999"}, {"market": "0x820082d9062845486d4a143f029c9f93cb9d095fb18f1aa7cda1c44c2bce1188", "asset_id": "70927268883755126554386966675213344514269002069096912114831420016073249520715", "timestamp": "1769384324037", "hash": "b666f368d09db2223c29b6bbbd7608e9fec2b037", "bids": [], "asks": [{"price": "0.999", "size": "958"}, {"price": "0.997", "size": "1100"}, {"price": "0.99", "size": "80"}, {"price": "0.97", "size": "100"}, {"price": "0.92", "size": "100"}, {"price": "0.86", "size": "50"}, {"price": "0.8", "size": "200"}, {"price": "0.777", "size": "32"}, {"price": "0.73", "size": "200"}, {"price": "0.66", "size": "100"}, {"price": "0.477", "size": "201"}, {"price": "0.277", "size": "127"}, {"price": "0.177", "size": "205"}, {"price": "0.077", "size": "353"}, {"price": "0.076", "size": "25"}, {"price": "0.075", "size": "13.86"}, {"price": "0.022", "size": "8.21"}, {"price": "0.021", "size": "5.47"}, {"price": "0.01", "size": "2000"}, {"price": "0.005", "size": "146"}, {"price": "0.001", "size": "4749.73"}], "event_type": "book", "last_trade_price": "0.999"}, {"market": "0x9806d6a5e6e617f978ef8918981422d7c383ece76bd3d53c4018d83f851df7cc", "asset_id": "96874305238055838913572671099974795248962251859827192697616088060794485331788", "timestamp": "1769384390179", "hash": "53923ad0f1eb8d8c8c5b8aa9a539edde035dcc92", "bids": [{"price": "0.001", "size": "12"}], "asks": [{"price": "0.999", "size": "978"}, {"price": "0.997", "size": "1100"}, {"price": "0.99", "size": "80"}, {"price": "0.97", "size": "100"}, {"price": "0.92", "size": "100"}, {"price": "0.86", "size": "50"}, {"price": "0.8", "size": "200"}, {"price": "0.777", "size": "31"}, {"price": "0.73", "size": "200"}, {"price": "0.66", "size": "100"}, {"price": "0.477", "size": "200"}, {"price": "0.277", "size": "143"}, {"price": "0.177", "size": "216"}, {"price": "0.077", "size": "349"}, {"price": "0.053", "size": "10.56"}, {"price": "0.052", "size": "5.47"}, {"price": "0.003", "size": "1216.9"}], "event_type": "book", "last_trade_price": "0.999"}, {"market": "0x841529681a7a5fc77af6ee13187c65bca1400530f81be0328cfff6c19c112cee", "asset_id": "50197395464408075357578095662006421013318644198206473166647680578559551606381", "timestamp": "1769384349587", "hash": "6a32d1356571a7a6abc5fa1dac632aab7844070c", "bids": [{"price": "0.001", "size": "1057"}], "asks": [{"price": "0.999", "size": "1057"}, {"price": "0.992", "size": "1000"}, {"price": "0.991", "size": "200"}, {"price": "0.01", "size": "525"}], "event_type": "book", "last_trade_price": "0.010"}]}
{"_local_timestamp": "2026-01-25T23:42:20.871771+00:00", "data": {"market": "0xcb7dc9e8c99d3894e219a6242949729a2d4736f19ee13a21ceefc20a80a0066b", "price_changes": [{"asset_id": "115788350734693757421027634879142051258958684646271080316220994609154259670413", "price": "0.008", "size": "0", "side": "BUY", "hash": "dd9127448ae73271eeb7503efd6ccc984a7b1fef", "best_bid": "0.99", "best_ask": "0.999"}, {"asset_id": "98485975070324083339941401870090885415947897822976000836314973267692056078647", "price": "0.992", "size": "0", "side": "SELL", "hash": "02611d4e211f67fd06f39703cd5b1b3fe2f6dd12", "best_bid": "0.001", "best_ask": "0.01"}], "timestamp": "1769384540789", "event_type": "price_change"}}
{"_local_timestamp": "2026-01-25T23:42:20.873267+00:00", "data": {"market": "0x841529681a7a5fc77af6ee13187c65bca1400530f81be0328cfff6c19c112cee", "price_changes": [{"asset_id": "61406926682600289284199037461761473156945342642474137106642230975893372304476", "price": "0.008", "size": "0", "side": "BUY", "hash": "9624ae7794f2029f9fa4b0f379cdd3b38f316954", "best_bid": "0.99", "best_ask": "0.999"}, {"asset_id": "50197395464408075357578095662006421013318644198206473166647680578559551606381", "price": "0.992", "size": "0", "side": "SELL", "hash": "df5b240264d55d59fa8dc35d2f652c77eb052e96", "best_bid": "0.001", "best_ask": "0.01"}], "timestamp": "1769384540789", "event_type": "price_change"}}
{"_local_timestamp": "2026-01-25T23:42:21.134823+00:00", "data": {"market": "0xcb7dc9e8c99d3894e219a6242949729a2d4736f19ee13a21ceefc20a80a0066b", "price_changes": [{"asset_id": "115788350734693757421027634879142051258958684646271080316220994609154259670413", "price": "0.009", "size": "1183.59", "side": "BUY", "hash": "8f9c1517ae9b2a2c1a7ff497f0b8f3548c5f9ed2", "best_bid": "0.99", "best_ask": "0.999"}, {"asset_id": "98485975070324083339941401870090885415947897822976000836314973267692056078647", "price": "0.991", "size": "1183.59", "side": "SELL", "hash": "44ec1effbfe1bcecb5cf153ae89fbcbf74baf22d", "best_bid": "0.001", "best_ask": "0.01"}], "timestamp": "1769384541068", "event_type": "price_change"}}
{"_local_timestamp": "2026-01-25T23:42:21.135322+00:00", "data": {"market": "0x841529681a7a5fc77af6ee13187c65bca1400530f81be0328cfff6c19c112cee", "price_changes": [{"asset_id": "61406926682600289284199037461761473156945342642474137106642230975893372304476", "price": "0.009", "size": "1200", "side": "BUY", "hash": "cfd69c94f978aad4c0badb52a989b423aee71518", "best_bid": "0.99", "best_ask": "0.999"}, {"asset_id": "50197395464408075357578095662006421013318644198206473166647680578559551606381", "price": "0.991", "size": "1200", "side": "SELL", "hash": "36457ff41106ada64e6d75835608c212cde928ea", "best_bid": "0.001", "best_ask": "0.01"}], "timestamp": "1769384541068", "event_type": "price_change"}}
{"_local_timestamp": "2026-01-25T23:43:49.888892+00:00", "data": {"market": "0xfe2e85f6fca36e8b864be64b48521ccd513c336427bbbccfba39b5be2da560aa", "price_changes": [{"asset_id": "48015311421026063012985711082782647083417221141101598875055317979379805670690", "price": "0.163", "size": "0", "side": "SELL", "hash": "d09ee4ee41e0d1177e4fd2059be1780be86494b7", "best_bid": "0", "best_ask": "0.001"}, {"asset_id": "69403394007873424681005155433420327969196546299861361174702151771312033239993", "price": "0.837", "size": "0", "side": "BUY", "hash": "6ed77d6a5ad58a1e532b5c586395c2846df9c97f", "best_bid": "0.999", "best_ask": "1"}], "timestamp": "1769384629819", "event_type": "price_change"}}
{"_local_timestamp": "2026-01-25T23:43:49.889698+00:00", "data": {"market": "0xfe2e85f6fca36e8b864be64b48521ccd513c336427bbbccfba39b5be2da560aa", "price_changes": [{"asset_id": "48015311421026063012985711082782647083417221141101598875055317979379805670690", "price": "0.179", "size": "0", "side": "SELL", "hash": "d09ee4ee41e0d1177e4fd2059be1780be86494b7", "best_bid": "0", "best_ask": "0.001"}, {"asset_id": "69403394007873424681005155433420327969196546299861361174702151771312033239993", "price": "0.821", "size": "0", "side": "BUY", "hash": "6ed77d6a5ad58a1e532b5c586395c2846df9c97f", "best_bid": "0.999", "best_ask": "1"}], "timestamp": "1769384629819", "event_type": "price_change"}}
{"_local_timestamp": "2026-01-25T23:43:50.288075+00:00", "data": {"market": "0xfe2e85f6fca36e8b864be64b48521ccd513c336427bbbccfba39b5be2da560aa", "price_changes": [{"asset_id": "48015311421026063012985711082782647083417221141101598875055317979379805670690", "price": "0.177", "size": "67.4", "side": "SELL", "hash": "b741e90c487009dd56dc36901e8a3b4c8ee1cada", "best_bid": "0", "best_ask": "0.001"}, {"asset_id": "69403394007873424681005155433420327969196546299861361174702151771312033239993", "price": "0.823", "size": "67.4", "side": "BUY", "hash": "0510746be0c5b0354730e1c4c194d53a22ba6628", "best_bid": "0.999", "best_ask": "1"}], "timestamp": "1769384630223", "event_type": "price_change"}}
{"_local_timestamp": "2026-01-25T23:43:50.288543+00:00", "data": {"market": "0xfe2e85f6fca36e8b864be64b48521ccd513c336427bbbccfba39b5be2da560aa", "price_changes": [{"asset_id": "48015311421026063012985711082782647083417221141101598875055317979379805670690", "price": "0.161", "size": "8.2", "side": "SELL", "hash": "579996cd17256bc5b28c295d20b6755b5a576ff6", "best_bid": "0", "best_ask": "0.001"}, {"asset_id": "69403394007873424681005155433420327969196546299861361174702151771312033239993", "price": "0.839", "size": "8.2", "side": "BUY", "hash": "89cf12e89928b4904669632e67d3c4fe087d5689", "best_bid": "0.999", "best_ask": "1"}], "timestamp": "1769384630224", "event_type": "price_change"}}
{"_local_timestamp": "2026-01-25T23:43:50.348769+00:00", "data": {"market": "0x820082d9062845486d4a143f029c9f93cb9d095fb18f1aa7cda1c44c2bce1188", "price_changes": [{"asset_id": "70927268883755126554386966675213344514269002069096912114831420016073249520715", "price": "0.022", "size": "0", "side": "SELL", "hash": "22da507a79e3af796c4321755edb767d94eeec50", "best_bid": "0", "best_ask": "0.001"}, {"asset_id": "23264385912109188517723056029307436593365599986842476104748104553557414072010", "price": "0.978", "size": "0", "side": "BUY", "hash": "db875e429cfa9a4daa0c1009ac90f55b5513b461", "best_bid": "0.999", "best_ask": "1"}], "timestamp": "1769384630259", "event_type": "price_change"}}
{"_local_timestamp": "2026-01-25T23:43:50.733003+00:00", "data": {"market": "0xfe2e85f6fca36e8b864be64b48521ccd513c336427bbbccfba39b5be2da560aa", "price_changes": [{"asset_id": "48015311421026063012985711082782647083417221141101598875055317979379805670690", "price": "0.162", "size": "0", "side": "SELL", "hash": "4ab484e1cf1b9cd4c778672f12158171d72d589c", "best_bid": "0", "best_ask": "0.001"}, {"asset_id": "69403394007873424681005155433420327969196546299861361174702151771312033239993", "price": "0.838", "size": "0", "side": "BUY", "hash": "1b7ee822a3fc68b734f02a2636430efbf5691e76", "best_bid": "0.999", "best_ask": "1"}], "timestamp": "1769384630653", "event_type": "price_change"}}
{"_local_timestamp": "2026-01-25T23:43:50.959755+00:00", "data": {"market": "0x820082d9062845486d4a143f029c9f93cb9d095fb18f1aa7cda1c44c2bce1188", "price_changes": [{"asset_id": "70927268883755126554386966675213344514269002069096912114831420016073249520715", "price": "0.021", "size": "0", "side": "SELL", "hash": "244feb84e9606210c5a08f8b91ef29046fd55eb9", "best_bid": "0", "best_ask": "0.001"}, {"asset_id": "23264385912109188517723056029307436593365599986842476104748104553557414072010", "price": "0.979", "size": "0", "side": "BUY", "hash": "01a770d379eb3ecd4f5a4f0ad865537940474c4d", "best_bid": "0.999", "best_ask": "1"}], "timestamp": "1769384630653", "event_type": "price_change"}}
{"_local_timestamp": "2026-01-25T23:43:50.960357+00:00", "data": {"market": "0x820082d9062845486d4a143f029c9f93cb9d095fb18f1aa7cda1c44c2bce1188", "price_changes": [{"asset_id": "70927268883755126554386966675213344514269002069096912114831420016073249520715", "price": "0.074", "size": "5.47", "side": "SELL", "hash": "92815c0fc665d8b5398b025939f41b5501bfaf93", "best_bid": "0", "best_ask": "0.001"}, {"asset_id": "23264385912109188517723056029307436593365599986842476104748104553557414072010", "price": "0.926", "size": "5.47", "side": "BUY", "hash": "7e11df0d544d720fffdf8a4682b50884bb6ff042", "best_bid": "0.999", "best_ask": "1"}], "timestamp": "1769384630761", "event_type": "price_change"}}
{"_local_timestamp": "2026-01-25T23:43:50.960810+00:00", "data": {"market": "0xfe2e85f6fca36e8b864be64b48521ccd513c336427bbbccfba39b5be2da560aa", "price_changes": [{"asset_id": "48015311421026063012985711082782647083417221141101598875055317979379805670690", "price": "0.16", "size": "5.47", "side": "SELL", "hash": "8ef22bdcd9f10c68e336160f6e05808b9f295c0c", "best_bid": "0", "best_ask": "0.001"}, {"asset_id": "69403394007873424681005155433420327969196546299861361174702151771312033239993", "price": "0.84", "size": "5.47", "side": "BUY", "hash": "e572acecbfacc8261ae7139ee4454f073b4d3f5b", "best_bid": "0.999", "best_ask": "1"}], "timestamp": "1769384630761", "event_type": "price_change"}}
{"_local_timestamp": "2026-01-25T23:43:50.961149+00:00", "data": {"market": "0x820082d9062845486d4a143f029c9f93cb9d095fb18f1aa7cda1c44c2bce1188", "price_changes": [{"asset_id": "70927268883755126554386966675213344514269002069096912114831420016073249520715", "price": "0.021", "size": "8.21", "side": "SELL", "hash": "719c5235ac22da8063cff20799f34a88fcaafb3c", "best_bid": "0", "best_ask": "0.001"}, {"asset_id": "23264385912109188517723056029307436593365599986842476104748104553557414072010", "price": "0.979", "size": "8.21", "side": "BUY", "hash": "6abb2b03626c55ebff9eef288b3ac0c67ec95c8b", "best_bid": "0.999", "best_ask": "1"}], "timestamp": "1769384630772", "event_type": "price_change"}}
