{"_local_timestamp": "2026-01-25T23:41:30.220813+00:00", "data": [{"market": "0xab63c6a3cf43c3ab99f68e4a72f6c3c0a7d06bad3fdd5b619939fe3fee0e9e5e", "asset_id": "56685619967578726571385852838438545201981689299488058810797637488735546768106", "timestamp": "1769384488129", "hash": "6ba3e19c2be79f61d8dcffc01fddfe170c095595", "bids": [{"price": "0.01", "size": "2785.24"}, {"price": "0.02", "size": "12304.32"}, {"price": "0.03", "size": "1300"}, {"price": "0.04", "size": "6.42"}, {"price": "0.07", "size": "1400"}, {"price": "0.09", "size": "2490.11"}, {"price": "0.1", "size": "10653.3"}, {"price": "0.14", "size": "150"}, {"price": "0.26", "size": "10"}, {"price": "0.27", "size": "50"}, {"price": "0.4", "size": "1000"}], "asks": [{"price": "0.99", "size": "2790.27"}, {"price": "0.98", "size": "12299.11"}, {"price": "0.97", "size": "1300"}, {"price": "0.96", "size": "6.36"}, {"price": "0.93", "size": "1400"}, {"price": "0.92", "size": "500"}, {"price": "0.91", "size": "300"}, {"price": "0.9", "size": "8557.33"}, {"price": "0.89", "size": "5.84"}, {"price": "0.86", "size": "50"}, {"price": "0.8", "size": "400"}, {"price": "0.67", "size": "50"}, {"price": "0.5", "size": "3190.11"}, {"price": "0.49", "size": "2190.11"}], "event_type": "book", "last_trade_price": ""}, {"market": "0x66e5c68cb6c3dca73f72ed6e665776661366e9f4f25f842bfbf7f75f0dda3323", "asset_id": "22602465680333142740738653707825273834609968702208203830031438765401302434739", "timestamp": "1769384425879", "hash": "789614fbc78684e777a0ede6f9b3cb98a2e7b1d3", "bids": [{"price": "0.01", "size": "1085.09"}, {"price": "0.02", "size": "47.45"}, {"price": "0.62", "size": "500"}], "asks": [{"price": "0.99", "size": "95.96"}, {"price": "0.98", "size": "42.01"}, {"price": "0.73", "size": "500"}], "event_type": "book", "last_trade_price": ""}, {"market": "0x3dc17d4432aca0f9eaa4f41e94dc7a937c4c19aa06407f7d367ea66dd6b705ef", "asset_id": "74555465594182996458086305494139561200582443194358600782509963958084564246340", "timestamp": "1769384426057", "hash": "496d2d036cef50ef1746fca20c18000238c00b45", "bids": [{"price": "0.01", "size": "12137.5"}, {"price": "0.02", "size": "8562.33"}, {"price": "0.03", "size": "100"}, {"price": "0.04", "size": "5.26"}, {"price": "0.08", "size": "100"}, {"price": "0.09", "size": "7.06"}, {"price": "0.14", "size": "50"}, {"price": "0.45", "size": "2690.11"}, {"price": "0.46", "size": "2190.11"}], "asks": [{"price": "0.99", "size": "22784.68"}, {"price": "0.98", "size": "10752.48"}, {"price": "0.97", "size": "100"}, {"price": "0.96", "size": "5.3"}, {"price": "0.92", "size": "100"}, {"price": "0.91", "size": "7.06"}, {"price": "0.86", "size": "50"}, {"price": "0.55", "size": "2690.11"}, {"price": "0.54", "size": "2190.11"}], "event_type": "book", "last_trade_price": ""}, {"market": "0x6ec1533bf58c24859221f4f951e1bd6635d4062c159173b1fd1104f64152bfb6", "asset_id": "96315953066058902024740936163730408631841769397037516243247976463789679670058", "timestamp": "1769384466560", "hash": "9ca9876c0ed4d1833291375375b570e4aac2d962", "bids": [{"price": "0.01", "size": "12189.47"}, {"price": "0.02", "size": "8557.33"}, {"price": "0.03", "size": "107.32"}, {"price": "0.08", "size": "100"}, {"price": "0.09", "size": "7.52"}, {"price": "0.14", "size": "50"}, {"price": "0.48", "size": "2690.11"}, {"price": "0.49", "size": "2190.11"}], "asks": [{"price": "0.99", "size": "14379.99"}, {"price": "0.98", "size": "10647.44"}, {"price": "0.97", "size": "29.74"}, {"price": "0.58", "size": "500"}], "event_type": "book", "last_trade_price": ""}, {"market": "0x3dc17d4432aca0f9eaa4f41e94dc7a937c4c19aa06407f7d367ea66dd6b705ef", "asset_id": "30750035538606607297476799570164338497863402313268221214550121682051958326536", "timestamp": "1769384426057", "hash": "16c99036a13a3068fc55123f3cb3a406dcdd7b9c", "bids": [{"price": "0.01", "size": "22784.68"}, {"price": "0.02", "size": "10752.48"}, {"price": "0.03", "size": "100"}, {"price": "0.04", "size": "5.3"}, {"price": "0.08", "size": "100"}, {"price": "0.09", "size": "7.06"}, {"price": "0.14", "size": "50"}, {"price": "0.45", "size": "2690.11"}, {"price": "0.46", "size": "2190.11"}], "asks": [{"price": "0.99", "size": "12137.5"}, {"price": "0.98", "size": "8562.33"}, {"price": "0.97", "size": "100"}, {"price": "0.96", "size": "5.26"}, {"price": "0.92", "size": "100"}, {"price": "0.91", "size": "7.06"}, {"price": "0.86", "size": "50"}, {"price": "0.55", "size": "2690.11"}, {"price": "0.54", "size": "2190.11"}], "event_type": "book", "last_trade_price": ""}, {"market": "0xab63c6a3cf43c3ab99f68e4a72f6c3c0a7d06bad3fdd5b619939fe3fee0e9e5e", "asset_id": "108442430286615765527014752360734543488337168821843553883980136466628838344959", "timestamp": "1769384488129", "hash": "18525f171e5331fa3ddf7c75cc00e7a9d78d65ab", "bids": [{"price": "0.01", "size": "2790.27"}, {"price": "0.02", "size": "12299.11"}, {"price": "0.03", "size": "1300"}, {"price": "0.04", "size": "6.36"}, {"price": "0.07", "size": "1400"}, {"price": "0.08", "size": "500"}, {"price": "0.09", "size": "300"}, {"price": "0.1", "size": "8557.33"}, {"price": "0.11", "size": "5.84"}, {"price": "0.14", "size": "50"}, {"price": "0.2", "size": "400"}, {"price": "0.33", "size": "50"}, {"price": "0.5", "size": "3190.11"}, {"price": "0.51", "size": "2190.11"}], "asks": [{"price": "0.99", "size": "2785.24"}, {"price": "0.98", "size": "12304.32"}, {"price": "0.97", "size": "1300"}, {"price": "0.96", "size": "6.42"}, {"price": "0.93", "size": "1400"}, {"price": "0.91", "size": "2490.11"}, {"price": "0.9", "size": "10653.3"}, {"price": "0.86", "size": "150"}, {"price": "0.74", "size": "10"}, {"price": "0.73", "size": "50"}, {"price": "0.6", "size": "1000"}], "event_type": "book", "last_trade_price": ""}, {"market": "0x4872c930ece80c81d460bc9a556d3a4ea8901b1458d549818818f3f053c7a7b6", "asset_id": "97161560949970963455523949468677098315209092765222688292442105148353382047565", "timestamp": "1769384425878", "hash": "c27987ca8cd64e6464f0de3dbf8a1aa878e81bb3", "bids": [{"price": "0.01", "size": "14379.99"}, {"price": "0.02", "size": "10647.44"}, {"price": "0.03", "size": "29.74"}, {"price": "0.42", "size": "500"}], "asks": [{"price": "0.99", "size": "14384.39"}, {"price": "0.98", "size": "21746.55"}, {"price": "0.97", "size": "100"}, {"price": "0.96", "size": "5.18"}, {"price": "0.92", "size": "100"}, {"price": "0.91", "size": "7.12"}, {"price": "0.86", "size": "50"}, {"price": "0.52", "size": "2690.11"}, {"price": "0.51", "size": "2190.11"}], "event_type": "book", "last_trade_price": ""}, {"market": "0x6ec1533bf58c24859221f4f951e1bd6635d4062c159173b1fd1104f64152bfb6", "asset_id": "28283266317199105918230110303158762359229840619714595669980694133018968933728", "timestamp": "1769384466560", "hash": "07644d1941ec80b025c2f8ed00d75c37ead18a77", "bids": [{"price": "0.01", "size": "14379.99"}, {"price": "0.02", "size": "10647.44"}, {"price": "0.03", "size": "29.74"}, {"price": "0.42", "size": "500"}], "asks": [{"price": "0.99", "size": "12189.47"}, {"price": "0.98", "size": "8557.33"}, {"price": "0.97", "size": "107.32"}, {"price": "0.92", "size": "100"}, {"price": "0.91", "size": "7.52"}, {"price": "0.86", "size": "50"}, {"price": "0.52", "size": "2690.11"}, {"price": "0.51", "size": "2190.11"}], "event_type": "book", "last_trade_price": ""}, {"market": "0x4872c930ece80c81d460bc9a556d3a4ea8901b1458d549818818f3f053c7a7b6", "asset_id": "85569336831214603775259988300588821277764294578753230582533005019610107696093", "timestamp": "1769384425878", "hash": "d51075feff5a3f6fc5f97065cd23edc3a395be32", "bids": [{"price": "0.01", "size": "14384.39"}, {"price": "0.02", "size": "21746.55"}, {"price": "0.03", "size": "100"}, {"price": "0.04", "size": "5.18"}, {"price": "0.08", "size": "100"}, {"price": "0.09", "size": "7.12"}, {"price": "0.14", "size": "50"}, {"price": "0.48", "size": "2690.11"}, {"price": "0.49", "size": "2190.11"}], "asks": [{"price": "0.99", "size": "14379.99"}, {"price": "0.98", "size": "10647.44"}, {"price": "0.97", "size": "29.74"}, {"price": "0.58", "size": "500"}], "event_type": "book", "last_trade_price": ""}, {"market": "0x66e5c68cb6c3dca73f72ed6e665776661366e9f4f25f842bfbf7f75f0dda3323", "asset_id": "33921637683474286438249541660342486664896644993598623846148168155018203039646", "timestamp": "1769384425879", "hash": "779292534b607c78684f3ac74a34edc24bbc6cd6", "bids": [{"price": "0.01", "size": "95.96"}, {"price": "0.02", "size": "42.01"}, {"price": "0.27", "size": "500"}], "asks": [{"price": "0.99", "size": "1085.09"}, {"price": "0.98", "size": "47.45"}, {"price": "0.38", "size": "500"}], "event_type": "book", "last_trade_price": ""}]}
{"_local_timestamp": "2026-01-25T23:41:33.492609+00:00", "data": {"market": "0xab63c6a3cf43c3ab99f68e4a72f6c3c0a7d06bad3fdd5b619939fe3fee0e9e5e", "price_changes": [{"asset_id": "56685619967578726571385852838438545201981689299488058810797637488735546768106", "price": "0.09", "size": "2390.11", "side": "BUY", "hash": "eb74f5cf192f577aaa04f52fa632f378f4a19129", "best_bid": "0.4", "best_ask": "0.49"}, {"asset_id": "108442430286615765527014752360734543488337168821843553883980136466628838344959", "price": "0.91", "size": "2390.11", "side": "SELL", "hash": "d8d6e7d2e25f48978b23a213ad584a908b6762d3", "best_bid": "0.51", "best_ask": "0.6"}], "timestamp": "1769384493419", "event_type": "price_change"}}
{"_local_timestamp": "2026-01-25T23:41:33.498876+00:00", "data": {"market": "0xab63c6a3cf43c3ab99f68e4a72f6c3c0a7d06bad3fdd5b619939fe3fee0e9e5e", "price_changes": [{"asset_id": "108442430286615765527014752360734543488337168821843553883980136466628838344959", "price": "0.09", "size": "200", "side": "BUY", "hash": "c2d6db60ec14c172524d251b4e4a6092ea8d7906", "best_bid": "0.51", "best_ask": "0.6"}, {"asset_id": "56685619967578726571385852838438545201981689299488058810797637488735546768106", "price": "0.91", "size": "200", "side": "SELL", "hash": "dc4cdc96fd18549c648a613962630bebf99dc395", "best_bid": "0.4", "best_ask": "0.49"}], "timestamp": "1769384493419", "event_type": "price_change"}}
{"_local_timestamp": "2026-01-25T23:41:33.501730+00:00", "data": {"market": "0xab63c6a3cf43c3ab99f68e4a72f6c3c0a7d06bad3fdd5b619939fe3fee0e9e5e", "price_changes": [{"asset_id": "108442430286615765527014752360734543488337168821843553883980136466628838344959", "price": "0.03", "size": "900", "side": "BUY", "hash": "c2d6db60ec14c172524d251b4e4a6092ea8d7906", "best_bid": "0.51", "best_ask": "0.6"}, {"asset_id": "56685619967578726571385852838438545201981689299488058810797637488735546768106", "price": "0.97", "size": "900", "side": "SELL", "hash": "dc4cdc96fd18549c648a613962630bebf99dc395", "best_bid": "0.4", "best_ask": "0.49"}], "timestamp": "1769384493419", "event_type": "price_change"}}
{"_local_timestamp": "2026-01-25T23:41:33.505903+00:00", "data": {"market": "0xab63c6a3cf43c3ab99f68e4a72f6c3c0a7d06bad3fdd5b619939fe3fee0e9e5e", "price_changes": [{"asset_id": "56685619967578726571385852838438545201981689299488058810797637488735546768106", "price": "0.03", "size": "900", "side": "BUY", "hash": "6b58fc478751c603a336ac95af6004f0ea043673", "best_bid": "0.4", "best_ask": "0.49"}, {"asset_id": "108442430286615765527014752360734543488337168821843553883980136466628838344959", "price": "0.97", "size": "900", "side": "SELL", "hash": "c795afa44de77695e959f7832ed1e485219443b7", "best_bid": "0.51", "best_ask": "0.6"}], "timestamp": "1769384493420", "event_type": "price_change"}}
{"_local_timestamp": "2026-01-25T23:41:33.511211+00:00", "data": {"market": "0xab63c6a3cf43c3ab99f68e4a72f6c3c0a7d06bad3fdd5b619939fe3fee0e9e5e", "price_changes": [{"asset_id": "56685619967578726571385852838438545201981689299488058810797637488735546768106", "price": "0.14", "size": "50", "side": "BUY", "hash": "29a5697c0dbe85c3f524a3de9759ba6b31d90538", "best_bid": "0.4", "best_ask": "0.49"}, {"asset_id": "108442430286615765527014752360734543488337168821843553883980136466628838344959", "price": "0.86", "size": "50", "side": "SELL", "hash": "e8cfff35af5d6b15ed3a1b5730d155b8ec1a98a8", "best_bid": "0.51", "best_ask": "0.6"}], "timestamp": "1769384493429", "event_type": "price_change"}}
{"_local_timestamp": "2026-01-25T23:41:33.558962+00:00", "data": {"market": "0xab63c6a3cf43c3ab99f68e4a72f6c3c0a7d06bad3fdd5b619939fe3fee0e9e5e", "price_changes": [{"asset_id": "56685619967578726571385852838438545201981689299488058810797637488735546768106", "price": "0.1", "size": "2195.97", "side": "BUY", "hash": "9667a5fa4f1db241593bfede0bca9bfa8f077bb2", "best_bid": "0.4", "best_ask": "0.49"}, {"asset_id": "108442430286615765527014752360734543488337168821843553883980136466628838344959", "price": "0.9", "size": "2195.97", "side": "SELL", "hash": "c48e4873b56d248130bd01b5292242b8e5a2afbf", "best_bid": "0.51", "best_ask": "0.6"}], "timestamp": "1769384493478", "event_type": "price_change"}}
{"_local_timestamp": "2026-01-25T23:41:33.581278+00:00", "data": {"market": "0xab63c6a3cf43c3ab99f68e4a72f6c3c0a7d06bad3fdd5b619939fe3fee0e9e5e", "price_changes": [{"asset_id": "108442430286615765527014752360734543488337168821843553883980136466628838344959", "price": "0.1", "size": "100", "side": "BUY", "hash": "79c4fc8303aef7377cb5c1d392ae983c71750d4e", "best_bid": "0.51", "best_ask": "0.6"}, {"asset_id": "56685619967578726571385852838438545201981689299488058810797637488735546768106", "price": "0.9", "size": "100", "side": "SELL", "hash": "b3afee13e355a756da9f4408d204a48b0363ea47", "best_bid": "0.4", "best_ask": "0.49"}], "timestamp": "1769384493478", "event_type": "price_change"}}
{"_local_timestamp": "2026-01-25T23:41:33.669094+00:00", "data": {"market": "0xab63c6a3cf43c3ab99f68e4a72f6c3c0a7d06bad3fdd5b619939fe3fee0e9e5e", "price_changes": [{"asset_id": "56685619967578726571385852838438545201981689299488058810797637488735546768106", "price": "0.08", "size": "3997.11", "side": "BUY", "hash": "5166b6bf1c6d50a1e75fd1670a1c458a18983cf9", "best_bid": "0.4", "best_ask": "0.49"}, {"asset_id": "108442430286615765527014752360734543488337168821843553883980136466628838344959", "price": "0.92", "size": "3997.11", "side": "SELL", "hash": "53aa212db5f0677ed09970231c0ebe2ab4557f0b", "best_bid": "0.51", "best_ask": "0.6"}], "timestamp": "1769384493488", "event_type": "price_change"}}
{"_local_timestamp": "2026-01-25T23:41:33.676242+00:00", "data": {"market": "0xab63c6a3cf43c3ab99f68e4a72f6c3c0a7d06bad3fdd5b619939fe3fee0e9e5e", "price_changes": [{"asset_id": "56685619967578726571385852838438545201981689299488058810797637488735546768106", "price": "0.08", "size": "6187.22", "side": "BUY", "hash": "4e4e08c5bbf317be38f40c90466c08f96a32d87c", "best_bid": "0.4", "best_ask": "0.49"}, {"asset_id": "108442430286615765527014752360734543488337168821843553883980136466628838344959", "price": "0.92", "size": "6187.22", "side": "SELL", "hash": "340be4d1952dcaa216f703597f48c3a3d7ef5559", "best_bid": "0.51", "best_ask": "0.6"}], "timestamp": "1769384493489", "event_type": "price_change"}}
{"_local_timestamp": "2026-01-25T23:41:33.680521+00:00", "data": {"market": "0xab63c6a3cf43c3ab99f68e4a72f6c3c0a7d06bad3fdd5b619939fe3fee0e9e5e", "price_changes": [{"asset_id": "56685619967578726571385852838438545201981689299488058810797637488735546768106", "price": "0.08", "size": "8457.33", "side": "BUY", "hash": "48566a6c6aba99e286690ca747b6c7ce57553e84", "best_bid": "0.4", "best_ask": "0.49"}, {"asset_id": "108442430286615765527014752360734543488337168821843553883980136466628838344959", "price": "0.92", "size": "8457.33", "side": "SELL", "hash": "0b90904b5a9bdeeea034db23a8237e3425a25ef2", "best_bid": "0.51", "best_ask": "0.6"}], "timestamp": "1769384493489", "event_type": "price_change"}}
{"_local_timestamp": "2026-01-25T23:41:33.683467+00:00", "data": {"market": "0xab63c6a3cf43c3ab99f68e4a72f6c3c0a7d06bad3fdd5b619939fe3fee0e9e5e", "price_changes": [{"asset_id": "108442430286615765527014752360734543488337168821843553883980136466628838344959", "price": "0.08", "size": "2690.11", "side": "BUY", "hash": "6965f2a54141d0ce414b5977cfd52b5dfb0ac710", "best_bid": "0.51", "best_ask": "0.6"}, {"asset_id": "56685619967578726571385852838438545201981689299488058810797637488735546768106", "price": "0.92", "size": "2690.11", "side": "SELL", "hash": "35e988ae89096fef46d217259d257843b1f43e6d", "best_bid": "0.4", "best_ask": "0.49"}], "timestamp": "1769384493490", "event_type": "price_change"}}
{"_local_timestamp": "2026-01-25T23:41:33.693959+00:00", "data": {"market": "0xab63c6a3cf43c3ab99f68e4a72f6c3c0a7d06bad3fdd5b619939fe3fee0e9e5e", "price_changes": [{"asset_id": "108442430286615765527014752360734543488337168821843553883980136466628838344959", "price": "0.08", "size": "4960.22", "side": "BUY", "hash": "493d62ed1c32a7f2c519995fafdb9ee1c6dccef3", "best_bid": "0.51", "best_ask": "0.6"}, {"asset_id": "56685619967578726571385852838438545201981689299488058810797637488735546768106", "price": "0.92", "size": "4960.22", "side": "SELL", "hash": "6dc1725bdc26bcf2d42786a133da5b78188795be", "best_bid": "0.4", "best_ask": "0.49"}], "timestamp": "1769384493491", "event_type": "price_change"}}
{"_local_timestamp": "2026-01-25T23:41:33.699140+00:00", "data": {"market": "0xab63c6a3cf43c3ab99f68e4a72f6c3c0a7d06bad3fdd5b619939fe3fee0e9e5e", "price_changes": [{"asset_id": "108442430286615765527014752360734543488337168821843553883980136466628838344959", "price": "0.08", "size": "8957.33", "side": "BUY", "hash": "c787fd45c2720db7bf6d141a90ce10dc120f1777", "best_bid": "0.51", "best_ask": "0.6"}, {"asset_id": "56685619967578726571385852838438545201981689299488058810797637488735546768106", "price": "0.92", "size": "8957.33", "side": "SELL", "hash": "db5c7d6ca66e946f1a9b4264296e310b5d0299c5", "best_bid": "0.4", "best_ask": "0.49"}], "timestamp": "1769384493492", "event_type": "price_change"}}
{"_local_timestamp": "2026-01-25T23:41:33.706647+00:00", "data": {"market": "0xab63c6a3cf43c3ab99f68e4a72f6c3c0a7d06bad3fdd5b619939fe3fee0e9e5e", "price_changes": [{"asset_id": "56685619967578726571385852838438545201981689299488058810797637488735546768106", "price": "0.11", "size": "10999.11", "side": "BUY", "hash": "ddd1c059d4ade20a03027b3eae136ab28dbc2321", "best_bid": "0.4", "best_ask": "0.49"}, {"asset_id": "108442430286615765527014752360734543488337168821843553883980136466628838344959", "price": "0.89", "size": "10999.11", "side": "SELL", "hash": "3b7cdd091720128cc0d6668e58a6aae6498c65c9", "best_bid": "0.51", "best_ask": "0.6"}], "timestamp": "1769384493538", "event_type": "price_change"}}
{"_local_timestamp": "2026-01-25T23:41:33.709929+00:00", "data": {"market": "0xab63c6a3cf43c3ab99f68e4a72f6c3c0a7d06bad3fdd5b619939fe3fee0e9e5e", "price_changes": [{"asset_id": "56685619967578726571385852838438545201981689299488058810797637488735546768106", "price": "0.11", "size": "13189.22", "side": "BUY", "hash": "e5bce5a93792566f7e22bde7c0421a6184fb6c71", "best_bid": "0.4", "best_ask": "0.49"}, {"asset_id": "108442430286615765527014752360734543488337168821843553883980136466628838344959", "price": "0.89", "size": "13189.22", "side": "SELL", "hash": "4f38b8497a9d9912f560809d9664c46ac69b7e99", "best_bid": "0.51", "best_ask": "0.6"}], "timestamp": "1769384493538", "event_type": "price_change"}}
{"_local_timestamp": "2026-01-25T23:41:33.715371+00:00", "data": {"market": "0xab63c6a3cf43c3ab99f68e4a72f6c3c0a7d06bad3fdd5b619939fe3fee0e9e5e", "price_changes": [{"asset_id": "108442430286615765527014752360734543488337168821843553883980136466628838344959", "price": "0.11", "size": "11004.95", "side": "BUY", "hash": "39091878e8a14bc9bd002d7090a8a11997432bb1", "best_bid": "0.51", "best_ask": "0.6"}, {"asset_id": "56685619967578726571385852838438545201981689299488058810797637488735546768106", "price": "0.89", "size": "11004.95", "side": "SELL", "hash": "938605f1f87a654050edd3f3809745d91989c7eb", "best_bid": "0.4", "best_ask": "0.49"}], "timestamp": "1769384493539", "event_type": "price_change"}}
{"_local_timestamp": "2026-01-25T23:41:33.719655+00:00", "data": {"market": "0xab63c6a3cf43c3ab99f68e4a72f6c3c0a7d06bad3fdd5b619939fe3fee0e9e5e", "price_changes": [{"asset_id": "56685619967578726571385852838438545201981689299488058810797637488735546768106", "price": "0.15", "size": "100", "side": "BUY", "hash": "bdbf0241cf596899bc5950e2532da6e6394d52c4", "best_bid": "0.4", "best_ask": "0.49"}, {"asset_id": "108442430286615765527014752360734543488337168821843553883980136466628838344959", "price": "0.85", "size": "100", "side": "SELL", "hash": "9abf5d114ab30a9c1b20a75b88d06c0c8e188763", "best_bid": "0.51", "best_ask": "0.6"}], "timestamp": "1769384493645", "event_type": "price_change"}}
{"_local_timestamp": "2026-01-25T23:41:33.785626+00:00", "data": {"market": "0xab63c6a3cf43c3ab99f68e4a72f6c3c0a7d06bad3fdd5b619939fe3fee0e9e5e", "price_changes": [{"asset_id": "108442430286615765527014752360734543488337168821843553883980136466628838344959", "price": "0.02", "size": "12699.11", "side": "BUY", "hash": "e5c2962b351a5a7ccbb7438103ff4078c3722b8f", "best_bid": "0.51", "best_ask": "0.6"}, {"asset_id": "56685619967578726571385852838438545201981689299488058810797637488735546768106", "price": "0.98", "size": "12699.11", "side": "SELL", "hash": "e309220fdbf5b65040530a389008afdfa2d59a05", "best_bid": "0.4", "best_ask": "0.49"}], "timestamp": "1769384493717", "event_type": "price_change"}}
{"_local_timestamp": "2026-01-25T23:41:33.794791+00:00", "data": {"market": "0xab63c6a3cf43c3ab99f68e4a72f6c3c0a7d06bad3fdd5b619939fe3fee0e9e5e", "price_changes": [{"asset_id": "108442430286615765527014752360734543488337168821843553883980136466628838344959", "price": "0.1", "size": "200", "side": "BUY", "hash": "24a5753603f47935027aa201c28664aec1260f64", "best_bid": "0.51", "best_ask": "0.6"}, {"asset_id": "56685619967578726571385852838438545201981689299488058810797637488735546768106", "price": "0.9", "size": "200", "side": "SELL", "hash": "d9f9c707fec469f3e18ac2900ca3d13dd727ffe1", "best_bid": "0.4", "best_ask": "0.49"}], "timestamp": "1769384493718", "event_type": "price_change"}}
{"_local_timestamp": "2026-01-25T23:41:33.807440+00:00", "data": {"market": "0xab63c6a3cf43c3ab99f68e4a72f6c3c0a7d06bad3fdd5b619939fe3fee0e9e5e", "price_changes": [{"asset_id": "56685619967578726571385852838438545201981689299488058810797637488735546768106", "price": "0.02", "size": "12704.32", "side": "BUY", "hash": "f31581ff977198ef756d97f1af9b7f8ca0cf722e", "best_bid": "0.4", "best_ask": "0.49"}, {"asset_id": "108442430286615765527014752360734543488337168821843553883980136466628838344959", "price": "0.98", "size": "12704.32", "side": "SELL", "hash": "e341d2c21260d0b2beb4e354cd2dc979ff2c4837", "best_bid": "0.51", "best_ask": "0.6"}], "timestamp": "1769384493719", "event_type": "price_change"}}
