{"_local_timestamp": "2026-01-25T23:34:25.903888+00:00", "data": [{"market": "0x66e5c68cb6c3dca73f72ed6e665776661366e9f4f25f842bfbf7f75f0dda3323", "asset_id": "33921637683474286438249541660342486664896644993598623846148168155018203039646", "timestamp": "1769384064285", "hash": "7b18e93c6e1766ea23bf2a6b7d7e788d8a36215b", "bids": [{"price": "0.01", "size": "95.96"}, {"price": "0.02", "size": "42.01"}, {"price": "0.27", "size": "500"}], "asks": [{"price": "0.99", "size": "1085.09"}, {"price": "0.98", "size": "47.45"}, {"price": "0.38", "size": "500"}], "event_type": "book", "last_trade_price": ""}, {"market": "0x66e5c68cb6c3dca73f72ed6e665776661366e9f4f25f842bfbf7f75f0dda3323", "asset_id": "22602465680333142740738653707825273834609968702208203830031438765401302434739", "timestamp": "1769384064285", "hash": "5a4c267f4f5df593a80dfe6d55b5bf96237be903", "bids": [{"price": "0.01", "size": "1085.09"}, {"price": "0.02", "size": "47.45"}, {"price": "0.62", "size": "500"}], "asks": [{"price": "0.99", "size": "95.96"}, {"price": "0.98", "size": "42.01"}, {"price": "0.73", "size": "500"}], "event_type": "book", "last_trade_price": ""}, {"market": "0x3dc17d4432aca0f9eaa4f41e94dc7a937c4c19aa06407f7d367ea66dd6b705ef", "asset_id": "30750035538606607297476799570164338497863402313268221214550121682051958326536", "timestamp": "1769384064291", "hash": "c636e2e8f3b16beea9909a56e03fb9a2678b77b8", "bids": [{"price": "0.01", "size": "14327.35"}, {"price": "0.02", "size": "10752.48"}, {"price": "0.03", "size": "100"}, {"price": "0.04", "size": "5.3"}, {"price": "0.08", "size": "100"}, {"price": "0.09", "size": "7.06"}, {"price": "0.14", "size": "50"}, {"price": "0.45", "size": "2690.11"}, {"price": "0.46", "size": "2190.11"}], "asks": [{"price": "0.99", "size": "12137.5"}, {"price": "0.98", "size": "8562.33"}, {"price": "0.97", "size": "100"}, {"price": "0.96", "size": "5.26"}, {"price": "0.92", "size": "100"}, {"price": "0.91", "size": "7.06"}, {"price": "0.86", "size": "50"}, {"price": "0.55", "size": "2690.11"}, {"price": "0.54", "size": "2190.11"}], "event_type": "book", "last_trade_price": ""}, {"market": "0xab63c6a3cf43c3ab99f68e4a72f6c3c0a7d06bad3fdd5b619939fe3fee0e9e5e", "asset_id": "108442430286615765527014752360734543488337168821843553883980136466628838344959", "timestamp": "1769384064417", "hash": "6cb2b0057cdd44bb6d8ae7efdf867c984490ecea", "bids": [{"price": "0.01", "size": "2790.27"}, {"price": "0.02", "size": "13199.11"}, {"price": "0.03", "size": "400"}, {"price": "0.04", "size": "6.36"}, {"price": "0.07", "size": "1400"}, {"price": "0.08", "size": "8557.33"}, {"price": "0.09", "size": "300"}, {"price": "0.1", "size": "406.42"}, {"price": "0.11", "size": "100"}, {"price": "0.14", "size": "50"}, {"price": "0.2", "size": "400"}, {"price": "0.33", "size": "50"}, {"price": "0.5", "size": "3190.11"}, {"price": "0.51", "size": "2190.11"}], "asks": [{"price": "0.99", "size": "2790.73"}, {"price": "0.98", "size": "13199.11"}, {"price": "0.97", "size": "409.02"}, {"price": "0.93", "size": "3590.11"}, {"price": "0.92", "size": "10747.44"}, {"price": "0.91", "size": "8464.24"}, {"price": "0.9", "size": "100"}, {"price": "0.86", "size": "150"}, {"price": "0.74", "size": "10"}, {"price": "0.73", "size": "50"}, {"price": "0.6", "size": "1000"}], "event_type": "book", "last_trade_price": ""}, {"market": "0x6ec1533bf58c24859221f4f951e1bd6635d4062c159173b1fd1104f64152bfb6", "asset_id": "96315953066058902024740936163730408631841769397037516243247976463789679670058", "timestamp": "1769384065064", "hash": "a2a4ac6ff0d5566d347820b2f23d579ca8ad7c6a", "bids": [{"price": "0.01", "size": "14379.58"}, {"price": "0.02", "size": "21746.55"}, {"price": "0.03", "size": "8557.33"}, {"price": "0.04", "size": "5.47"}, {"price": "0.08", "size": "100"}, {"price": "0.09", "size": "7.52"}, {"price": "0.14", "size": "50"}, {"price": "0.48", "size": "2690.11"}, {"price": "0.49", "size": "2190.11"}], "asks": [{"price": "0.99", "size": "14379.99"}, {"price": "0.98", "size": "10647.44"}, {"price": "0.97", "size": "29.74"}, {"price": "0.58", "size": "500"}], "event_type": "book", "last_trade_price": ""}, {"market": "0x4872c930ece80c81d460bc9a556d3a4ea8901b1458d549818818f3f053c7a7b6", "asset_id": "97161560949970963455523949468677098315209092765222688292442105148353382047565", "timestamp": "1769384064290", "hash": "52feed663520575a396df34247926fa23017cd7e", "bids": [{"price": "0.01", "size": "14379.99"}, {"price": "0.02", "size": "10647.44"}, {"price": "0.03", "size": "29.74"}, {"price": "0.42", "size": "500"}], "asks": [{"price": "0.99", "size": "14384.39"}, {"price": "0.98", "size": "10747.44"}, {"price": "0.97", "size": "100"}, {"price": "0.96", "size": "5.18"}, {"price": "0.92", "size": "100"}, {"price": "0.91", "size": "7.12"}, {"price": "0.86", "size": "50"}, {"price": "0.52", "size": "2690.11"}, {"price": "0.51", "size": "2190.11"}], "event_type": "book", "last_trade_price": ""}, {"market": "0x4872c930ece80c81d460bc9a556d3a4ea8901b1458d549818818f3f053c7a7b6", "asset_id": "85569336831214603775259988300588821277764294578753230582533005019610107696093", "timestamp": "1769384064290", "hash": "5ced0b706feac54ae2122b204a4f3b1b75a51e84", "bids": [{"price": "0.01", "size": "14384.39"}, {"price": "0.02", "size": "10747.44"}, {"price": "0.03", "size": "100"}, {"price": "0.04", "size": "5.18"}, {"price": "0.08", "size": "100"}, {"price": "0.09", "size": "7.12"}, {"price": "0.14", "size": "50"}, {"price": "0.48", "size": "2690.11"}, {"price": "0.49", "size": "2190.11"}], "asks": [{"price": "0.99", "size": "14379.99"}, {"price": "0.98", "size": "10647.44"}, {"price": "0.97", "size": "29.74"}, {"price": "0.58", "size": "500"}], "event_type": "book", "last_trade_price": ""}, {"market": "0x3dc17d4432aca0f9eaa4f41e94dc7a937c4c19aa06407f7d367ea66dd6b705ef", "asset_id": "74555465594182996458086305494139561200582443194358600782509963958084564246340", "timestamp": "1769384064291", "hash": "5f4f93d00d7bbb916c6aa1f20d0216b3622add08", "bids": [{"price": "0.01", "size": "12137.5"}, {"price": "0.02", "size": "8562.33"}, {"price": "0.03", "size": "100"}, {"price": "0.04", "size": "5.26"}, {"price": "0.08", "size": "100"}, {"price": "0.09", "size": "7.06"}, {"price": "0.14", "size": "50"}, {"price": "0.45", "size": "2690.11"}, {"price": "0.46", "size": "2190.11"}], "asks": [{"price": "0.99", "size": "14327.35"}, {"price": "0.98", "size": "10752.48"}, {"price": "0.97", "size": "100"}, {"price": "0.96", "size": "5.3"}, {"price": "0.92", "size": "100"}, {"price": "0.91", "size": "7.06"}, {"price": "0.86", "size": "50"}, {"price": "0.55", "size": "2690.11"}, {"price": "0.54", "size": "2190.11"}], "event_type": "book", "last_trade_price": ""}, {"market": "0x6ec1533bf58c24859221f4f951e1bd6635d4062c159173b1fd1104f64152bfb6", "asset_id": "28283266317199105918230110303158762359229840619714595669980694133018968933728", "timestamp": "1769384065064", "hash": "c6d4cf178d476d9a3967b97362cddc223a87664d", "bids": [{"price": "0.01", "size": "14379.99"}, {"price": "0.02", "size": "10647.44"}, {"price": "0.03", "size": "29.74"}, {"price": "0.42", "size": "500"}], "asks": [{"price": "0.99", "size": "14379.58"}, {"price": "0.98", "size": "21746.55"}, {"price": "0.97", "size": "8557.33"}, {"price": "0.96", "size": "5.47"}, {"price": "0.92", "size": "100"}, {"price": "0.91", "size": "7.52"}, {"price": "0.86", "size": "50"}, {"price": "0.52", "size": "2690.11"}, {"price": "0.51", "size": "2190.11"}], "event_type": "book", "last_trade_price": ""}, {"market": "0xab63c6a3cf43c3ab99f68e4a72f6c3c0a7d06bad3fdd5b619939fe3fee0e9e5e", "asset_id": "56685619967578726571385852838438545201981689299488058810797637488735546768106", "timestamp": "1769384064417", "hash": "7d6021a5ff0d05fe1ff4472bf5f849dd530b53dd", "bids": [{"price": "0.01", "size": "2790.73"}, {"price": "0.02", "size": "13199.11"}, {"price": "0.03", "size": "409.02"}, {"price": "0.07", "size": "3590.11"}, {"price": "0.08", "size": "10747.44"}, {"price": "0.09", "size": "8464.24"}, {"price": "0.1", "size": "100"}, {"price": "0.14", "size": "150"}, {"price": "0.26", "size": "10"}, {"price": "0.27", "size": "50"}, {"price": "0.4", "size": "1000"}], "asks": [{"price": "0.99", "size": "2790.27"}, {"price": "0.98", "size": "13199.11"}, {"price": "0.97", "size": "400"}, {"price": "0.96", "size": "6.36"}, {"price": "0.93", "size": "1400"}, {"price": "0.92", "size": "8557.33"}, {"price": "0.91", "size": "300"}, {"price": "0.9", "size": "406.42"}, {"price": "0.89", "size": "100"}, {"price": "0.86", "size": "50"}, {"price": "0.8", "size": "400"}, {"price": "0.67", "size": "50"}, {"price": "0.5", "size": "3190.11"}, {"price": "0.49", "size": "2190.11"}], "event_type": "book", "last_trade_price": ""}]}
{"_local_timestamp": "2026-01-25T23:34:29.272696+00:00", "data": {"market": "0xab63c6a3cf43c3ab99f68e4a72f6c3c0a7d06bad3fdd5b619939fe3fee0e9e5e", "price_changes": [{"asset_id": "56685619967578726571385852838438545201981689299488058810797637488735546768106", "price": "0.08", "size": "10647.44", "side": "BUY", "hash": "f8c038ecb35e13311ae5652d7cbaa9a581a3ed99", "best_bid": "0.4", "best_ask": "0.49"}, {"asset_id": "108442430286615765527014752360734543488337168821843553883980136466628838344959", "price": "0.92", "size": "10647.44", "side": "SELL", "hash": "1b85eeb4d1685a79e4dee39cc497d9512480822c", "best_bid": "0.51", "best_ask": "0.6"}], "timestamp": "1769384069205", "event_type": "price_change"}}
{"_local_timestamp": "2026-01-25T23:34:29.274712+00:00", "data": {"market": "0xab63c6a3cf43c3ab99f68e4a72f6c3c0a7d06bad3fdd5b619939fe3fee0e9e5e", "price_changes": [{"asset_id": "108442430286615765527014752360734543488337168821843553883980136466628838344959", "price": "0.02", "size": "12799.11", "side": "BUY", "hash": "00e074c5d40347bfe1237f683e23a89d16acbb18", "best_bid": "0.51", "best_ask": "0.6"}, {"asset_id": "56685619967578726571385852838438545201981689299488058810797637488735546768106", "price": "0.98", "size": "12799.11", "side": "SELL", "hash": "d83d07a520861459522f6020aa3728df49629dea", "best_bid": "0.4", "best_ask": "0.49"}], "timestamp": "1769384069205", "event_type": "price_change"}}
{"_local_timestamp": "2026-01-25T23:34:29.275204+00:00", "data": {"market": "0xab63c6a3cf43c3ab99f68e4a72f6c3c0a7d06bad3fdd5b619939fe3fee0e9e5e", "price_changes": [{"asset_id": "108442430286615765527014752360734543488337168821843553883980136466628838344959", "price": "0.08", "size": "8457.33", "side": "BUY", "hash": "00e074c5d40347bfe1237f683e23a89d16acbb18", "best_bid": "0.51", "best_ask": "0.6"}, {"asset_id": "56685619967578726571385852838438545201981689299488058810797637488735546768106", "price": "0.92", "size": "8457.33", "side": "SELL", "hash": "d83d07a520861459522f6020aa3728df49629dea", "best_bid": "0.4", "best_ask": "0.49"}], "timestamp": "1769384069205", "event_type": "price_change"}}
{"_local_timestamp": "2026-01-25T23:34:29.289173+00:00", "data": {"market": "0xab63c6a3cf43c3ab99f68e4a72f6c3c0a7d06bad3fdd5b619939fe3fee0e9e5e", "price_changes": [{"asset_id": "56685619967578726571385852838438545201981689299488058810797637488735546768106", "price": "0.02", "size": "12799.11", "side": "BUY", "hash": "c905e1c8d3f24550e389560d99770aaa0696453b", "best_bid": "0.4", "best_ask": "0.49"}, {"asset_id": "108442430286615765527014752360734543488337168821843553883980136466628838344959", "price": "0.98", "size": "12799.11", "side": "SELL", "hash": "6c812844488c15d1b8f83d7f4c2f60ae93e9bf8b", "best_bid": "0.51", "best_ask": "0.6"}], "timestamp": "1769384069211", "event_type": "price_change"}}
{"_local_timestamp": "2026-01-25T23:34:29.328213+00:00", "data": {"market": "0xab63c6a3cf43c3ab99f68e4a72f6c3c0a7d06bad3fdd5b619939fe3fee0e9e5e", "price_changes": [{"asset_id": "56685619967578726571385852838438545201981689299488058810797637488735546768106", "price": "0.1", "size": "2290.11", "side": "BUY", "hash": "9a9cd1db8584130728ee282b4aa6ee84b6303b0b", "best_bid": "0.4", "best_ask": "0.49"}, {"asset_id": "108442430286615765527014752360734543488337168821843553883980136466628838344959", "price": "0.9", "size": "2290.11", "side": "SELL", "hash": "45b1f78c903adb8e4d3e153252661f8971aac47c", "best_bid": "0.51", "best_ask": "0.6"}], "timestamp": "1769384069258", "event_type": "price_change"}}
{"_local_timestamp": "2026-01-25T23:34:29.328975+00:00", "data": {"market": "0xab63c6a3cf43c3ab99f68e4a72f6c3c0a7d06bad3fdd5b619939fe3fee0e9e5e", "price_changes": [{"asset_id": "56685619967578726571385852838438545201981689299488058810797637488735546768106", "price": "0.1", "size": "4480.22", "side": "BUY", "hash": "c0df746037ab3544af5f42f25e949f0d314e3f6e", "best_bid": "0.4", "best_ask": "0.49"}, {"asset_id": "108442430286615765527014752360734543488337168821843553883980136466628838344959", "price": "0.9", "size": "4480.22", "side": "SELL", "hash": "89ab1c1923cee8ccb125bc2ed391d3908b2145f2", "best_bid": "0.51", "best_ask": "0.6"}], "timestamp": "1769384069259", "event_type": "price_change"}}
{"_local_timestamp": "2026-01-25T23:34:29.329336+00:00", "data": {"market": "0xab63c6a3cf43c3ab99f68e4a72f6c3c0a7d06bad3fdd5b619939fe3fee0e9e5e", "price_changes": [{"asset_id": "56685619967578726571385852838438545201981689299488058810797637488735546768106", "price": "0.09", "size": "10654.35", "side": "BUY", "hash": "cdcf72d43e993699e0b821da0288a9f0665dbc2c", "best_bid": "0.4", "best_ask": "0.49"}, {"asset_id": "108442430286615765527014752360734543488337168821843553883980136466628838344959", "price": "0.91", "size": "10654.35", "side": "SELL", "hash": "04f9e109d097f32ba55d7584adf5c58f37ddc2c2", "best_bid": "0.51", "best_ask": "0.6"}], "timestamp": "1769384069259", "event_type": "price_change"}}
{"_local_timestamp": "2026-01-25T23:34:29.329792+00:00", "data": {"market": "0xab63c6a3cf43c3ab99f68e4a72f6c3c0a7d06bad3fdd5b619939fe3fee0e9e5e", "price_changes": [{"asset_id": "56685619967578726571385852838438545201981689299488058810797637488735546768106", "price": "0.1", "size": "8477.33", "side": "BUY", "hash": "ab6c17975fd9627808ba9e4133b5fc7d947c7d1f", "best_bid": "0.4", "best_ask": "0.49"}, {"asset_id": "108442430286615765527014752360734543488337168821843553883980136466628838344959", "price": "0.9", "size": "8477.33", "side": "SELL", "hash": "7b7772dc0c39a7d4d5497d7ab1bff099972bec03", "best_bid": "0.51", "best_ask": "0.6"}], "timestamp": "1769384069260", "event_type": "price_change"}}
{"_local_timestamp": "2026-01-25T23:34:29.330885+00:00", "data": {"market": "0xab63c6a3cf43c3ab99f68e4a72f6c3c0a7d06bad3fdd5b619939fe3fee0e9e5e", "price_changes": [{"asset_id": "56685619967578726571385852838438545201981689299488058810797637488735546768106", "price": "0.1", "size": "10747.44", "side": "BUY", "hash": "be9f7567da1899f17851b18a728f21ae55c0fcc7", "best_bid": "0.4", "best_ask": "0.49"}, {"asset_id": "108442430286615765527014752360734543488337168821843553883980136466628838344959", "price": "0.9", "size": "10747.44", "side": "SELL", "hash": "f4912ed01075a35021512e90f306c890c061a040", "best_bid": "0.51", "best_ask": "0.6"}], "timestamp": "1769384069261", "event_type": "price_change"}}
{"_local_timestamp": "2026-01-25T23:34:29.334061+00:00", "data": {"market": "0xab63c6a3cf43c3ab99f68e4a72f6c3c0a7d06bad3fdd5b619939fe3fee0e9e5e", "price_changes": [{"asset_id": "56685619967578726571385852838438545201981689299488058810797637488735546768106", "price": "0.1", "size": "21746.55", "side": "BUY", "hash": "ee2b505267ca819186c3fb11de73ce25d33a276f", "best_bid": "0.4", "best_ask": "0.49"}, {"asset_id": "108442430286615765527014752360734543488337168821843553883980136466628838344959", "price": "0.9", "size": "21746.55", "side": "SELL", "hash": "657758f9df0f98ce0f88db0f9deae1efbe18f65c", "best_bid": "0.51", "best_ask": "0.6"}], "timestamp": "1769384069261", "event_type": "price_change"}}
{"_local_timestamp": "2026-01-25T23:34:29.412710+00:00", "data": {"market": "0xab63c6a3cf43c3ab99f68e4a72f6c3c0a7d06bad3fdd5b619939fe3fee0e9e5e", "price_changes": [{"asset_id": "56685619967578726571385852838438545201981689299488058810797637488735546768106", "price": "0.09", "size": "2197.02", "side": "BUY", "hash": "74bd936e78822c83da9e664c284cae598ab76f53", "best_bid": "0.4", "best_ask": "0.49"}, {"asset_id": "108442430286615765527014752360734543488337168821843553883980136466628838344959", "price": "0.91", "size": "2197.02", "side": "SELL", "hash": "578d2df933158037fd339433633a1e412bf94420", "best_bid": "0.51", "best_ask": "0.6"}], "timestamp": "1769384069304", "event_type": "price_change"}}
{"_local_timestamp": "2026-01-25T23:34:29.563768+00:00", "data": {"market": "0xab63c6a3cf43c3ab99f68e4a72f6c3c0a7d06bad3fdd5b619939fe3fee0e9e5e", "price_changes": [{"asset_id": "56685619967578726571385852838438545201981689299488058810797637488735546768106", "price": "0.03", "size": "809.02", "side": "BUY", "hash": "4f388db5f8e94d4fc57b263a693bb3e68e153af1", "best_bid": "0.4", "best_ask": "0.49"}, {"asset_id": "108442430286615765527014752360734543488337168821843553883980136466628838344959", "price": "0.97", "size": "809.02", "side": "SELL", "hash": "b25df24766284db6d178de2395bd0787a746595e", "best_bid": "0.51", "best_ask": "0.6"}], "timestamp": "1769384069496", "event_type": "price_change"}}
{"_local_timestamp": "2026-01-25T23:34:29.570049+00:00", "data": {"market": "0xab63c6a3cf43c3ab99f68e4a72f6c3c0a7d06bad3fdd5b619939fe3fee0e9e5e", "price_changes": [{"asset_id": "108442430286615765527014752360734543488337168821843553883980136466628838344959", "price": "0.03", "size": "800", "side": "BUY", "hash": "2a1ff2b807f030de176e7c54d23094b9b0a08ef4", "best_bid": "0.51", "best_ask": "0.6"}, {"asset_id": "56685619967578726571385852838438545201981689299488058810797637488735546768106", "price": "0.97", "size": "800", "side": "SELL", "hash": "8ca62d40bc8cc1505ff73de8a4cb94956785388f", "best_bid": "0.4", "best_ask": "0.49"}], "timestamp": "1769384069497", "event_type": "price_change"}}
{"_local_timestamp": "2026-01-25T23:34:29.572270+00:00", "data": {"market": "0xab63c6a3cf43c3ab99f68e4a72f6c3c0a7d06bad3fdd5b619939fe3fee0e9e5e", "price_changes": [{"asset_id": "108442430286615765527014752360734543488337168821843553883980136466628838344959", "price": "0.09", "size": "400", "side": "BUY", "hash": "65b0a3cecc29ee2ad2b7112561c987672634b02f", "best_bid": "0.51", "best_ask": "0.6"}, {"asset_id": "56685619967578726571385852838438545201981689299488058810797637488735546768106", "price": "0.91", "size": "400", "side": "SELL", "hash": "61a3027d3add396c5b51e531c6fb368328e6dcd4", "best_bid": "0.4", "best_ask": "0.49"}], "timestamp": "1769384069498", "event_type": "price_change"}}
{"_local_timestamp": "2026-01-25T23:34:30.048092+00:00", "data": {"market": "0xab63c6a3cf43c3ab99f68e4a72f6c3c0a7d06bad3fdd5b619939fe3fee0e9e5e", "price_changes": [{"asset_id": "108442430286615765527014752360734543488337168821843553883980136466628838344959", "price": "0.07", "size": "800", "side": "BUY", "hash": "117ecb3fe23e271829c1334b408c8e771de782e9", "best_bid": "0.51", "best_ask": "0.6"}, {"asset_id": "56685619967578726571385852838438545201981689299488058810797637488735546768106", "price": "0.93", "size": "800", "side": "SELL", "hash": "1dfe6d7b0e2acc77a4ecf8658a200a4e5eddaac7", "best_bid": "0.4", "best_ask": "0.49"}], "timestamp": "1769384069842", "event_type": "price_change"}}
{"_local_timestamp": "2026-01-25T23:34:30.051919+00:00", "data": {"market": "0xab63c6a3cf43c3ab99f68e4a72f6c3c0a7d06bad3fdd5b619939fe3fee0e9e5e", "price_changes": [{"asset_id": "108442430286615765527014752360734543488337168821843553883980136466628838344959", "price": "0.1", "size": "6.42", "side": "BUY", "hash": "117ecb3fe23e271829c1334b408c8e771de782e9", "best_bid": "0.51", "best_ask": "0.6"}, {"asset_id": "56685619967578726571385852838438545201981689299488058810797637488735546768106", "price": "0.9", "size": "6.42", "side": "SELL", "hash": "1dfe6d7b0e2acc77a4ecf8658a200a4e5eddaac7", "best_bid": "0.4", "best_ask": "0.49"}], "timestamp": "1769384069842", "event_type": "price_change"}}
{"_local_timestamp": "2026-01-25T23:34:30.054246+00:00", "data": {"market": "0xab63c6a3cf43c3ab99f68e4a72f6c3c0a7d06bad3fdd5b619939fe3fee0e9e5e", "price_changes": [{"asset_id": "56685619967578726571385852838438545201981689299488058810797637488735546768106", "price": "0.07", "size": "2990.11", "side": "BUY", "hash": "dd05ff271a509f4ae29e030f366ebc05f6fd4237", "best_bid": "0.4", "best_ask": "0.49"}, {"asset_id": "108442430286615765527014752360734543488337168821843553883980136466628838344959", "price": "0.93", "size": "2990.11", "side": "SELL", "hash": "4db936089e84ac1924ac9d967de588dcb83bbcc7", "best_bid": "0.51", "best_ask": "0.6"}], "timestamp": "1769384069843", "event_type": "price_change"}}
{"_local_timestamp": "2026-01-25T23:34:30.284445+00:00", "data": {"market": "0xab63c6a3cf43c3ab99f68e4a72f6c3c0a7d06bad3fdd5b619939fe3fee0e9e5e", "price_changes": [{"asset_id": "56685619967578726571385852838438545201981689299488058810797637488735546768106", "price": "0.03", "size": "1409.02", "side": "BUY", "hash": "d2b7802d2d432b05bdd200200a728f76c5ba0963", "best_bid": "0.4", "best_ask": "0.49"}, {"asset_id": "108442430286615765527014752360734543488337168821843553883980136466628838344959", "price": "0.97", "size": "1409.02", "side": "SELL", "hash": "012b53ce43b67e20400db5ad33371c919a6b2b34", "best_bid": "0.51", "best_ask": "0.6"}], "timestamp": "1769384070113", "event_type": "price_change"}}
{"_local_timestamp": "2026-01-25T23:34:30.285946+00:00", "data": {"market": "0xab63c6a3cf43c3ab99f68e4a72f6c3c0a7d06bad3fdd5b619939fe3fee0e9e5e", "price_changes": [{"asset_id": "108442430286615765527014752360734543488337168821843553883980136466628838344959", "price": "0.03", "size": "1400", "side": "BUY", "hash": "da36e9d97ab35f2d3c4cd775830bdab27aa19515", "best_bid": "0.51", "best_ask": "0.6"}, {"asset_id": "56685619967578726571385852838438545201981689299488058810797637488735546768106", "price": "0.97", "size": "1400", "side": "SELL", "hash": "d7fc07848f907e5ed9d081df3bafe075f41c5e70", "best_bid": "0.4", "best_ask": "0.49"}], "timestamp": "1769384070114", "event_type": "price_change"}}
{"_local_timestamp": "2026-01-25T23:34:30.290132+00:00", "data": {"market": "0xab63c6a3cf43c3ab99f68e4a72f6c3c0a7d06bad3fdd5b619939fe3fee0e9e5e", "price_changes": [{"asset_id": "108442430286615765527014752360734543488337168821843553883980136466628838344959", "price": "0.09", "size": "800", "side": "BUY", "hash": "dbdc232c6e85a7a4a51c684db0949b26ef173a35", "best_bid": "0.51", "best_ask": "0.6"}, {"asset_id": "56685619967578726571385852838438545201981689299488058810797637488735546768106", "price": "0.91", "size": "800", "side": "SELL", "hash": "59105fe05a1fa753a4d84dce22b70ef2f332b530", "best_bid": "0.4", "best_ask": "0.49"}], "timestamp": "1769384070115", "event_type": "price_change"}}
{"_local_timestamp": "2026-01-25T23:34:30.956088+00:00", "data": {"market": "0xab63c6a3cf43c3ab99f68e4a72f6c3c0a7d06bad3fdd5b619939fe3fee0e9e5e", "price_changes": [{"asset_id": "56685619967578726571385852838438545201981689299488058810797637488735546768106", "price": "0.14", "size": "50", "side": "BUY", "hash": "865ad3dc79037a3a0d5526b01b20f0599c9f6424", "best_bid": "0.4", "best_ask": "0.49"}, {"asset_id": "108442430286615765527014752360734543488337168821843553883980136466628838344959", "price": "0.86", "size": "50", "side": "SELL", "hash": "b83446472972e4003e4ae4fcebdb65702a5859a4", "best_bid": "0.51", "best_ask": "0.6"}], "timestamp": "1769384070882", "event_type": "price_change"}}
{"_local_timestamp": "2026-01-25T23:34:30.957237+00:00", "data": {"market": "0xab63c6a3cf43c3ab99f68e4a72f6c3c0a7d06bad3fdd5b619939fe3fee0e9e5e", "price_changes": [{"asset_id": "56685619967578726571385852838438545201981689299488058810797637488735546768106", "price": "0.03", "size": "1109.02", "side": "BUY", "hash": "865ad3dc79037a3a0d5526b01b20f0599c9f6424", "best_bid": "0.4", "best_ask": "0.49"}, {"asset_id": "108442430286615765527014752360734543488337168821843553883980136466628838344959", "price": "0.97", "size": "1109.02", "side": "SELL", "hash": "b83446472972e4003e4ae4fcebdb65702a5859a4", "best_bid": "0.51", "best_ask": "0.6"}], "timestamp": "1769384070882", "event_type": "price_change"}}
{"_local_timestamp": "2026-01-25T23:34:30.957677+00:00", "data": {"market": "0xab63c6a3cf43c3ab99f68e4a72f6c3c0a7d06bad3fdd5b619939fe3fee0e9e5e", "price_changes": [{"asset_id": "108442430286615765527014752360734543488337168821843553883980136466628838344959", "price": "0.09", "size": "700", "side": "BUY", "hash": "599642296b7c24c097bbad521168c8753095e525", "best_bid": "0.51", "best_ask": "0.6"}, {"asset_id": "56685619967578726571385852838438545201981689299488058810797637488735546768106", "price": "0.91", "size": "700", "side": "SELL", "hash": "8b9cee523e84724f3803beae6a673d5689e6d948", "best_bid": "0.4", "best_ask": "0.49"}], "timestamp": "1769384070882", "event_type": "price_change"}}
{"_local_timestamp": "2026-01-25T23:34:30.958370+00:00", "data": {"market": "0xab63c6a3cf43c3ab99f68e4a72f6c3c0a7d06bad3fdd5b619939fe3fee0e9e5e", "price_changes": [{"asset_id": "108442430286615765527014752360734543488337168821843553883980136466628838344959", "price": "0.03", "size": "1100", "side": "BUY", "hash": "599642296b7c24c097bbad521168c8753095e525", "best_bid": "0.51", "best_ask": "0.6"}, {"asset_id": "56685619967578726571385852838438545201981689299488058810797637488735546768106", "price": "0.97", "size": "1100", "side": "SELL", "hash": "8b9cee523e84724f3803beae6a673d5689e6d948", "best_bid": "0.4", "best_ask": "0.49"}], "timestamp": "1769384070882", "event_type": "price_change"}}
{"_local_timestamp": "2026-01-25T23:34:31.182305+00:00", "data": {"market": "0xab63c6a3cf43c3ab99f68e4a72f6c3c0a7d06bad3fdd5b619939fe3fee0e9e5e", "price_changes": [{"asset_id": "56685619967578726571385852838438545201981689299488058810797637488735546768106", "price": "0.09", "size": "2297.02", "side": "BUY", "hash": "81f642385914df791454c365e847e621d139b692", "best_bid": "0.4", "best_ask": "0.49"}, {"asset_id": "108442430286615765527014752360734543488337168821843553883980136466628838344959", "price": "0.91", "size": "2297.02", "side": "SELL", "hash": "fa95b2a994070408076718dd49206d4696e01aa0", "best_bid": "0.51", "best_ask": "0.6"}], "timestamp": "1769384071112", "event_type": "price_change"}}
{"_local_timestamp": "2026-01-25T23:34:31.186481+00:00", "data": {"market": "0xab63c6a3cf43c3ab99f68e4a72f6c3c0a7d06bad3fdd5b619939fe3fee0e9e5e", "price_changes": [{"asset_id": "108442430286615765527014752360734543488337168821843553883980136466628838344959", "price": "0.02", "size": "13099.11", "side": "BUY", "hash": "e1806b27ae7164ebbb3790a8772f104a65dc08c3", "best_bid": "0.51", "best_ask": "0.6"}, {"asset_id": "56685619967578726571385852838438545201981689299488058810797637488735546768106", "price": "0.98", "size": "13099.11", "side": "SELL", "hash": "d9e4a1be3ad24a6817515a524f880a11312f754e", "best_bid": "0.4", "best_ask": "0.49"}], "timestamp": "1769384071112", "event_type": "price_change"}}
{"_local_timestamp": "2026-01-25T23:34:31.187408+00:00", "data": {"market": "0xab63c6a3cf43c3ab99f68e4a72f6c3c0a7d06bad3fdd5b619939fe3fee0e9e5e", "price_changes": [{"asset_id": "56685619967578726571385852838438545201981689299488058810797637488735546768106", "price": "0.02", "size": "13099.11", "side": "BUY", "hash": "b838385c835b7132c4da1439e09d9210ae28092a", "best_bid": "0.4", "best_ask": "0.49"}, {"asset_id": "108442430286615765527014752360734543488337168821843553883980136466628838344959", "price": "0.98", "size": "13099.11", "side": "SELL", "hash": "e551e1b9a14cc8a194a58eac6bcc36ab9423449f", "best_bid": "0.51", "best_ask": "0.6"}], "timestamp": "1769384071113", "event_type": "price_change"}}
{"_local_timestamp": "2026-01-25T23:34:31.190009+00:00", "data": {"market": "0xab63c6a3cf43c3ab99f68e4a72f6c3c0a7d06bad3fdd5b619939fe3fee0e9e5e", "price_changes": [{"asset_id": "108442430286615765527014752360734543488337168821843553883980136466628838344959", "price": "0.1", "size": "106.42", "side": "BUY", "hash": "543998c6016bf5de85044d6445268a57f8c94288", "best_bid": "0.51", "best_ask": "0.6"}, {"asset_id": "56685619967578726571385852838438545201981689299488058810797637488735546768106", "price": "0.9", "size": "106.42", "side": "SELL", "hash": "9558d37d33086e6c8ba908d26f12a180b9301605", "best_bid": "0.4", "best_ask": "0.49"}], "timestamp": "1769384071114", "event_type": "price_change"}}
{"_local_timestamp": "2026-01-25T23:34:31.809148+00:00", "data": {"market": "0xab63c6a3cf43c3ab99f68e4a72f6c3c0a7d06bad3fdd5b619939fe3fee0e9e5e", "price_changes": [{"asset_id": "56685619967578726571385852838438545201981689299488058810797637488735546768106", "price": "0.02", "size": "12699.11", "side": "BUY", "hash": "b9835b9c3a8ef30c65167e61e9dae525a7fa6bf9", "best_bid": "0.4", "best_ask": "0.49"}, {"asset_id": "108442430286615765527014752360734543488337168821843553883980136466628838344959", "price": "0.98", "size": "12699.11", "side": "SELL", "hash": "54465a81d16e94cb50cc13cdaa3d4654a48e3a2e", "best_bid": "0.51", "best_ask": "0.6"}], "timestamp": "1769384071737", "event_type": "price_change"}}
{"_local_timestamp": "2026-01-25T23:34:31.813960+00:00", "data": {"market": "0xab63c6a3cf43c3ab99f68e4a72f6c3c0a7d06bad3fdd5b619939fe3fee0e9e5e", "price_changes": [{"asset_id": "56685619967578726571385852838438545201981689299488058810797637488735546768106", "price": "0.1", "size": "21646.55", "side": "BUY", "hash": "b9835b9c3a8ef30c65167e61e9dae525a7fa6bf9", "best_bid": "0.4", "best_ask": "0.49"}, {"asset_id": "108442430286615765527014752360734543488337168821843553883980136466628838344959", "price": "0.9", "size": "21646.55", "side": "SELL", "hash": "54465a81d16e94cb50cc13cdaa3d4654a48e3a2e", "best_bid": "0.51", "best_ask": "0.6"}], "timestamp": "1769384071737", "event_type": "price_change"}}
{"_local_timestamp": "2026-01-25T23:34:31.817536+00:00", "data": {"market": "0xab63c6a3cf43c3ab99f68e4a72f6c3c0a7d06bad3fdd5b619939fe3fee0e9e5e", "price_changes": [{"asset_id": "108442430286615765527014752360734543488337168821843553883980136466628838344959", "price": "0.11", "size": "0", "side": "BUY", "hash": "9957ac33f0f45d007ca8f2d576010f5eb24e8921", "best_bid": "0.51", "best_ask": "0.6"}, {"asset_id": "56685619967578726571385852838438545201981689299488058810797637488735546768106", "price": "0.89", "size": "0", "side": "SELL", "hash": "75751a14e346cb5799be37f5d8e1265996fd7b75", "best_bid": "0.4", "best_ask": "0.49"}], "timestamp": "1769384071737", "event_type": "price_change"}}
{"_local_timestamp": "2026-01-25T23:34:31.817918+00:00", "data": {"market": "0xab63c6a3cf43c3ab99f68e4a72f6c3c0a7d06bad3fdd5b619939fe3fee0e9e5e", "price_changes": [{"asset_id": "108442430286615765527014752360734543488337168821843553883980136466628838344959", "price": "0.02", "size": "12699.11", "side": "BUY", "hash": "9957ac33f0f45d007ca8f2d576010f5eb24e8921", "best_bid": "0.51", "best_ask": "0.6"}, {"asset_id": "56685619967578726571385852838438545201981689299488058810797637488735546768106", "price": "0.98", "size": "12699.11", "side": "SELL", "hash": "75751a14e346cb5799be37f5d8e1265996fd7b75", "best_bid": "0.4", "best_ask": "0.49"}], "timestamp": "1769384071737", "event_type": "price_change"}}
{"_local_timestamp": "2026-01-25T23:34:32.266798+00:00", "data": {"market": "0xab63c6a3cf43c3ab99f68e4a72f6c3c0a7d06bad3fdd5b619939fe3fee0e9e5e", "price_changes": [{"asset_id": "56685619967578726571385852838438545201981689299488058810797637488735546768106", "price": "0.03", "size": "1509.02", "side": "BUY", "hash": "9afbcde2686e87bd08e228d2cff47da16dc2978a", "best_bid": "0.4", "best_ask": "0.49"}, {"asset_id": "108442430286615765527014752360734543488337168821843553883980136466628838344959", "price": "0.97", "size": "1509.02", "side": "SELL", "hash": "bfd2e0998485108e27bda49aa89222fb571217a9", "best_bid": "0.51", "best_ask": "0.6"}], "timestamp": "1769384072119", "event_type": "price_change"}}
{"_local_timestamp": "2026-01-25T23:34:32.280694+00:00", "data": {"market": "0xab63c6a3cf43c3ab99f68e4a72f6c3c0a7d06bad3fdd5b619939fe3fee0e9e5e", "price_changes": [{"asset_id": "108442430286615765527014752360734543488337168821843553883980136466628838344959", "price": "0.03", "size": "1500", "side": "BUY", "hash": "10c4dd07eaa9de033ed66921191c0120b91ed023", "best_bid": "0.51", "best_ask": "0.6"}, {"asset_id": "56685619967578726571385852838438545201981689299488058810797637488735546768106", "price": "0.97", "size": "1500", "side": "SELL", "hash": "b7aea8b40861d9dd40bd1431aa9912c0633be230", "best_bid": "0.4", "best_ask": "0.49"}], "timestamp": "1769384072122", "event_type": "price_change"}}
{"_local_timestamp": "2026-01-25T23:34:32.281193+00:00", "data": {"market": "0xab63c6a3cf43c3ab99f68e4a72f6c3c0a7d06bad3fdd5b619939fe3fee0e9e5e", "price_changes": [{"asset_id": "108442430286615765527014752360734543488337168821843553883980136466628838344959", "price": "0.09", "size": "800", "side": "BUY", "hash": "9169d1d231f5eef521fe1b6f8b5d9eb890acba25", "best_bid": "0.51", "best_ask": "0.6"}, {"asset_id": "56685619967578726571385852838438545201981689299488058810797637488735546768106", "price": "0.91", "size": "800", "side": "SELL", "hash": "51208c5676c2304c10c37c98faea708cdf132d3f", "best_bid": "0.4", "best_ask": "0.49"}], "timestamp": "1769384072124", "event_type": "price_change"}}
{"_local_timestamp": "2026-01-25T23:34:32.381536+00:00", "data": {"market": "0xab63c6a3cf43c3ab99f68e4a72f6c3c0a7d06bad3fdd5b619939fe3fee0e9e5e", "price_changes": [{"asset_id": "56685619967578726571385852838438545201981689299488058810797637488735546768106", "price": "0.1", "size": "0", "side": "BUY", "hash": "6b6d8013ffe0b81710e6706717db9a68bcf700bf", "best_bid": "0.4", "best_ask": "0.49"}, {"asset_id": "108442430286615765527014752360734543488337168821843553883980136466628838344959", "price": "0.9", "size": "0", "side": "SELL", "hash": "645cb8858c2c957492d5baa419501a62d085ce41", "best_bid": "0.51", "best_ask": "0.6"}], "timestamp": "1769384072260", "event_type": "price_change"}}
{"_local_timestamp": "2026-01-25T23:34:32.382484+00:00", "data": {"market": "0xab63c6a3cf43c3ab99f68e4a72f6c3c0a7d06bad3fdd5b619939fe3fee0e9e5e", "price_changes": [{"asset_id": "56685619967578726571385852838438545201981689299488058810797637488735546768106", "price": "0.09", "size": "106.91", "side": "BUY", "hash": "6b6d8013ffe0b81710e6706717db9a68bcf700bf", "best_bid": "0.4", "best_ask": "0.49"}, {"asset_id": "108442430286615765527014752360734543488337168821843553883980136466628838344959", "price": "0.91", "size": "106.91", "side": "SELL", "hash": "645cb8858c2c957492d5baa419501a62d085ce41", "best_bid": "0.51", "best_ask": "0.6"}], "timestamp": "1769384072260", "event_type": "price_change"}}
{"_local_timestamp": "2026-01-25T23:34:32.573121+00:00", "data": {"market": "0xab63c6a3cf43c3ab99f68e4a72f6c3c0a7d06bad3fdd5b619939fe3fee0e9e5e", "price_changes": [{"asset_id": "108442430286615765527014752360734543488337168821843553883980136466628838344959", "price": "0.1", "size": "4103.53", "side": "BUY", "hash": "5fa5b909cc3b8807e6daf92a26fbf565dc527f1f", "best_bid": "0.51", "best_ask": "0.6"}, {"asset_id": "56685619967578726571385852838438545201981689299488058810797637488735546768106", "price": "0.9", "size": "4103.53", "side": "SELL", "hash": "fbc7eb3563eb4a36e6d13e6f3b77790e05b76244", "best_bid": "0.4", "best_ask": "0.49"}], "timestamp": "1769384072501", "event_type": "price_change"}}
{"_local_timestamp": "2026-01-25T23:34:32.573869+00:00", "data": {"market": "0xab63c6a3cf43c3ab99f68e4a72f6c3c0a7d06bad3fdd5b619939fe3fee0e9e5e", "price_changes": [{"asset_id": "108442430286615765527014752360734543488337168821843553883980136466628838344959", "price": "0.1", "size": "6293.64", "side": "BUY", "hash": "a052d2a74bcc134f3bb2840d85ea16c930dafa36", "best_bid": "0.51", "best_ask": "0.6"}, {"asset_id": "56685619967578726571385852838438545201981689299488058810797637488735546768106", "price": "0.9", "size": "6293.64", "side": "SELL", "hash": "1e8dbae51d1d44153cf6c0ab3c7a956c11b2bd6f", "best_bid": "0.4", "best_ask": "0.49"}], "timestamp": "1769384072503", "event_type": "price_change"}}
{"_local_timestamp": "2026-01-25T23:34:32.574340+00:00", "data": {"market": "0xab63c6a3cf43c3ab99f68e4a72f6c3c0a7d06bad3fdd5b619939fe3fee0e9e5e", "price_changes": [{"asset_id": "108442430286615765527014752360734543488337168821843553883980136466628838344959", "price": "0.1", "size": "8563.75", "side": "BUY", "hash": "d22d20a53beaf57a982b6f66e906a2cd0bf49708", "best_bid": "0.51", "best_ask": "0.6"}, {"asset_id": "56685619967578726571385852838438545201981689299488058810797637488735546768106", "price": "0.9", "size": "8563.75", "side": "SELL", "hash": "345e08663d66bf8792d70ffb3d415bc0dcbf82d4", "best_bid": "0.4", "best_ask": "0.49"}], "timestamp": "1769384072504", "event_type": "price_change"}}
{"_local_timestamp": "2026-01-25T23:34:40.936106+00:00", "data": {"market": "0x6ec1533bf58c24859221f4f951e1bd6635d4062c159173b1fd1104f64152bfb6", "price_changes": [{"asset_id": "96315953066058902024740936163730408631841769397037516243247976463789679670058", "price": "0.02", "size": "21646.55", "side": "BUY", "hash": "4532e5916784fe9184163837d54c18b05cb077e3", "best_bid": "0.49", "best_ask": "0.58"}, {"asset_id": "28283266317199105918230110303158762359229840619714595669980694133018968933728", "price": "0.98", "size": "21646.55", "side": "SELL", "hash": "98ab03a55fce48bbdd35a0942917788fba558be5", "best_bid": "0.42", "best_ask": "0.51"}], "timestamp": "1769384080852", "event_type": "price_change"}}
{"_local_timestamp": "2026-01-25T23:34:40.939239+00:00", "data": {"market": "0xab63c6a3cf43c3ab99f68e4a72f6c3c0a7d06bad3fdd5b619939fe3fee0e9e5e", "price_changes": [{"asset_id": "56685619967578726571385852838438545201981689299488058810797637488735546768106", "price": "0.03", "size": "1409.02", "side": "BUY", "hash": "93334db6e177aa23fb6ad570d852f90b692913c7", "best_bid": "0.4", "best_ask": "0.49"}, {"asset_id": "108442430286615765527014752360734543488337168821843553883980136466628838344959", "price": "0.97", "size": "1409.02", "side": "SELL", "hash": "9a1c38be036517b1ad8bf822d2a4002cbcdf2e06", "best_bid": "0.51", "best_ask": "0.6"}], "timestamp": "1769384080852", "event_type": "price_change"}}
{"_local_timestamp": "2026-01-25T23:34:40.939685+00:00", "data": {"market": "0xab63c6a3cf43c3ab99f68e4a72f6c3c0a7d06bad3fdd5b619939fe3fee0e9e5e", "price_changes": [{"asset_id": "56685619967578726571385852838438545201981689299488058810797637488735546768106", "price": "0.14", "size": "0", "side": "BUY", "hash": "93334db6e177aa23fb6ad570d852f90b692913c7", "best_bid": "0.4", "best_ask": "0.49"}, {"asset_id": "108442430286615765527014752360734543488337168821843553883980136466628838344959", "price": "0.86", "size": "0", "side": "SELL", "hash": "9a1c38be036517b1ad8bf822d2a4002cbcdf2e06", "best_bid": "0.51", "best_ask": "0.6"}], "timestamp": "1769384080852", "event_type": "price_change"}}
{"_local_timestamp": "2026-01-25T23:34:40.940120+00:00", "data": {"market": "0xab63c6a3cf43c3ab99f68e4a72f6c3c0a7d06bad3fdd5b619939fe3fee0e9e5e", "price_changes": [{"asset_id": "108442430286615765527014752360734543488337168821843553883980136466628838344959", "price": "0.03", "size": "1400", "side": "BUY", "hash": "9e07396ac01e534565b4638d39bc3d187c24cf3c", "best_bid": "0.51", "best_ask": "0.6"}, {"asset_id": "56685619967578726571385852838438545201981689299488058810797637488735546768106", "price": "0.97", "size": "1400", "side": "SELL", "hash": "4f1f618959c885999fd4a195b1eab0343606d9a5", "best_bid": "0.4", "best_ask": "0.49"}], "timestamp": "1769384080853", "event_type": "price_change"}}
{"_local_timestamp": "2026-01-25T23:34:40.940529+00:00", "data": {"market": "0xab63c6a3cf43c3ab99f68e4a72f6c3c0a7d06bad3fdd5b619939fe3fee0e9e5e", "price_changes": [{"asset_id": "108442430286615765527014752360734543488337168821843553883980136466628838344959", "price": "0.09", "size": "700", "side": "BUY", "hash": "9e07396ac01e534565b4638d39bc3d187c24cf3c", "best_bid": "0.51", "best_ask": "0.6"}, {"asset_id": "56685619967578726571385852838438545201981689299488058810797637488735546768106", "price": "0.91", "size": "700", "side": "SELL", "hash": "4f1f618959c885999fd4a195b1eab0343606d9a5", "best_bid": "0.4", "best_ask": "0.49"}], "timestamp": "1769384080853", "event_type": "price_change"}}
{"_local_timestamp": "2026-01-25T23:34:40.985543+00:00", "data": {"market": "0xab63c6a3cf43c3ab99f68e4a72f6c3c0a7d06bad3fdd5b619939fe3fee0e9e5e", "price_changes": [{"asset_id": "108442430286615765527014752360734543488337168821843553883980136466628838344959", "price": "0.08", "size": "0", "side": "BUY", "hash": "66168e17632169c4a38466650c5e0ef3a38e9bca", "best_bid": "0.51", "best_ask": "0.6"}, {"asset_id": "56685619967578726571385852838438545201981689299488058810797637488735546768106", "price": "0.92", "size": "0", "side": "SELL", "hash": "ca3e61c60166880b72f11d38316ac74abfc9f38c", "best_bid": "0.4", "best_ask": "0.49"}], "timestamp": "1769384080920", "event_type": "price_change"}}
{"_local_timestamp": "2026-01-25T23:34:40.996723+00:00", "data": {"market": "0x6ec1533bf58c24859221f4f951e1bd6635d4062c159173b1fd1104f64152bfb6", "price_changes": [{"asset_id": "96315953066058902024740936163730408631841769397037516243247976463789679670058", "price": "0.03", "size": "100", "side": "BUY", "hash": "3030969f9d52795d4afbf938e8087e1e4ae8a37c", "best_bid": "0.49", "best_ask": "0.58"}, {"asset_id": "28283266317199105918230110303158762359229840619714595669980694133018968933728", "price": "0.97", "size": "100", "side": "SELL", "hash": "c4a775e030273c39bcdd429480ae3e123aeebbf6", "best_bid": "0.42", "best_ask": "0.51"}], "timestamp": "1769384080920", "event_type": "price_change"}}
{"_local_timestamp": "2026-01-25T23:34:40.997372+00:00", "data": {"market": "0x6ec1533bf58c24859221f4f951e1bd6635d4062c159173b1fd1104f64152bfb6", "price_changes": [{"asset_id": "96315953066058902024740936163730408631841769397037516243247976463789679670058", "price": "0.02", "size": "8457.33", "side": "BUY", "hash": "3030969f9d52795d4afbf938e8087e1e4ae8a37c", "best_bid": "0.49", "best_ask": "0.58"}, {"asset_id": "28283266317199105918230110303158762359229840619714595669980694133018968933728", "price": "0.98", "size": "8457.33", "side": "SELL", "hash": "c4a775e030273c39bcdd429480ae3e123aeebbf6", "best_bid": "0.42", "best_ask": "0.51"}], "timestamp": "1769384080920", "event_type": "price_change"}}
{"_local_timestamp": "2026-01-25T23:34:40.997807+00:00", "data": {"market": "0x6ec1533bf58c24859221f4f951e1bd6635d4062c159173b1fd1104f64152bfb6", "price_changes": [{"asset_id": "96315953066058902024740936163730408631841769397037516243247976463789679670058", "price": "0.01", "size": "12189.47", "side": "BUY", "hash": "3030969f9d52795d4afbf938e8087e1e4ae8a37c", "best_bid": "0.49", "best_ask": "0.58"}, {"asset_id": "28283266317199105918230110303158762359229840619714595669980694133018968933728", "price": "0.99", "size": "12189.47", "side": "SELL", "hash": "c4a775e030273c39bcdd429480ae3e123aeebbf6", "best_bid": "0.42", "best_ask": "0.51"}], "timestamp": "1769384080920", "event_type": "price_change"}}
{"_local_timestamp": "2026-01-25T23:34:41.225734+00:00", "data": {"market": "0xab63c6a3cf43c3ab99f68e4a72f6c3c0a7d06bad3fdd5b619939fe3fee0e9e5e", "price_changes": [{"asset_id": "56685619967578726571385852838438545201981689299488058810797637488735546768106", "price": "0.09", "size": "206.91", "side": "BUY", "hash": "7220a5772932d5eb9482df03e189616e427c76d2", "best_bid": "0.4", "best_ask": "0.49"}, {"asset_id": "108442430286615765527014752360734543488337168821843553883980136466628838344959", "price": "0.91", "size": "206.91", "side": "SELL", "hash": "c9392d25785cdb2036947a72f6e59efda64a71cf", "best_bid": "0.51", "best_ask": "0.6"}], "timestamp": "1769384081142", "event_type": "price_change"}}
{"_local_timestamp": "2026-01-25T23:34:41.230814+00:00", "data": {"market": "0xab63c6a3cf43c3ab99f68e4a72f6c3c0a7d06bad3fdd5b619939fe3fee0e9e5e", "price_changes": [{"asset_id": "56685619967578726571385852838438545201981689299488058810797637488735546768106", "price": "0.07", "size": "3090.11", "side": "BUY", "hash": "583c8eef2796043f121857d3780a20e6c143f320", "best_bid": "0.4", "best_ask": "0.49"}, {"asset_id": "108442430286615765527014752360734543488337168821843553883980136466628838344959", "price": "0.93", "size": "3090.11", "side": "SELL", "hash": "440e1a062a6ead6c5c2e92c8e5868c5d8af48fcb", "best_bid": "0.51", "best_ask": "0.6"}], "timestamp": "1769384081146", "event_type": "price_change"}}
{"_local_timestamp": "2026-01-25T23:34:41.233258+00:00", "data": {"market": "0xab63c6a3cf43c3ab99f68e4a72f6c3c0a7d06bad3fdd5b619939fe3fee0e9e5e", "price_changes": [{"asset_id": "108442430286615765527014752360734543488337168821843553883980136466628838344959", "price": "0.07", "size": "900", "side": "BUY", "hash": "8e27d04b53d219ca8634be4a9a9e581f3007ff3b", "best_bid": "0.51", "best_ask": "0.6"}, {"asset_id": "56685619967578726571385852838438545201981689299488058810797637488735546768106", "price": "0.93", "size": "900", "side": "SELL", "hash": "ee3b65b021249d1494a088bca835b399b2037521", "best_bid": "0.4", "best_ask": "0.49"}], "timestamp": "1769384081147", "event_type": "price_change"}}
{"_local_timestamp": "2026-01-25T23:34:41.233781+00:00", "data": {"market": "0xab63c6a3cf43c3ab99f68e4a72f6c3c0a7d06bad3fdd5b619939fe3fee0e9e5e", "price_changes": [{"asset_id": "108442430286615765527014752360734543488337168821843553883980136466628838344959", "price": "0.08", "size": "100", "side": "BUY", "hash": "ca2d8631baf82d654780880d197a524e8cb51e08", "best_bid": "0.51", "best_ask": "0.6"}, {"asset_id": "56685619967578726571385852838438545201981689299488058810797637488735546768106", "price": "0.92", "size": "100", "side": "SELL", "hash": "b921c45785513f7392051071e505c3aceb6ac19b", "best_bid": "0.4", "best_ask": "0.49"}], "timestamp": "1769384081147", "event_type": "price_change"}}
{"_local_timestamp": "2026-01-25T23:34:41.301602+00:00", "data": {"market": "0xab63c6a3cf43c3ab99f68e4a72f6c3c0a7d06bad3fdd5b619939fe3fee0e9e5e", "price_changes": [{"asset_id": "56685619967578726571385852838438545201981689299488058810797637488735546768106", "price": "0.1", "size": "2190.11", "side": "BUY", "hash": "8e6c306ccf75c3769d956db17eac3ce267794982", "best_bid": "0.4", "best_ask": "0.49"}, {"asset_id": "108442430286615765527014752360734543488337168821843553883980136466628838344959", "price": "0.9", "size": "2190.11", "side": "SELL", "hash": "17dc40efb27f39e1c5ac619838a2fb631dc81c7a", "best_bid": "0.51", "best_ask": "0.6"}], "timestamp": "1769384081230", "event_type": "price_change"}}
{"_local_timestamp": "2026-01-25T23:34:41.302155+00:00", "data": {"market": "0xab63c6a3cf43c3ab99f68e4a72f6c3c0a7d06bad3fdd5b619939fe3fee0e9e5e", "price_changes": [{"asset_id": "56685619967578726571385852838438545201981689299488058810797637488735546768106", "price": "0.09", "size": "2397.02", "side": "BUY", "hash": "dfca380a6a16635af8ba228623df3c421058deef", "best_bid": "0.4", "best_ask": "0.49"}, {"asset_id": "108442430286615765527014752360734543488337168821843553883980136466628838344959", "price": "0.91", "size": "2397.02", "side": "SELL", "hash": "fb733458b93c60ac24425bca375478d26f4e30e4", "best_bid": "0.51", "best_ask": "0.6"}], "timestamp": "1769384081231", "event_type": "price_change"}}
{"_local_timestamp": "2026-01-25T23:34:41.606815+00:00", "data": {"market": "0xab63c6a3cf43c3ab99f68e4a72f6c3c0a7d06bad3fdd5b619939fe3fee0e9e5e", "price_changes": [{"asset_id": "56685619967578726571385852838438545201981689299488058810797637488735546768106", "price": "0.11", "size": "2190.11", "side": "BUY", "hash": "e009a3a1c09c7c198bea8c59c22f3ec65cd069d3", "best_bid": "0.4", "best_ask": "0.49"}, {"asset_id": "108442430286615765527014752360734543488337168821843553883980136466628838344959", "price": "0.89", "size": "2190.11", "side": "SELL", "hash": "1a6489cfd5762b6542f309a952f62e0e4f2f56a7", "best_bid": "0.51", "best_ask": "0.6"}], "timestamp": "1769384081458", "event_type": "price_change"}}
{"_local_timestamp": "2026-01-25T23:34:41.611217+00:00", "data": {"market": "0xab63c6a3cf43c3ab99f68e4a72f6c3c0a7d06bad3fdd5b619939fe3fee0e9e5e", "price_changes": [{"asset_id": "56685619967578726571385852838438545201981689299488058810797637488735546768106", "price": "0.11", "size": "4460.22", "side": "BUY", "hash": "c36759dca70246e8211a8f9815351d641cf800f9", "best_bid": "0.4", "best_ask": "0.49"}, {"asset_id": "108442430286615765527014752360734543488337168821843553883980136466628838344959", "price": "0.89", "size": "4460.22", "side": "SELL", "hash": "0fc07110265a7808bdaee280b82b3d581726dcf5", "best_bid": "0.51", "best_ask": "0.6"}], "timestamp": "1769384081459", "event_type": "price_change"}}
{"_local_timestamp": "2026-01-25T23:34:41.611697+00:00", "data": {"market": "0xab63c6a3cf43c3ab99f68e4a72f6c3c0a7d06bad3fdd5b619939fe3fee0e9e5e", "price_changes": [{"asset_id": "56685619967578726571385852838438545201981689299488058810797637488735546768106", "price": "0.11", "size": "8457.33", "side": "BUY", "hash": "1dd9fa011cc41b46302f9547c06e0bfebded89c1", "best_bid": "0.4", "best_ask": "0.49"}, {"asset_id": "108442430286615765527014752360734543488337168821843553883980136466628838344959", "price": "0.89", "size": "8457.33", "side": "SELL", "hash": "fcaaa2a6170e49883e0dac78cf2b0000f2d8cffb", "best_bid": "0.51", "best_ask": "0.6"}], "timestamp": "1769384081459", "event_type": "price_change"}}
{"_local_timestamp": "2026-01-25T23:34:42.912579+00:00", "data": {"market": "0xab63c6a3cf43c3ab99f68e4a72f6c3c0a7d06bad3fdd5b619939fe3fee0e9e5e", "price_changes": [{"asset_id": "56685619967578726571385852838438545201981689299488058810797637488735546768106", "price": "0.09", "size": "2297.02", "side": "BUY", "hash": "0201b57e6823e0c67f0ef547da7c38838749ae94", "best_bid": "0.4", "best_ask": "0.49"}, {"asset_id": "108442430286615765527014752360734543488337168821843553883980136466628838344959", "price": "0.91", "size": "2297.02", "side": "SELL", "hash": "7cb9040d5a52edfa7eafdf0ba8353399d7267ec8", "best_bid": "0.51", "best_ask": "0.6"}], "timestamp": "1769384082842", "event_type": "price_change"}}
{"_local_timestamp": "2026-01-25T23:34:43.174652+00:00", "data": {"market": "0xab63c6a3cf43c3ab99f68e4a72f6c3c0a7d06bad3fdd5b619939fe3fee0e9e5e", "price_changes": [{"asset_id": "56685619967578726571385852838438545201981689299488058810797637488735546768106", "price": "0.08", "size": "10747.44", "side": "BUY", "hash": "0452d304e781da38d9205b04e522143b0d6f66e8", "best_bid": "0.4", "best_ask": "0.49"}, {"asset_id": "108442430286615765527014752360734543488337168821843553883980136466628838344959", "price": "0.92", "size": "10747.44", "side": "SELL", "hash": "6b6aa78df8ff0c2eacc707d421a7267e092d63b9", "best_bid": "0.51", "best_ask": "0.6"}], "timestamp": "1769384083073", "event_type": "price_change"}}
{"_local_timestamp": "2026-01-25T23:34:50.262364+00:00", "data": {"market": "0xab63c6a3cf43c3ab99f68e4a72f6c3c0a7d06bad3fdd5b619939fe3fee0e9e5e", "price_changes": [{"asset_id": "108442430286615765527014752360734543488337168821843553883980136466628838344959", "price": "0.09", "size": "600", "side": "BUY", "hash": "d15bfde638ce853260821d07fee96b18e82225d4", "best_bid": "0.51", "best_ask": "0.6"}, {"asset_id": "56685619967578726571385852838438545201981689299488058810797637488735546768106", "price": "0.91", "size": "600", "side": "SELL", "hash": "6a0d9cd203cc3ec55d41787a841dbb8b14b2567f", "best_bid": "0.4", "best_ask": "0.49"}], "timestamp": "1769384090192", "event_type": "price_change"}}
{"_local_timestamp": "2026-01-25T23:34:50.359968+00:00", "data": {"market": "0xab63c6a3cf43c3ab99f68e4a72f6c3c0a7d06bad3fdd5b619939fe3fee0e9e5e", "price_changes": [{"asset_id": "56685619967578726571385852838438545201981689299488058810797637488735546768106", "price": "0.1", "size": "0", "side": "BUY", "hash": "10113f53e2962cd434604821499900f64479b18f", "best_bid": "0.4", "best_ask": "0.49"}, {"asset_id": "108442430286615765527014752360734543488337168821843553883980136466628838344959", "price": "0.9", "size": "0", "side": "SELL", "hash": "92b8439de1b08ca531718a6b39f8a6d31557fc2b", "best_bid": "0.51", "best_ask": "0.6"}], "timestamp": "1769384090237", "event_type": "price_change"}}
{"_local_timestamp": "2026-01-25T23:34:50.399987+00:00", "data": {"market": "0xab63c6a3cf43c3ab99f68e4a72f6c3c0a7d06bad3fdd5b619939fe3fee0e9e5e", "price_changes": [{"asset_id": "56685619967578726571385852838438545201981689299488058810797637488735546768106", "price": "0.09", "size": "106.91", "side": "BUY", "hash": "10113f53e2962cd434604821499900f64479b18f", "best_bid": "0.4", "best_ask": "0.49"}, {"asset_id": "108442430286615765527014752360734543488337168821843553883980136466628838344959", "price": "0.91", "size": "106.91", "side": "SELL", "hash": "92b8439de1b08ca531718a6b39f8a6d31557fc2b", "best_bid": "0.51", "best_ask": "0.6"}], "timestamp": "1769384090237", "event_type": "price_change"}}
{"_local_timestamp": "2026-01-25T23:34:50.439542+00:00", "data": {"market": "0xab63c6a3cf43c3ab99f68e4a72f6c3c0a7d06bad3fdd5b619939fe3fee0e9e5e", "price_changes": [{"asset_id": "56685619967578726571385852838438545201981689299488058810797637488735546768106", "price": "0.11", "size": "6187.22", "side": "BUY", "hash": "10113f53e2962cd434604821499900f64479b18f", "best_bid": "0.4", "best_ask": "0.49"}, {"asset_id": "108442430286615765527014752360734543488337168821843553883980136466628838344959", "price": "0.89", "size": "6187.22", "side": "SELL", "hash": "92b8439de1b08ca531718a6b39f8a6d31557fc2b", "best_bid": "0.51", "best_ask": "0.6"}], "timestamp": "1769384090237", "event_type": "price_change"}}
{"_local_timestamp": "2026-01-25T23:34:50.448468+00:00", "data": {"market": "0xab63c6a3cf43c3ab99f68e4a72f6c3c0a7d06bad3fdd5b619939fe3fee0e9e5e", "price_changes": [{"asset_id": "56685619967578726571385852838438545201981689299488058810797637488735546768106", "price": "0.11", "size": "0", "side": "BUY", "hash": "50b8255a6079fb943f34f4cb2cc78693dd37ebfb", "best_bid": "0.4", "best_ask": "0.49"}, {"asset_id": "108442430286615765527014752360734543488337168821843553883980136466628838344959", "price": "0.89", "size": "0", "side": "SELL", "hash": "652ffc618fac135433013d5c3f86140ddc1d4062", "best_bid": "0.51", "best_ask": "0.6"}], "timestamp": "1769384090332", "event_type": "price_change"}}
{"_local_timestamp": "2026-01-25T23:34:50.458318+00:00", "data": {"market": "0xab63c6a3cf43c3ab99f68e4a72f6c3c0a7d06bad3fdd5b619939fe3fee0e9e5e", "price_changes": [{"asset_id": "56685619967578726571385852838438545201981689299488058810797637488735546768106", "price": "0.12", "size": "10999.11", "side": "BUY", "hash": "7451fc5503a3f0179d247f396dfdaf06585d5d98", "best_bid": "0.4", "best_ask": "0.49"}, {"asset_id": "108442430286615765527014752360734543488337168821843553883980136466628838344959", "price": "0.88", "size": "10999.11", "side": "SELL", "hash": "b627642c44bf0a60de800c7f25be747ec839c46b", "best_bid": "0.51", "best_ask": "0.6"}], "timestamp": "1769384090339", "event_type": "price_change"}}
{"_local_timestamp": "2026-01-25T23:34:50.460523+00:00", "data": {"market": "0xab63c6a3cf43c3ab99f68e4a72f6c3c0a7d06bad3fdd5b619939fe3fee0e9e5e", "price_changes": [{"asset_id": "56685619967578726571385852838438545201981689299488058810797637488735546768106", "price": "0.12", "size": "14996.22", "side": "BUY", "hash": "1d7c458b7b31ca7ce9f0cccc26850a3cd31649b6", "best_bid": "0.4", "best_ask": "0.49"}, {"asset_id": "108442430286615765527014752360734543488337168821843553883980136466628838344959", "price": "0.88", "size": "14996.22", "side": "SELL", "hash": "29e38cce60193d31d909e6f9a8f0de5c0365c4ac", "best_bid": "0.51", "best_ask": "0.6"}], "timestamp": "1769384090340", "event_type": "price_change"}}
{"_local_timestamp": "2026-01-25T23:34:50.480619+00:00", "data": {"market": "0xab63c6a3cf43c3ab99f68e4a72f6c3c0a7d06bad3fdd5b619939fe3fee0e9e5e", "price_changes": [{"asset_id": "56685619967578726571385852838438545201981689299488058810797637488735546768106", "price": "0.12", "size": "17186.33", "side": "BUY", "hash": "1e30465e6eadc409dc8a0618f203e769451e6b2c", "best_bid": "0.4", "best_ask": "0.49"}, {"asset_id": "108442430286615765527014752360734543488337168821843553883980136466628838344959", "price": "0.88", "size": "17186.33", "side": "SELL", "hash": "aa69b80f88b30660f1b1ea8f3abfbedcdf71b1b7", "best_bid": "0.51", "best_ask": "0.6"}], "timestamp": "1769384090401", "event_type": "price_change"}}
{"_local_timestamp": "2026-01-25T23:34:50.481906+00:00", "data": {"market": "0xab63c6a3cf43c3ab99f68e4a72f6c3c0a7d06bad3fdd5b619939fe3fee0e9e5e", "price_changes": [{"asset_id": "56685619967578726571385852838438545201981689299488058810797637488735546768106", "price": "0.12", "size": "19376.44", "side": "BUY", "hash": "46de8d2a42074209ae7f0527fab54fbd4e18ca2e", "best_bid": "0.4", "best_ask": "0.49"}, {"asset_id": "108442430286615765527014752360734543488337168821843553883980136466628838344959", "price": "0.88", "size": "19376.44", "side": "SELL", "hash": "e726665cd77680d27c470a0c0973c98d83584459", "best_bid": "0.51", "best_ask": "0.6"}], "timestamp": "1769384090402", "event_type": "price_change"}}
{"_local_timestamp": "2026-01-25T23:34:50.482568+00:00", "data": {"market": "0xab63c6a3cf43c3ab99f68e4a72f6c3c0a7d06bad3fdd5b619939fe3fee0e9e5e", "price_changes": [{"asset_id": "56685619967578726571385852838438545201981689299488058810797637488735546768106", "price": "0.11", "size": "2190.11", "side": "BUY", "hash": "0488db924a34d227be02e9b1613b2a4e51d4ba37", "best_bid": "0.4", "best_ask": "0.49"}, {"asset_id": "108442430286615765527014752360734543488337168821843553883980136466628838344959", "price": "0.89", "size": "2190.11", "side": "SELL", "hash": "a9d97089200aeeea6459453d2f8f69f8874c672d", "best_bid": "0.51", "best_ask": "0.6"}], "timestamp": "1769384090403", "event_type": "price_change"}}
{"_local_timestamp": "2026-01-25T23:34:50.486257+00:00", "data": {"market": "0xab63c6a3cf43c3ab99f68e4a72f6c3c0a7d06bad3fdd5b619939fe3fee0e9e5e", "price_changes": [{"asset_id": "56685619967578726571385852838438545201981689299488058810797637488735546768106", "price": "0.12", "size": "21646.55", "side": "BUY", "hash": "d00f3a163b4a5e4eae737c546c0010d89357913d", "best_bid": "0.4", "best_ask": "0.49"}, {"asset_id": "108442430286615765527014752360734543488337168821843553883980136466628838344959", "price": "0.88", "size": "21646.55", "side": "SELL", "hash": "83ef14bbed6c5add11295803dbd31a915866c23a", "best_bid": "0.51", "best_ask": "0.6"}], "timestamp": "1769384090403", "event_type": "price_change"}}
{"_local_timestamp": "2026-01-25T23:34:50.565417+00:00", "data": {"market": "0xab63c6a3cf43c3ab99f68e4a72f6c3c0a7d06bad3fdd5b619939fe3fee0e9e5e", "price_changes": [{"asset_id": "56685619967578726571385852838438545201981689299488058810797637488735546768106", "price": "0.08", "size": "10847.44", "side": "BUY", "hash": "7696b016637dea1dbf02851405c4dedb1fccffbd", "best_bid": "0.4", "best_ask": "0.49"}, {"asset_id": "108442430286615765527014752360734543488337168821843553883980136466628838344959", "price": "0.92", "size": "10847.44", "side": "SELL", "hash": "f1beb4a25c2804dc9d4d8e7d47c28afaad425761", "best_bid": "0.51", "best_ask": "0.6"}], "timestamp": "1769384090481", "event_type": "price_change"}}
{"_local_timestamp": "2026-01-25T23:34:50.567655+00:00", "data": {"market": "0xab63c6a3cf43c3ab99f68e4a72f6c3c0a7d06bad3fdd5b619939fe3fee0e9e5e", "price_changes": [{"asset_id": "108442430286615765527014752360734543488337168821843553883980136466628838344959", "price": "0.1", "size": "8663.75", "side": "BUY", "hash": "a3bb880154cab94e00d65b940002a8ea2a3780f8", "best_bid": "0.51", "best_ask": "0.6"}, {"asset_id": "56685619967578726571385852838438545201981689299488058810797637488735546768106", "price": "0.9", "size": "8663.75", "side": "SELL", "hash": "8325df82d9afb9ccbe15ad2d5d6dcc2ab3e06390", "best_bid": "0.4", "best_ask": "0.49"}], "timestamp": "1769384090481", "event_type": "price_change"}}
{"_local_timestamp": "2026-01-25T23:34:50.731680+00:00", "data": {"market": "0xab63c6a3cf43c3ab99f68e4a72f6c3c0a7d06bad3fdd5b619939fe3fee0e9e5e", "price_changes": [{"asset_id": "56685619967578726571385852838438545201981689299488058810797637488735546768106", "price": "0.03", "size": "809.02", "side": "BUY", "hash": "7bdae3a3162cc2fec52f25bd56dae0353da18408", "best_bid": "0.4", "best_ask": "0.49"}, {"asset_id": "108442430286615765527014752360734543488337168821843553883980136466628838344959", "price": "0.97", "size": "809.02", "side": "SELL", "hash": "d5052583ba4cbb2972e890454faacdb7a88e0944", "best_bid": "0.51", "best_ask": "0.6"}], "timestamp": "1769384090657", "event_type": "price_change"}}
{"_local_timestamp": "2026-01-25T23:34:50.732261+00:00", "data": {"market": "0xab63c6a3cf43c3ab99f68e4a72f6c3c0a7d06bad3fdd5b619939fe3fee0e9e5e", "price_changes": [{"asset_id": "108442430286615765527014752360734543488337168821843553883980136466628838344959", "price": "0.03", "size": "800", "side": "BUY", "hash": "624c4a7a914f571f3f8361aacec33cb4f4e5b10f", "best_bid": "0.51", "best_ask": "0.6"}, {"asset_id": "56685619967578726571385852838438545201981689299488058810797637488735546768106", "price": "0.97", "size": "800", "side": "SELL", "hash": "c14d4c1fd797eb40053124aacc67a439625e1aac", "best_bid": "0.4", "best_ask": "0.49"}], "timestamp": "1769384090657", "event_type": "price_change"}}
{"_local_timestamp": "2026-01-25T23:34:50.732749+00:00", "data": {"market": "0xab63c6a3cf43c3ab99f68e4a72f6c3c0a7d06bad3fdd5b619939fe3fee0e9e5e", "price_changes": [{"asset_id": "108442430286615765527014752360734543488337168821843553883980136466628838344959", "price": "0.09", "size": "200", "side": "BUY", "hash": "624c4a7a914f571f3f8361aacec33cb4f4e5b10f", "best_bid": "0.51", "best_ask": "0.6"}, {"asset_id": "56685619967578726571385852838438545201981689299488058810797637488735546768106", "price": "0.91", "size": "200", "side": "SELL", "hash": "c14d4c1fd797eb40053124aacc67a439625e1aac", "best_bid": "0.4", "best_ask": "0.49"}], "timestamp": "1769384090657", "event_type": "price_change"}}
{"_local_timestamp": "2026-01-25T23:34:51.012694+00:00", "data": {"market": "0xab63c6a3cf43c3ab99f68e4a72f6c3c0a7d06bad3fdd5b619939fe3fee0e9e5e", "price_changes": [{"asset_id": "108442430286615765527014752360734543488337168821843553883980136466628838344959", "price": "0.1", "size": "9063.75", "side": "BUY", "hash": "71432a9a19407d22fbbdce2bb688b11dfc66470c", "best_bid": "0.51", "best_ask": "0.6"}, {"asset_id": "56685619967578726571385852838438545201981689299488058810797637488735546768106", "price": "0.9", "size": "9063.75", "side": "SELL", "hash": "0083e3cd1a74f96950dd9c56309a7bfa42c5e175", "best_bid": "0.4", "best_ask": "0.49"}], "timestamp": "1769384090939", "event_type": "price_change"}}
{"_local_timestamp": "2026-01-25T23:34:51.019119+00:00", "data": {"market": "0xab63c6a3cf43c3ab99f68e4a72f6c3c0a7d06bad3fdd5b619939fe3fee0e9e5e", "price_changes": [{"asset_id": "56685619967578726571385852838438545201981689299488058810797637488735546768106", "price": "0.07", "size": "3690.11", "side": "BUY", "hash": "3f060fccc2f272c796326f33dca90fddff897d9b", "best_bid": "0.4", "best_ask": "0.49"}, {"asset_id": "108442430286615765527014752360734543488337168821843553883980136466628838344959", "price": "0.93", "size": "3690.11", "side": "SELL", "hash": "ac18dd928e4ec80e5977e99802c724b0192cd035", "best_bid": "0.51", "best_ask": "0.6"}], "timestamp": "1769384090940", "event_type": "price_change"}}
{"_local_timestamp": "2026-01-25T23:34:51.022460+00:00", "data": {"market": "0xab63c6a3cf43c3ab99f68e4a72f6c3c0a7d06bad3fdd5b619939fe3fee0e9e5e", "price_changes": [{"asset_id": "56685619967578726571385852838438545201981689299488058810797637488735546768106", "price": "0.08", "size": "11247.44", "side": "BUY", "hash": "e38f0feb7cbf325e315c26e7b4ce34dee03e41e0", "best_bid": "0.4", "best_ask": "0.49"}, {"asset_id": "108442430286615765527014752360734543488337168821843553883980136466628838344959", "price": "0.92", "size": "11247.44", "side": "SELL", "hash": "f13df78358e5dbfac5e1bf85ff0f99272ea1858b", "best_bid": "0.51", "best_ask": "0.6"}], "timestamp": "1769384090942", "event_type": "price_change"}}
{"_local_timestamp": "2026-01-25T23:34:51.027210+00:00", "data": {"market": "0xab63c6a3cf43c3ab99f68e4a72f6c3c0a7d06bad3fdd5b619939fe3fee0e9e5e", "price_changes": [{"asset_id": "108442430286615765527014752360734543488337168821843553883980136466628838344959", "price": "0.07", "size": "1500", "side": "BUY", "hash": "6d567a82e3960a167ca209386cff66fd49ab3df8", "best_bid": "0.51", "best_ask": "0.6"}, {"asset_id": "56685619967578726571385852838438545201981689299488058810797637488735546768106", "price": "0.93", "size": "1500", "side": "SELL", "hash": "64532ffbbae65cde674c155d4a4dfee4b84ab588", "best_bid": "0.4", "best_ask": "0.49"}], "timestamp": "1769384090943", "event_type": "price_change"}}
{"_local_timestamp": "2026-01-25T23:34:54.697502+00:00", "data": {"market": "0xab63c6a3cf43c3ab99f68e4a72f6c3c0a7d06bad3fdd5b619939fe3fee0e9e5e", "price_changes": [{"asset_id": "56685619967578726571385852838438545201981689299488058810797637488735546768106", "price": "0.08", "size": "11147.44", "side": "BUY", "hash": "c7f8ec35c87a9b3a18fc7d6a99ec98a0b4b689bd", "best_bid": "0.4", "best_ask": "0.49"}, {"asset_id": "108442430286615765527014752360734543488337168821843553883980136466628838344959", "price": "0.92", "size": "11147.44", "side": "SELL", "hash": "3b3c1a1558effde85b4ea8da912770f5f1f26c10", "best_bid": "0.51", "best_ask": "0.6"}], "timestamp": "1769384094628", "event_type": "price_change"}}
{"_local_timestamp": "2026-01-25T23:34:54.742483+00:00", "data": {"market": "0xab63c6a3cf43c3ab99f68e4a72f6c3c0a7d06bad3fdd5b619939fe3fee0e9e5e", "price_changes": [{"asset_id": "56685619967578726571385852838438545201981689299488058810797637488735546768106", "price": "0.12", "size": "0", "side": "BUY", "hash": "11cebc18101cd43d05a1d38844c58b2007e5ce80", "best_bid": "0.4", "best_ask": "0.49"}, {"asset_id": "108442430286615765527014752360734543488337168821843553883980136466628838344959", "price": "0.88", "size": "0", "side": "SELL", "hash": "a6f8ae1877d780b554b6a4f4825e2661f2a8c616", "best_bid": "0.51", "best_ask": "0.6"}], "timestamp": "1769384094671", "event_type": "price_change"}}
{"_local_timestamp": "2026-01-25T23:34:54.743078+00:00", "data": {"market": "0xab63c6a3cf43c3ab99f68e4a72f6c3c0a7d06bad3fdd5b619939fe3fee0e9e5e", "price_changes": [{"asset_id": "56685619967578726571385852838438545201981689299488058810797637488735546768106", "price": "0.07", "size": "1500", "side": "BUY", "hash": "11cebc18101cd43d05a1d38844c58b2007e5ce80", "best_bid": "0.4", "best_ask": "0.49"}, {"asset_id": "108442430286615765527014752360734543488337168821843553883980136466628838344959", "price": "0.93", "size": "1500", "side": "SELL", "hash": "a6f8ae1877d780b554b6a4f4825e2661f2a8c616", "best_bid": "0.51", "best_ask": "0.6"}], "timestamp": "1769384094671", "event_type": "price_change"}}
{"_local_timestamp": "2026-01-25T23:34:54.743639+00:00", "data": {"market": "0xab63c6a3cf43c3ab99f68e4a72f6c3c0a7d06bad3fdd5b619939fe3fee0e9e5e", "price_changes": [{"asset_id": "56685619967578726571385852838438545201981689299488058810797637488735546768106", "price": "0.11", "size": "0", "side": "BUY", "hash": "11cebc18101cd43d05a1d38844c58b2007e5ce80", "best_bid": "0.4", "best_ask": "0.49"}, {"asset_id": "108442430286615765527014752360734543488337168821843553883980136466628838344959", "price": "0.89", "size": "0", "side": "SELL", "hash": "a6f8ae1877d780b554b6a4f4825e2661f2a8c616", "best_bid": "0.51", "best_ask": "0.6"}], "timestamp": "1769384094671", "event_type": "price_change"}}
{"_local_timestamp": "2026-01-25T23:34:54.744127+00:00", "data": {"market": "0xab63c6a3cf43c3ab99f68e4a72f6c3c0a7d06bad3fdd5b619939fe3fee0e9e5e", "price_changes": [{"asset_id": "108442430286615765527014752360734543488337168821843553883980136466628838344959", "price": "0.1", "size": "606.42", "side": "BUY", "hash": "5dc0dae6224d25b7ed66f77eca5185f1b3d7946c", "best_bid": "0.51", "best_ask": "0.6"}, {"asset_id": "56685619967578726571385852838438545201981689299488058810797637488735546768106", "price": "0.9", "size": "606.42", "side": "SELL", "hash": "81ebf1e3f87106fa98a3a9b7e34ec8beed4dc8c6", "best_bid": "0.4", "best_ask": "0.49"}], "timestamp": "1769384094671", "event_type": "price_change"}}
{"_local_timestamp": "2026-01-25T23:34:54.873221+00:00", "data": {"market": "0xab63c6a3cf43c3ab99f68e4a72f6c3c0a7d06bad3fdd5b619939fe3fee0e9e5e", "price_changes": [{"asset_id": "108442430286615765527014752360734543488337168821843553883980136466628838344959", "price": "0.11", "size": "3997.11", "side": "BUY", "hash": "6b41e1fdfcfe4023326ebd86857a67e233255e07", "best_bid": "0.51", "best_ask": "0.6"}, {"asset_id": "56685619967578726571385852838438545201981689299488058810797637488735546768106", "price": "0.89", "size": "3997.11", "side": "SELL", "hash": "75577dce02d099586ba67a3ddae54f91e9376a6a", "best_bid": "0.4", "best_ask": "0.49"}], "timestamp": "1769384094803", "event_type": "price_change"}}
{"_local_timestamp": "2026-01-25T23:34:54.873847+00:00", "data": {"market": "0xab63c6a3cf43c3ab99f68e4a72f6c3c0a7d06bad3fdd5b619939fe3fee0e9e5e", "price_changes": [{"asset_id": "108442430286615765527014752360734543488337168821843553883980136466628838344959", "price": "0.11", "size": "6267.22", "side": "BUY", "hash": "b0da61a0341a0c327a533de9bd6cebe98470bba2", "best_bid": "0.51", "best_ask": "0.6"}, {"asset_id": "56685619967578726571385852838438545201981689299488058810797637488735546768106", "price": "0.89", "size": "6267.22", "side": "SELL", "hash": "f404482027ccd029a6b492939a440d6e77fb15ec", "best_bid": "0.4", "best_ask": "0.49"}], "timestamp": "1769384094803", "event_type": "price_change"}}
{"_local_timestamp": "2026-01-25T23:34:54.874344+00:00", "data": {"market": "0xab63c6a3cf43c3ab99f68e4a72f6c3c0a7d06bad3fdd5b619939fe3fee0e9e5e", "price_changes": [{"asset_id": "56685619967578726571385852838438545201981689299488058810797637488735546768106", "price": "0.09", "size": "2297.02", "side": "BUY", "hash": "a4e3e02396cd4aabf7a4981429d4bd62404c96fb", "best_bid": "0.4", "best_ask": "0.49"}, {"asset_id": "108442430286615765527014752360734543488337168821843553883980136466628838344959", "price": "0.91", "size": "2297.02", "side": "SELL", "hash": "2718f71bafd4ec6ecf51d2d81e713d1b722730b9", "best_bid": "0.51", "best_ask": "0.6"}], "timestamp": "1769384094804", "event_type": "price_change"}}
{"_local_timestamp": "2026-01-25T23:34:54.874858+00:00", "data": {"market": "0xab63c6a3cf43c3ab99f68e4a72f6c3c0a7d06bad3fdd5b619939fe3fee0e9e5e", "price_changes": [{"asset_id": "108442430286615765527014752360734543488337168821843553883980136466628838344959", "price": "0.11", "size": "17266.33", "side": "BUY", "hash": "9ae953bea8d4f1bd777f6dc04ea49ffef144c974", "best_bid": "0.51", "best_ask": "0.6"}, {"asset_id": "56685619967578726571385852838438545201981689299488058810797637488735546768106", "price": "0.89", "size": "17266.33", "side": "SELL", "hash": "950758ae7811489877054a640fe4ca846c4605ad", "best_bid": "0.4", "best_ask": "0.49"}], "timestamp": "1769384094805", "event_type": "price_change"}}
{"_local_timestamp": "2026-01-25T23:34:54.875335+00:00", "data": {"market": "0xab63c6a3cf43c3ab99f68e4a72f6c3c0a7d06bad3fdd5b619939fe3fee0e9e5e", "price_changes": [{"asset_id": "108442430286615765527014752360734543488337168821843553883980136466628838344959", "price": "0.11", "size": "19456.44", "side": "BUY", "hash": "c2c2790637836e7801b1f248a829408611c3d66f", "best_bid": "0.51", "best_ask": "0.6"}, {"asset_id": "56685619967578726571385852838438545201981689299488058810797637488735546768106", "price": "0.89", "size": "19456.44", "side": "SELL", "hash": "e22851a516213d526596ef0abb6dc1de754383b4", "best_bid": "0.4", "best_ask": "0.49"}], "timestamp": "1769384094805", "event_type": "price_change"}}
{"_local_timestamp": "2026-01-25T23:34:54.916797+00:00", "data": {"market": "0xab63c6a3cf43c3ab99f68e4a72f6c3c0a7d06bad3fdd5b619939fe3fee0e9e5e", "price_changes": [{"asset_id": "56685619967578726571385852838438545201981689299488058810797637488735546768106", "price": "0.11", "size": "100", "side": "BUY", "hash": "bef7c785536b6e314dece282ebb77fe38c697176", "best_bid": "0.4", "best_ask": "0.49"}, {"asset_id": "108442430286615765527014752360734543488337168821843553883980136466628838344959", "price": "0.89", "size": "100", "side": "SELL", "hash": "8f8240059386055c7065396f7b67ed3e500887f8", "best_bid": "0.51", "best_ask": "0.6"}], "timestamp": "1769384094849", "event_type": "price_change"}}
{"_local_timestamp": "2026-01-25T23:34:56.553895+00:00", "data": {"market": "0xab63c6a3cf43c3ab99f68e4a72f6c3c0a7d06bad3fdd5b619939fe3fee0e9e5e", "price_changes": [{"asset_id": "56685619967578726571385852838438545201981689299488058810797637488735546768106", "price": "0.03", "size": "409.02", "side": "BUY", "hash": "aed6cb612e36a7e66e6b7a8a9f157985baac2aa5", "best_bid": "0.4", "best_ask": "0.49"}, {"asset_id": "108442430286615765527014752360734543488337168821843553883980136466628838344959", "price": "0.97", "size": "409.02", "side": "SELL", "hash": "e0f845b902658620ed4940749e015e1030611642", "best_bid": "0.51", "best_ask": "0.6"}], "timestamp": "1769384096483", "event_type": "price_change"}}
{"_local_timestamp": "2026-01-25T23:34:56.662802+00:00", "data": {"market": "0xab63c6a3cf43c3ab99f68e4a72f6c3c0a7d06bad3fdd5b619939fe3fee0e9e5e", "price_changes": [{"asset_id": "108442430286615765527014752360734543488337168821843553883980136466628838344959", "price": "0.03", "size": "400", "side": "BUY", "hash": "cbe9a868d0676881c77d29f6f59e772c0afd7fc4", "best_bid": "0.51", "best_ask": "0.6"}, {"asset_id": "56685619967578726571385852838438545201981689299488058810797637488735546768106", "price": "0.97", "size": "400", "side": "SELL", "hash": "c211a45e1012ee7075d324ab51d78cacc1ed9814", "best_bid": "0.4", "best_ask": "0.49"}], "timestamp": "1769384096591", "event_type": "price_change"}}
{"_local_timestamp": "2026-01-25T23:34:56.663431+00:00", "data": {"market": "0xab63c6a3cf43c3ab99f68e4a72f6c3c0a7d06bad3fdd5b619939fe3fee0e9e5e", "price_changes": [{"asset_id": "108442430286615765527014752360734543488337168821843553883980136466628838344959", "price": "0.09", "size": "100", "side": "BUY", "hash": "cbe9a868d0676881c77d29f6f59e772c0afd7fc4", "best_bid": "0.51", "best_ask": "0.6"}, {"asset_id": "56685619967578726571385852838438545201981689299488058810797637488735546768106", "price": "0.91", "size": "100", "side": "SELL", "hash": "c211a45e1012ee7075d324ab51d78cacc1ed9814", "best_bid": "0.4", "best_ask": "0.49"}], "timestamp": "1769384096591", "event_type": "price_change"}}
{"_local_timestamp": "2026-01-25T23:34:56.937640+00:00", "data": {"market": "0xab63c6a3cf43c3ab99f68e4a72f6c3c0a7d06bad3fdd5b619939fe3fee0e9e5e", "price_changes": [{"asset_id": "108442430286615765527014752360734543488337168821843553883980136466628838344959", "price": "0.1", "size": "706.42", "side": "BUY", "hash": "de7ce5c7cfd7222785f622e6fe82f6d30b7681a2", "best_bid": "0.51", "best_ask": "0.6"}, {"asset_id": "56685619967578726571385852838438545201981689299488058810797637488735546768106", "price": "0.9", "size": "706.42", "side": "SELL", "hash": "2e473ad22263e5a03061981c7b3cf0b278098d9f", "best_bid": "0.4", "best_ask": "0.49"}], "timestamp": "1769384096863", "event_type": "price_change"}}
{"_local_timestamp": "2026-01-25T23:34:56.938253+00:00", "data": {"market": "0xab63c6a3cf43c3ab99f68e4a72f6c3c0a7d06bad3fdd5b619939fe3fee0e9e5e", "price_changes": [{"asset_id": "56685619967578726571385852838438545201981689299488058810797637488735546768106", "price": "0.08", "size": "11247.44", "side": "BUY", "hash": "26dac095b6cdd3351afc87ff833c8c70720cdc3c", "best_bid": "0.4", "best_ask": "0.49"}, {"asset_id": "108442430286615765527014752360734543488337168821843553883980136466628838344959", "price": "0.92", "size": "11247.44", "side": "SELL", "hash": "d63abe7c2d6e89be429595754764f593a7484da2", "best_bid": "0.51", "best_ask": "0.6"}], "timestamp": "1769384096863", "event_type": "price_change"}}
{"_local_timestamp": "2026-01-25T23:34:56.938776+00:00", "data": {"market": "0xab63c6a3cf43c3ab99f68e4a72f6c3c0a7d06bad3fdd5b619939fe3fee0e9e5e", "price_changes": [{"asset_id": "56685619967578726571385852838438545201981689299488058810797637488735546768106", "price": "0.02", "size": "13099.11", "side": "BUY", "hash": "b450e977fc897080f83d6860cf6835107dd5cf80", "best_bid": "0.4", "best_ask": "0.49"}, {"asset_id": "108442430286615765527014752360734543488337168821843553883980136466628838344959", "price": "0.98", "size": "13099.11", "side": "SELL", "hash": "a82b9e725cb54e843fa2c416ede93095d2ddfc27", "best_bid": "0.51", "best_ask": "0.6"}], "timestamp": "1769384096864", "event_type": "price_change"}}
{"_local_timestamp": "2026-01-25T23:34:56.939647+00:00", "data": {"market": "0xab63c6a3cf43c3ab99f68e4a72f6c3c0a7d06bad3fdd5b619939fe3fee0e9e5e", "price_changes": [{"asset_id": "108442430286615765527014752360734543488337168821843553883980136466628838344959", "price": "0.02", "size": "13099.11", "side": "BUY", "hash": "42d907e85c43836fc9301e536905027016db708c", "best_bid": "0.51", "best_ask": "0.6"}, {"asset_id": "56685619967578726571385852838438545201981689299488058810797637488735546768106", "price": "0.98", "size": "13099.11", "side": "SELL", "hash": "5332a53ab6b7bd84888d7063491f806a37542919", "best_bid": "0.4", "best_ask": "0.49"}], "timestamp": "1769384096865", "event_type": "price_change"}}
{"_local_timestamp": "2026-01-25T23:34:58.457861+00:00", "data": {"market": "0xab63c6a3cf43c3ab99f68e4a72f6c3c0a7d06bad3fdd5b619939fe3fee0e9e5e", "price_changes": [{"asset_id": "108442430286615765527014752360734543488337168821843553883980136466628838344959", "price": "0.07", "size": "1400", "side": "BUY", "hash": "db44d8b5de9a5a7c6715edb050e3d497d75b003a", "best_bid": "0.51", "best_ask": "0.6"}, {"asset_id": "56685619967578726571385852838438545201981689299488058810797637488735546768106", "price": "0.93", "size": "1400", "side": "SELL", "hash": "100c222b20a3c00eb69acba2b3a64d8946cf0dcb", "best_bid": "0.4", "best_ask": "0.49"}], "timestamp": "1769384098379", "event_type": "price_change"}}
{"_local_timestamp": "2026-01-25T23:34:58.460827+00:00", "data": {"market": "0xab63c6a3cf43c3ab99f68e4a72f6c3c0a7d06bad3fdd5b619939fe3fee0e9e5e", "price_changes": [{"asset_id": "108442430286615765527014752360734543488337168821843553883980136466628838344959", "price": "0.08", "size": "0", "side": "BUY", "hash": "db44d8b5de9a5a7c6715edb050e3d497d75b003a", "best_bid": "0.51", "best_ask": "0.6"}, {"asset_id": "56685619967578726571385852838438545201981689299488058810797637488735546768106", "price": "0.92", "size": "0", "side": "SELL", "hash": "100c222b20a3c00eb69acba2b3a64d8946cf0dcb", "best_bid": "0.4", "best_ask": "0.49"}], "timestamp": "1769384098379", "event_type": "price_change"}}
{"_local_timestamp": "2026-01-25T23:34:58.467939+00:00", "data": {"market": "0xab63c6a3cf43c3ab99f68e4a72f6c3c0a7d06bad3fdd5b619939fe3fee0e9e5e", "price_changes": [{"asset_id": "56685619967578726571385852838438545201981689299488058810797637488735546768106", "price": "0.09", "size": "2197.02", "side": "BUY", "hash": "cedecb46637eb63fbd8f0a0e60d37ea7076c6515", "best_bid": "0.4", "best_ask": "0.49"}, {"asset_id": "108442430286615765527014752360734543488337168821843553883980136466628838344959", "price": "0.91", "size": "2197.02", "side": "SELL", "hash": "fb91fa701b1c507e2f59cef907678d5fd55feb6f", "best_bid": "0.51", "best_ask": "0.6"}], "timestamp": "1769384098380", "event_type": "price_change"}}
{"_local_timestamp": "2026-01-25T23:34:58.504907+00:00", "data": {"market": "0xab63c6a3cf43c3ab99f68e4a72f6c3c0a7d06bad3fdd5b619939fe3fee0e9e5e", "price_changes": [{"asset_id": "108442430286615765527014752360734543488337168821843553883980136466628838344959", "price": "0.11", "size": "8457.33", "side": "BUY", "hash": "382db902fac15d6d85d164ac01deb9960eaf3b32", "best_bid": "0.51", "best_ask": "0.6"}, {"asset_id": "56685619967578726571385852838438545201981689299488058810797637488735546768106", "price": "0.89", "size": "8457.33", "side": "SELL", "hash": "27f265a1312e85810d719cdc8f5bbff60b072d19", "best_bid": "0.4", "best_ask": "0.49"}], "timestamp": "1769384098422", "event_type": "price_change"}}
{"_local_timestamp": "2026-01-25T23:34:58.661103+00:00", "data": {"market": "0xab63c6a3cf43c3ab99f68e4a72f6c3c0a7d06bad3fdd5b619939fe3fee0e9e5e", "price_changes": [{"asset_id": "56685619967578726571385852838438545201981689299488058810797637488735546768106", "price": "0.09", "size": "4467.13", "side": "BUY", "hash": "534fd2a67bee32517f2d7a1a0b025bd593e92b2d", "best_bid": "0.4", "best_ask": "0.49"}, {"asset_id": "108442430286615765527014752360734543488337168821843553883980136466628838344959", "price": "0.91", "size": "4467.13", "side": "SELL", "hash": "66960026ef4f9484b238141d2393fa5a67e771b6", "best_bid": "0.51", "best_ask": "0.6"}], "timestamp": "1769384098594", "event_type": "price_change"}}
{"_local_timestamp": "2026-01-25T23:34:58.664986+00:00", "data": {"market": "0xab63c6a3cf43c3ab99f68e4a72f6c3c0a7d06bad3fdd5b619939fe3fee0e9e5e", "price_changes": [{"asset_id": "56685619967578726571385852838438545201981689299488058810797637488735546768106", "price": "0.09", "size": "8464.24", "side": "BUY", "hash": "b6de28a1754ae7a89ed7f063bca9c73775c0b03d", "best_bid": "0.4", "best_ask": "0.49"}, {"asset_id": "108442430286615765527014752360734543488337168821843553883980136466628838344959", "price": "0.91", "size": "8464.24", "side": "SELL", "hash": "665bafc78e81829f853c1be9d8629594bc397cf9", "best_bid": "0.51", "best_ask": "0.6"}], "timestamp": "1769384098595", "event_type": "price_change"}}
{"_local_timestamp": "2026-01-25T23:34:58.665623+00:00", "data": {"market": "0xab63c6a3cf43c3ab99f68e4a72f6c3c0a7d06bad3fdd5b619939fe3fee0e9e5e", "price_changes": [{"asset_id": "56685619967578726571385852838438545201981689299488058810797637488735546768106", "price": "0.09", "size": "10654.35", "side": "BUY", "hash": "f9658c89b819079a92fd87ebb66c6e4e29f9e7e8", "best_bid": "0.4", "best_ask": "0.49"}, {"asset_id": "108442430286615765527014752360734543488337168821843553883980136466628838344959", "price": "0.91", "size": "10654.35", "side": "SELL", "hash": "1fef3f96d42c1ae5eab355f0686603624a2984a1", "best_bid": "0.51", "best_ask": "0.6"}], "timestamp": "1769384098595", "event_type": "price_change"}}
{"_local_timestamp": "2026-01-25T23:34:58.666193+00:00", "data": {"market": "0xab63c6a3cf43c3ab99f68e4a72f6c3c0a7d06bad3fdd5b619939fe3fee0e9e5e", "price_changes": [{"asset_id": "108442430286615765527014752360734543488337168821843553883980136466628838344959", "price": "0.12", "size": "10999.11", "side": "BUY", "hash": "4246e2320a0993fbeca8cac4b09a3144c83e3547", "best_bid": "0.51", "best_ask": "0.6"}, {"asset_id": "56685619967578726571385852838438545201981689299488058810797637488735546768106", "price": "0.88", "size": "10999.11", "side": "SELL", "hash": "06fff155e8a6ab335f4725073b687f8bf7afadfe", "best_bid": "0.4", "best_ask": "0.49"}], "timestamp": "1769384098596", "event_type": "price_change"}}
{"_local_timestamp": "2026-01-25T23:34:58.753435+00:00", "data": {"market": "0x6ec1533bf58c24859221f4f951e1bd6635d4062c159173b1fd1104f64152bfb6", "price_changes": [{"asset_id": "96315953066058902024740936163730408631841769397037516243247976463789679670058", "price": "0.02", "size": "8557.33", "side": "BUY", "hash": "d99e2a3d508056ce2dd2041fe2486b4765d88780", "best_bid": "0.49", "best_ask": "0.58"}, {"asset_id": "28283266317199105918230110303158762359229840619714595669980694133018968933728", "price": "0.98", "size": "8557.33", "side": "SELL", "hash": "ca6c0e8edeb68b1fbebb7ab7b6eb80210b98f6ea", "best_bid": "0.42", "best_ask": "0.51"}], "timestamp": "1769384098677", "event_type": "price_change"}}
{"_local_timestamp": "2026-01-25T23:34:58.754009+00:00", "data": {"market": "0xab63c6a3cf43c3ab99f68e4a72f6c3c0a7d06bad3fdd5b619939fe3fee0e9e5e", "price_changes": [{"asset_id": "108442430286615765527014752360734543488337168821843553883980136466628838344959", "price": "0.03", "size": "500", "side": "BUY", "hash": "904069c368e17fce376b9c53216d08de2141d17e", "best_bid": "0.51", "best_ask": "0.6"}, {"asset_id": "56685619967578726571385852838438545201981689299488058810797637488735546768106", "price": "0.97", "size": "500", "side": "SELL", "hash": "e75c888d1f45905ef9d6f211a57ce300fa4cc74e", "best_bid": "0.4", "best_ask": "0.49"}], "timestamp": "1769384098677", "event_type": "price_change"}}
{"_local_timestamp": "2026-01-25T23:34:58.766666+00:00", "data": {"market": "0xab63c6a3cf43c3ab99f68e4a72f6c3c0a7d06bad3fdd5b619939fe3fee0e9e5e", "price_changes": [{"asset_id": "108442430286615765527014752360734543488337168821843553883980136466628838344959", "price": "0.1", "size": "806.42", "side": "BUY", "hash": "2bf453a77a6d7daf971cb2b516aeca435c8aacf1", "best_bid": "0.51", "best_ask": "0.6"}, {"asset_id": "56685619967578726571385852838438545201981689299488058810797637488735546768106", "price": "0.9", "size": "806.42", "side": "SELL", "hash": "1a681fcf4fed6b7b17c73a61dc473c71fab101f6", "best_bid": "0.4", "best_ask": "0.49"}], "timestamp": "1769384098684", "event_type": "price_change"}}
{"_local_timestamp": "2026-01-25T23:34:58.768434+00:00", "data": {"market": "0xab63c6a3cf43c3ab99f68e4a72f6c3c0a7d06bad3fdd5b619939fe3fee0e9e5e", "price_changes": [{"asset_id": "56685619967578726571385852838438545201981689299488058810797637488735546768106", "price": "0.11", "size": "200", "side": "BUY", "hash": "41a7eb8d9f7837f4956053ed8882425b92020b0d", "best_bid": "0.4", "best_ask": "0.49"}, {"asset_id": "108442430286615765527014752360734543488337168821843553883980136466628838344959", "price": "0.89", "size": "200", "side": "SELL", "hash": "a50516ef16150328bab73c00c93a0c075225e75c", "best_bid": "0.51", "best_ask": "0.6"}], "timestamp": "1769384098685", "event_type": "price_change"}}
{"_local_timestamp": "2026-01-25T23:34:58.893019+00:00", "data": {"market": "0xab63c6a3cf43c3ab99f68e4a72f6c3c0a7d06bad3fdd5b619939fe3fee0e9e5e", "price_changes": [{"asset_id": "56685619967578726571385852838438545201981689299488058810797637488735546768106", "price": "0.11", "size": "2390.11", "side": "BUY", "hash": "66ffc5e9b87e75699d27016594d95c3a4f173292", "best_bid": "0.4", "best_ask": "0.49"}, {"asset_id": "108442430286615765527014752360734543488337168821843553883980136466628838344959", "price": "0.89", "size": "2390.11", "side": "SELL", "hash": "fc512a048b3d6986ae7a811812568e295a8a1d73", "best_bid": "0.51", "best_ask": "0.6"}], "timestamp": "1769384098821", "event_type": "price_change"}}
{"_local_timestamp": "2026-01-25T23:34:58.893883+00:00", "data": {"market": "0xab63c6a3cf43c3ab99f68e4a72f6c3c0a7d06bad3fdd5b619939fe3fee0e9e5e", "price_changes": [{"asset_id": "56685619967578726571385852838438545201981689299488058810797637488735546768106", "price": "0.12", "size": "2190.11", "side": "BUY", "hash": "3924b37d83edfd72a8876a8d787b39c167344009", "best_bid": "0.4", "best_ask": "0.49"}, {"asset_id": "108442430286615765527014752360734543488337168821843553883980136466628838344959", "price": "0.88", "size": "2190.11", "side": "SELL", "hash": "53d7ea838685d6f73087152d901daf3594113443", "best_bid": "0.51", "best_ask": "0.6"}], "timestamp": "1769384098822", "event_type": "price_change"}}
{"_local_timestamp": "2026-01-25T23:35:01.798839+00:00", "data": {"market": "0xab63c6a3cf43c3ab99f68e4a72f6c3c0a7d06bad3fdd5b619939fe3fee0e9e5e", "price_changes": [{"asset_id": "108442430286615765527014752360734543488337168821843553883980136466628838344959", "price": "0.03", "size": "100", "side": "BUY", "hash": "68e24c4e134c97b8ca3b04e96875bc9b54aadf72", "best_bid": "0.51", "best_ask": "0.6"}, {"asset_id": "56685619967578726571385852838438545201981689299488058810797637488735546768106", "price": "0.97", "size": "100", "side": "SELL", "hash": "349226ed2736cf977bce70faab2c22eef67c8218", "best_bid": "0.4", "best_ask": "0.49"}], "timestamp": "1769384101730", "event_type": "price_change"}}
{"_local_timestamp": "2026-01-25T23:35:01.799542+00:00", "data": {"market": "0xab63c6a3cf43c3ab99f68e4a72f6c3c0a7d06bad3fdd5b619939fe3fee0e9e5e", "price_changes": [{"asset_id": "108442430286615765527014752360734543488337168821843553883980136466628838344959", "price": "0.09", "size": "0", "side": "BUY", "hash": "68e24c4e134c97b8ca3b04e96875bc9b54aadf72", "best_bid": "0.51", "best_ask": "0.6"}, {"asset_id": "56685619967578726571385852838438545201981689299488058810797637488735546768106", "price": "0.91", "size": "0", "side": "SELL", "hash": "349226ed2736cf977bce70faab2c22eef67c8218", "best_bid": "0.4", "best_ask": "0.49"}], "timestamp": "1769384101730", "event_type": "price_change"}}
{"_local_timestamp": "2026-01-25T23:35:01.800922+00:00", "data": {"market": "0xab63c6a3cf43c3ab99f68e4a72f6c3c0a7d06bad3fdd5b619939fe3fee0e9e5e", "price_changes": [{"asset_id": "56685619967578726571385852838438545201981689299488058810797637488735546768106", "price": "0.03", "size": "9.02", "side": "BUY", "hash": "e51bcdb0e0b6471c84c4fee31bd71e21329c5086", "best_bid": "0.4", "best_ask": "0.49"}, {"asset_id": "108442430286615765527014752360734543488337168821843553883980136466628838344959", "price": "0.97", "size": "9.02", "side": "SELL", "hash": "06eda5d127b8747c22930112acb0eda420c179b2", "best_bid": "0.51", "best_ask": "0.6"}], "timestamp": "1769384101730", "event_type": "price_change"}}
{"_local_timestamp": "2026-01-25T23:35:01.885035+00:00", "data": {"market": "0xab63c6a3cf43c3ab99f68e4a72f6c3c0a7d06bad3fdd5b619939fe3fee0e9e5e", "price_changes": [{"asset_id": "108442430286615765527014752360734543488337168821843553883980136466628838344959", "price": "0.12", "size": "0", "side": "BUY", "hash": "2c20eee78f3b9a3c4f19e7e9a2a7c3e5e952af55", "best_bid": "0.51", "best_ask": "0.6"}, {"asset_id": "56685619967578726571385852838438545201981689299488058810797637488735546768106", "price": "0.88", "size": "0", "side": "SELL", "hash": "87e6e23f5765dd9c3a8651f681904a6c4480a2e7", "best_bid": "0.4", "best_ask": "0.49"}], "timestamp": "1769384101815", "event_type": "price_change"}}
{"_local_timestamp": "2026-01-25T23:35:01.896370+00:00", "data": {"market": "0xab63c6a3cf43c3ab99f68e4a72f6c3c0a7d06bad3fdd5b619939fe3fee0e9e5e", "price_changes": [{"asset_id": "56685619967578726571385852838438545201981689299488058810797637488735546768106", "price": "0.08", "size": "600", "side": "BUY", "hash": "599a43810f4c4abf8652a7bd2ad8249ff65d2261", "best_bid": "0.4", "best_ask": "0.49"}, {"asset_id": "108442430286615765527014752360734543488337168821843553883980136466628838344959", "price": "0.92", "size": "600", "side": "SELL", "hash": "d221bdfa653bea04482426c829f368a34a33fdee", "best_bid": "0.51", "best_ask": "0.6"}], "timestamp": "1769384101816", "event_type": "price_change"}}
{"_local_timestamp": "2026-01-25T23:35:01.898890+00:00", "data": {"market": "0xab63c6a3cf43c3ab99f68e4a72f6c3c0a7d06bad3fdd5b619939fe3fee0e9e5e", "price_changes": [{"asset_id": "56685619967578726571385852838438545201981689299488058810797637488735546768106", "price": "0.09", "size": "8464.24", "side": "BUY", "hash": "599a43810f4c4abf8652a7bd2ad8249ff65d2261", "best_bid": "0.4", "best_ask": "0.49"}, {"asset_id": "108442430286615765527014752360734543488337168821843553883980136466628838344959", "price": "0.91", "size": "8464.24", "side": "SELL", "hash": "d221bdfa653bea04482426c829f368a34a33fdee", "best_bid": "0.51", "best_ask": "0.6"}], "timestamp": "1769384101816", "event_type": "price_change"}}
{"_local_timestamp": "2026-01-25T23:35:01.985780+00:00", "data": {"market": "0xab63c6a3cf43c3ab99f68e4a72f6c3c0a7d06bad3fdd5b619939fe3fee0e9e5e", "price_changes": [{"asset_id": "56685619967578726571385852838438545201981689299488058810797637488735546768106", "price": "0.09", "size": "19463.35", "side": "BUY", "hash": "ac5c6e0ed479da2f273b09c9be1142113b63ea54", "best_bid": "0.4", "best_ask": "0.49"}, {"asset_id": "108442430286615765527014752360734543488337168821843553883980136466628838344959", "price": "0.91", "size": "19463.35", "side": "SELL", "hash": "a0d9aed41e2b7bef2e4a30a1c52451dff11e6d9d", "best_bid": "0.51", "best_ask": "0.6"}], "timestamp": "1769384101917", "event_type": "price_change"}}
{"_local_timestamp": "2026-01-25T23:35:01.986436+00:00", "data": {"market": "0xab63c6a3cf43c3ab99f68e4a72f6c3c0a7d06bad3fdd5b619939fe3fee0e9e5e", "price_changes": [{"asset_id": "56685619967578726571385852838438545201981689299488058810797637488735546768106", "price": "0.1", "size": "2270.11", "side": "BUY", "hash": "52822c8b7b6855f13da10fa37ca20b5851cbbedd", "best_bid": "0.4", "best_ask": "0.49"}, {"asset_id": "108442430286615765527014752360734543488337168821843553883980136466628838344959", "price": "0.9", "size": "2270.11", "side": "SELL", "hash": "efeb22c986314ab4db00f21b17f786ce062394ad", "best_bid": "0.51", "best_ask": "0.6"}], "timestamp": "1769384101918", "event_type": "price_change"}}
{"_local_timestamp": "2026-01-25T23:35:01.987023+00:00", "data": {"market": "0xab63c6a3cf43c3ab99f68e4a72f6c3c0a7d06bad3fdd5b619939fe3fee0e9e5e", "price_changes": [{"asset_id": "56685619967578726571385852838438545201981689299488058810797637488735546768106", "price": "0.1", "size": "4460.22", "side": "BUY", "hash": "efe302277b8e9af1a960016dee1bdc5768e4a17f", "best_bid": "0.4", "best_ask": "0.49"}, {"asset_id": "108442430286615765527014752360734543488337168821843553883980136466628838344959", "price": "0.9", "size": "4460.22", "side": "SELL", "hash": "f21625d2547321a1e0d34e7e97807617c86921cd", "best_bid": "0.51", "best_ask": "0.6"}], "timestamp": "1769384101919", "event_type": "price_change"}}
{"_local_timestamp": "2026-01-25T23:35:01.993987+00:00", "data": {"market": "0xab63c6a3cf43c3ab99f68e4a72f6c3c0a7d06bad3fdd5b619939fe3fee0e9e5e", "price_changes": [{"asset_id": "56685619967578726571385852838438545201981689299488058810797637488735546768106", "price": "0.1", "size": "8457.33", "side": "BUY", "hash": "077137ee262e95e5d1719c2f6c55dc5171772295", "best_bid": "0.4", "best_ask": "0.49"}, {"asset_id": "108442430286615765527014752360734543488337168821843553883980136466628838344959", "price": "0.9", "size": "8457.33", "side": "SELL", "hash": "3ae7bd301a2db9d6476c148745f304eae9f18957", "best_bid": "0.51", "best_ask": "0.6"}], "timestamp": "1769384101920", "event_type": "price_change"}}
{"_local_timestamp": "2026-01-25T23:35:02.071020+00:00", "data": {"market": "0xab63c6a3cf43c3ab99f68e4a72f6c3c0a7d06bad3fdd5b619939fe3fee0e9e5e", "price_changes": [{"asset_id": "56685619967578726571385852838438545201981689299488058810797637488735546768106", "price": "0.02", "size": "13499.11", "side": "BUY", "hash": "e40c7ca3eacbf55a9e4f60c1a0f0059d2a353431", "best_bid": "0.4", "best_ask": "0.49"}, {"asset_id": "108442430286615765527014752360734543488337168821843553883980136466628838344959", "price": "0.98", "size": "13499.11", "side": "SELL", "hash": "19da74fa5a8c6cd23966d4871c6280ada9148b92", "best_bid": "0.51", "best_ask": "0.6"}], "timestamp": "1769384102000", "event_type": "price_change"}}
{"_local_timestamp": "2026-01-25T23:35:02.084216+00:00", "data": {"market": "0xab63c6a3cf43c3ab99f68e4a72f6c3c0a7d06bad3fdd5b619939fe3fee0e9e5e", "price_changes": [{"asset_id": "108442430286615765527014752360734543488337168821843553883980136466628838344959", "price": "0.02", "size": "13499.11", "side": "BUY", "hash": "c14b33ed072725fa4f24a5d22d99b2e6edfe810c", "best_bid": "0.51", "best_ask": "0.6"}, {"asset_id": "56685619967578726571385852838438545201981689299488058810797637488735546768106", "price": "0.98", "size": "13499.11", "side": "SELL", "hash": "11ede8833d7255f727cd53afb1b1de59629eebba", "best_bid": "0.4", "best_ask": "0.49"}], "timestamp": "1769384102002", "event_type": "price_change"}}
{"_local_timestamp": "2026-01-25T23:35:02.104479+00:00", "data": {"market": "0xab63c6a3cf43c3ab99f68e4a72f6c3c0a7d06bad3fdd5b619939fe3fee0e9e5e", "price_changes": [{"asset_id": "56685619967578726571385852838438545201981689299488058810797637488735546768106", "price": "0.08", "size": "700", "side": "BUY", "hash": "889f35ab51706c3890f8269d2df0715bc1627ff6", "best_bid": "0.4", "best_ask": "0.49"}, {"asset_id": "108442430286615765527014752360734543488337168821843553883980136466628838344959", "price": "0.92", "size": "700", "side": "SELL", "hash": "5ace720cd94f7a09a53561d5ba0f2a9eea68e8b4", "best_bid": "0.51", "best_ask": "0.6"}], "timestamp": "1769384102004", "event_type": "price_change"}}
{"_local_timestamp": "2026-01-25T23:35:02.105869+00:00", "data": {"market": "0xab63c6a3cf43c3ab99f68e4a72f6c3c0a7d06bad3fdd5b619939fe3fee0e9e5e", "price_changes": [{"asset_id": "108442430286615765527014752360734543488337168821843553883980136466628838344959", "price": "0.1", "size": "906.42", "side": "BUY", "hash": "df615694ef54fc7ec2c46e2db92bf10860d174f1", "best_bid": "0.51", "best_ask": "0.6"}, {"asset_id": "56685619967578726571385852838438545201981689299488058810797637488735546768106", "price": "0.9", "size": "906.42", "side": "SELL", "hash": "2eed30289e2f7be13ec4cf6c763fc5a3c9f0fbea", "best_bid": "0.4", "best_ask": "0.49"}], "timestamp": "1769384102005", "event_type": "price_change"}}
{"_local_timestamp": "2026-01-25T23:35:06.834193+00:00", "data": {"market": "0xab63c6a3cf43c3ab99f68e4a72f6c3c0a7d06bad3fdd5b619939fe3fee0e9e5e", "price_changes": [{"asset_id": "56685619967578726571385852838438545201981689299488058810797637488735546768106", "price": "0.11", "size": "2290.11", "side": "BUY", "hash": "c7aa0c1aa63cfcff39897f33bc233846f0c5a9ea", "best_bid": "0.4", "best_ask": "0.49"}, {"asset_id": "108442430286615765527014752360734543488337168821843553883980136466628838344959", "price": "0.89", "size": "2290.11", "side": "SELL", "hash": "6d310ef0dad4f9f78a3af2b0f64d1bfd14810fbb", "best_bid": "0.51", "best_ask": "0.6"}], "timestamp": "1769384106753", "event_type": "price_change"}}
{"_local_timestamp": "2026-01-25T23:35:06.835079+00:00", "data": {"market": "0xab63c6a3cf43c3ab99f68e4a72f6c3c0a7d06bad3fdd5b619939fe3fee0e9e5e", "price_changes": [{"asset_id": "108442430286615765527014752360734543488337168821843553883980136466628838344959", "price": "0.1", "size": "806.42", "side": "BUY", "hash": "63d61a51ddde5fcedcb4476ffed37b335fec97ad", "best_bid": "0.51", "best_ask": "0.6"}, {"asset_id": "56685619967578726571385852838438545201981689299488058810797637488735546768106", "price": "0.9", "size": "806.42", "side": "SELL", "hash": "10cc855af2f00f445f55d6dbe203443489186961", "best_bid": "0.4", "best_ask": "0.49"}], "timestamp": "1769384106754", "event_type": "price_change"}}
{"_local_timestamp": "2026-01-25T23:35:06.886209+00:00", "data": {"market": "0xab63c6a3cf43c3ab99f68e4a72f6c3c0a7d06bad3fdd5b619939fe3fee0e9e5e", "price_changes": [{"asset_id": "108442430286615765527014752360734543488337168821843553883980136466628838344959", "price": "0.02", "size": "2500", "side": "BUY", "hash": "eebe1bcc62c53679e6edf5d93eadaeb583a688e6", "best_bid": "0.51", "best_ask": "0.6"}, {"asset_id": "56685619967578726571385852838438545201981689299488058810797637488735546768106", "price": "0.98", "size": "2500", "side": "SELL", "hash": "4fe317a40f7302bd64a1ef3e09666f1ff988e5ce", "best_bid": "0.4", "best_ask": "0.49"}], "timestamp": "1769384106818", "event_type": "price_change"}}
{"_local_timestamp": "2026-01-25T23:35:06.893269+00:00", "data": {"market": "0xab63c6a3cf43c3ab99f68e4a72f6c3c0a7d06bad3fdd5b619939fe3fee0e9e5e", "price_changes": [{"asset_id": "56685619967578726571385852838438545201981689299488058810797637488735546768106", "price": "0.02", "size": "2500", "side": "BUY", "hash": "24dc23d6c57b8926920e6fdccbdceda419bd5ac8", "best_bid": "0.4", "best_ask": "0.49"}, {"asset_id": "108442430286615765527014752360734543488337168821843553883980136466628838344959", "price": "0.98", "size": "2500", "side": "SELL", "hash": "b8bafa4682c60c49a77181afa1c8e27f731dbf88", "best_bid": "0.51", "best_ask": "0.6"}], "timestamp": "1769384106818", "event_type": "price_change"}}
