{"_local_timestamp": "2026-01-25T23:41:29.180060+00:00", "data": [{"market": "0xfe2e85f6fca36e8b864be64b48521ccd513c336427bbbccfba39b5be2da560aa", "asset_id": "48015311421026063012985711082782647083417221141101598875055317979379805670690", "timestamp": "1769384485539", "hash": "168368525ff0418188caa5daa738d77519926a13", "bids": [], "asks": [{"price": "0.999", "size": "99999"}, {"price": "0.998", "size": "55000"}, {"price": "0.992", "size": "155"}, {"price": "0.99", "size": "18000"}, {"price": "0.989", "size": "55710"}, {"price": "0.98", "size": "1000"}, {"price": "0.969", "size": "10100"}, {"price": "0.96", "size": "2000"}, {"price": "0.92", "size": "155"}, {"price": "0.903", "size": "100"}, {"price": "0.901", "size": "100"}, {"price": "0.9", "size": "500"}, {"price": "0.899", "size": "10100"}, {"price": "0.898", "size": "5000"}, {"price": "0.89", "size": "3000"}, {"price": "0.86", "size": "50"}, {"price": "0.799", "size": "4600"}, {"price": "0.73", "size": "200"}, {"price": "0.66", "size": "100"}, {"price": "0.53", "size": "100"}, {"price": "0.51", "size": "100"}, {"price": "0.503", "size": "100"}, {"price": "0.501", "size": "500"}, {"price": "0.5", "size": "440"}, {"price": "0.25", "size": "60"}, {"price": "0.233", "size": "60"}, {"price": "0.232", "size": "53"}, {"price": "0.231", "size": "60"}, {"price": "0.23", "size": "60"}, {"price": "0.179", "size": "67.4"}, {"price": "0.178", "size": "59"}, {"price": "0.163", "size": "8.2"}, {"price": "0.162", "size": "5.47"}, {"price": "0.01", "size": "15.1"}, {"price": "0.009", "size": "500"}, {"price": "0.005", "size": "25"}, {"price": "0.004", "size": "1200"}, {"price": "0.001", "size": "3545"}], "event_type": "book", "last_trade_price": "0.999"}, {"market": "0xcb7dc9e8c99d3894e219a6242949729a2d4736f19ee13a21ceefc20a80a0066b", "asset_id": "115788350734693757421027634879142051258958684646271080316220994609154259670413", "timestamp": "1769384351279", "hash": "83816dc426109a96b06ea2ec0a183a62cc42621c", "bids": [{"price": "0.001", "size": "1027"}, {"price": "0.008", "size": "1000"}, {"price": "0.009", "size": "183.59"}, {"price": "0.015", "size": "16.41"}, {"price": "0.016", "size": "10.94"}, {"price": "0.99", "size": "635"}], "asks": [{"price": "0.999", "size": "1027"}], "event_type": "book", "last_trade_price": "0.010"}, {"market": "0xcb7dc9e8c99d3894e219a6242949729a2d4736f19ee13a21ceefc20a80a0066b", "asset_id": "98485975070324083339941401870090885415947897822976000836314973267692056078647", "timestamp": "1769384351279", "hash": "481744070813e40620e12c3ef4e68b0512c47be3", "bids": [{"price": "0.001", "size": "1027"}], "asks": [{"price": "0.999", "size": "1027"}, {"price": "0.992", "size": "1000"}, {"price": "0.991", "size": "183.59"}, {"price": "0.985", "size": "16.41"}, {"price": "0.984", "size": "10.94"}, {"price": "0.01", "size": "635"}], "event_type": "book", "last_trade_price": "0.010"}, {"market": "0x0ca398f4564c38da69591560241e7b50b84045d73a288ee592f84dc307886c9f", "asset_id": "73758297760471023486831469668849801378829920625288067100645749063270684075558", "timestamp": "1769382471302", "hash": "900a63a4f6d68ca3fa729af4bcd95254f3b09d57", "bids": [{"price": "0.001", "size": "1057"}], "asks": [{"price": "0.999", "size": "2057"}, {"price": "0.997", "size": "1000"}, {"price": "0.996", "size": "5.47"}, {"price": "0.02", "size": "119.53"}, {"price": "0.019", "size": "100"}], "event_type": "book", "last_trade_price": "0.010"}, {"market": "0x9806d6a5e6e617f978ef8918981422d7c383ece76bd3d53c4018d83f851df7cc", "asset_id": "4655206770474921299388200827584555181546002874778899522765485382144463583575", "timestamp": "1769384390179", "hash": "266078a30a7d84414096ec20498808cb051921c3", "bids": [{"price": "0.001", "size": "978"}, {"price": "0.003", "size": "1100"}, {"price": "0.01", "size": "80"}, {"price": "0.03", "size": "100"}, {"price": "0.08", "size": "100"}, {"price": "0.14", "size": "50"}, {"price": "0.2", "size": "200"}, {"price": "0.223", "size": "31"}, {"price": "0.27", "size": "200"}, {"price": "0.34", "size": "100"}, {"price": "0.523", "size": "200"}, {"price": "0.723", "size": "143"}, {"price": "0.823", "size": "216"}, {"price": "0.923", "size": "349"}, {"price": "0.947", "size": "10.56"}, {"price": "0.948", "size": "5.47"}, {"price": "0.997", "size": "1216.9"}], "asks": [{"price": "0.999", "size": "12"}], "event_type": "book", "last_trade_price": "0.999"}, {"market": "0xabd15f50cde2db51b979f59df9f00561de0276a7aed657cdfc01e85c1ff39286", "asset_id": "26830899908225037126738641844177684533967567245513858554892436909273392276503", "timestamp": "1769383986573", "hash": "3dd4d5781868f3f27de97b9484b676ab44839097", "bids": [{"price": "0.001", "size": "30"}, {"price": "0.002", "size": "5.46"}, {"price": "0.99", "size": "30.2"}], "asks": [{"price": "0.999", "size": "28.99"}], "event_type": "book", "last_trade_price": "0.001"}, {"market": "0x843d19dfca98ada8c66ebbb4d6fbb173e84553b2683a24a1e00aad0c8453cf90", "asset_id": "28615763915408006017271621447513804345732414042393039493947373086352681254494", "timestamp": "1769384224508", "hash": "926d6706fd75dfbd5255a2d4a3f0040f9995fa70", "bids": [{"price": "0.001", "size": "2057"}, {"price": "0.003", "size": "1000"}, {"price": "0.8", "size": "407.43"}, {"price": "0.801", "size": "5.47"}, {"price": "0.995", "size": "525"}, {"price": "0.996", "size": "55.95"}], "asks": [{"price": "0.999", "size": "1084.65"}], "event_type": "book", "last_trade_price": "0.002"}, {"market": "0xc2fcb0f600f10f2ae91dfab9db2698611bf969defd3e2cd5730e5b0568349bac", "asset_id": "72402309101367002301495158185582712104543606023677018896034103067959479089850", "timestamp": "1769384472009", "hash": "f94edd114f8bd712e97d80a25784ff4ddd5f10b1", "bids": [], "asks": [{"price": "0.999", "size": "1065"}, {"price": "0.99", "size": "2600"}, {"price": "0.98", "size": "1000"}, {"price": "0.969", "size": "1100"}, {"price": "0.948", "size": "1700"}, {"price": "0.92", "size": "400"}, {"price": "0.86", "size": "700"}, {"price": "0.777", "size": "38"}, {"price": "0.69", "size": "100"}, {"price": "0.68", "size": "39.99"}, {"price": "0.55", "size": "5.55"}, {"price": "0.477", "size": "283"}, {"price": "0.47", "size": "24.98"}, {"price": "0.277", "size": "142"}, {"price": "0.273", "size": "106.24"}, {"price": "0.177", "size": "214"}, {"price": "0.14", "size": "194.15"}, {"price": "0.08", "size": "97.08"}, {"price": "0.079", "size": "51.66"}, {"price": "0.077", "size": "346"}, {"price": "0.076", "size": "82.23"}, {"price": "0.01", "size": "30.2"}, {"price": "0.009", "size": "45.3"}, {"price": "0.005", "size": "254"}, {"price": "0.004", "size": "634.8"}, {"price": "0.001", "size": "3.26"}], "event_type": "book", "last_trade_price": "0.999"}, {"market": "0x820082d9062845486d4a143f029c9f93cb9d095fb18f1aa7cda1c44c2bce1188", "asset_id": "23264385912109188517723056029307436593365599986842476104748104553557414072010", "timestamp": "1769384324037", "hash": "64204ec61f5be8f00d795a41cad96830070ef5e0", "bids": [{"price": "0.001", "size": "958"}, {"price": "0.003", "size": "1100"}, {"price": "0.01", "size": "80"}, {"price": "0.03", "size": "100"}, {"price": "0.08", "size": "100"}, {"price": "0.14", "size": "50"}, {"price": "0.2", "size": "200"}, {"price": "0.223", "size": "32"}, {"price": "0.27", "size": "200"}, {"price": "0.34", "size": "100"}, {"price": "0.523", "size": "201"}, {"price": "0.723", "size": "127"}, {"price": "0.823", "size": "205"}, {"price": "0.923", "size": "353"}, {"price": "0.924", "size": "25"}, {"price": "0.925", "size": "13.86"}, {"price": "0.978", "size": "8.21"}, {"price": "0.979", "size": "5.47"}, {"price": "0.99", "size": "2000"}, {"price": "0.995", "size": "146"}, {"price": "0.999", "size": "4749.73"}], "asks": [], "event_type": "book", "last_trade_price": "0.999"}, {"market": "0x841529681a7a5fc77af6ee13187c65bca1400530f81be0328cfff6c19c112cee", "asset_id": "61406926682600289284199037461761473156945342642474137106642230975893372304476", "timestamp": "1769384349587", "hash": "2a699c12c64021b6915dd5717e9bb0ed8a1cb0e5", "bids": [{"price": "0.001", "size": "1057"}, {"price": "0.008", "size": "1000"}, {"price": "0.009", "size": "200"}, {"price": "0.99", "size": "525"}], "asks": [{"price": "0.999", "size": "1057"}], "event_type": "book", "last_trade_price": "0.010"}, {"market": "0x0ca398f4564c38da69591560241e7b50b84045d73a288ee592f84dc307886c9f", "asset_id": "89873108860358159626430606027457644828261102103969814693169391119797511480704", "timestamp": "1769382471302", "hash": "a7ed1a80aa545ec633c5d1f6c283f99f4cb57a9f", "bids": [{"price": "0.001", "size": "2057"}, {"price": "0.003", "size": "1000"}, {"price": "0.004", "size": "5.47"}, {"price": "0.98", "size": "119.53"}, {"price": "0.981", "size": "100"}], "asks": [{"price": "0.999", "size": "1057"}], "event_type": "book", "last_trade_price": "0.010"}, {"market": "0xfe2e85f6fca36e8b864be64b48521ccd513c336427bbbccfba39b5be2da560aa", "asset_id": "69403394007873424681005155433420327969196546299861361174702151771312033239993", "timestamp": "1769384485539", "hash": "c955eae6ff66ab8b9621d338c2dd2b7b49fd1113", "bids": [{"price": "0.001", "size": "99999"}, {"price": "0.002", "size": "55000"}, {"price": "0.008", "size": "155"}, {"price": "0.01", "size": "18000"}, {"price": "0.011", "size": "55710"}, {"price": "0.02", "size": "1000"}, {"price": "0.031", "size": "10100"}, {"price": "0.04", "size": "2000"}, {"price": "0.08", "size": "155"}, {"price": "0.097", "size": "100"}, {"price": "0.099", "size": "100"}, {"price": "0.1", "size": "500"}, {"price": "0.101", "size": "10100"}, {"price": "0.102", "size": "5000"}, {"price": "0.11", "size": "3000"}, {"price": "0.14", "size": "50"}, {"price": "0.201", "size": "4600"}, {"price": "0.27", "size": "200"}, {"price": "0.34", "size": "100"}, {"price": "0.47", "size": "100"}, {"price": "0.49", "size": "100"}, {"price": "0.497", "size": "100"}, {"price": "0.499", "size": "500"}, {"price": "0.5", "size": "440"}, {"price": "0.75", "size": "60"}, {"price": "0.767", "size": "60"}, {"price": "0.768", "size": "53"}, {"price": "0.769", "size": "60"}, {"price": "0.77", "size": "60"}, {"price": "0.821", "size": "67.4"}, {"price": "0.822", "size": "59"}, {"price": "0.837", "size": "8.2"}, {"price": "0.838", "size": "5.47"}, {"price": "0.99", "size": "15.1"}, {"price": "0.991", "size": "500"}, {"price": "0.995", "size": "25"}, {"price": "0.996", "size": "1200"}, {"price": "0.999", "size": "3545"}], "asks": [], "event_type": "book", "last_trade_price": "0.999"}, {"market": "0x843d19dfca98ada8c66ebbb4d6fbb173e84553b2683a24a1e00aad0c8453cf90", "asset_id": "58062417896853254930361400136624504371975360911936924777891592824225807309392", "timestamp": "1769384224508", "hash": "3260349677cf3f0579517f225792e0fc2a4f79b3", "bids": [{"price": "0.001", "size": "1084.65"}], "asks": [{"price": "0.999", "size": "2057"}, {"price": "0.997", "size": "1000"}, {"price": "0.2", "size": "407.43"}, {"price": "0.199", "size": "5.47"}, {"price": "0.005", "size": "525"}, {"price": "0.004", "size": "55.95"}], "event_type": "book", "last_trade_price": "0.002"}, {"market": "0xabd15f50cde2db51b979f59df9f00561de0276a7aed657cdfc01e85c1ff39286", "asset_id": "3108203705467868906332367843117605390000549101094212995448312300029225448526", "timestamp": "1769383986573", "hash": "efb323834e4d3ec17dc334b1b70971c5084b37e0", "bids": [{"price": "0.001", "size": "28.99"}], "asks": [{"price": "0.999", "size": "30"}, {"price": "0.998", "size": "5.46"}, {"price": "0.01", "size": "30.2"}], "event_type": "book", "last_trade_price": "0.001"}, {"market": "0xc2fcb0f600f10f2ae91dfab9db2698611bf969defd3e2cd5730e5b0568349bac", "asset_id": "105107985691308505645208009025026303139432184401049219175851106163376118674274", "timestamp": "1769384472009", "hash": "eb96db2eca9bba23485d5064d606c23cf49da33a", "bids": [{"price": "0.001", "size": "1065"}, {"price": "0.01", "size": "2600"}, {"price": "0.02", "size": "1000"}, {"price": "0.031", "size": "1100"}, {"price": "0.052", "size": "1700"}, {"price": "0.08", "size": "400"}, {"price": "0.14", "size": "700"}, {"price": "0.223", "size": "38"}, {"price": "0.31", "size": "100"}, {"price": "0.32", "size": "39.99"}, {"price": "0.45", "size": "5.55"}, {"price": "0.523", "size": "283"}, {"price": "0.53", "size": "24.98"}, {"price": "0.723", "size": "142"}, {"price": "0.727", "size": "106.24"}, {"price": "0.823", "size": "214"}, {"price": "0.86", "size": "194.15"}, {"price": "0.92", "size": "97.08"}, {"price": "0.921", "size": "51.66"}, {"price": "0.923", "size": "346"}, {"price": "0.924", "size": "82.23"}, {"price": "0.99", "size": "30.2"}, {"price": "0.991", "size": "45.3"}, {"price": "0.995", "size": "254"}, {"price": "0.996", "size": "634.8"}, {"price": "0.999", "size": "3.26"}], "asks": [], "event_type": "book", "last_trade_price": "0.999"}, {"market": "0x820082d9062845486d4a143f029c9f93cb9d095fb18f1aa7cda1c44c2bce1188", "asset_id": "70927268883755126554386966675213344514269002069096912114831420016073249520715", "timestamp": "1769384324037", "hash": "b666f368d09db2223c29b6bbbd7608e9fec2b037", "bids": [], "asks": [{"price": "0.999", "size": "958"}, {"price": "0.997", "size": "1100"}, {"price": "0.99", "size": "80"}, {"price": "0.97", "size": "100"}, {"price": "0.92", "size": "100"}, {"price": "0.86", "size": "50"}, {"price": "0.8", "size": "200"}, {"price": "0.777", "size": "32"}, {"price": "0.73", "size": "200"}, {"price": "0.66", "size": "100"}, {"price": "0.477", "size": "201"}, {"price": "0.277", "size": "127"}, {"price": "0.177", "size": "205"}, {"price": "0.077", "size": "353"}, {"price": "0.076", "size": "25"}, {"price": "0.075", "size": "13.86"}, {"price": "0.022", "size": "8.21"}, {"price": "0.021", "size": "5.47"}, {"price": "0.01", "size": "2000"}, {"price": "0.005", "size": "146"}, {"price": "0.001", "size": "4749.73"}], "event_type": "book", "last_trade_price": "0.999"}, {"market": "0x9806d6a5e6e617f978ef8918981422d7c383ece76bd3d53c4018d83f851df7cc", "asset_id": "96874305238055838913572671099974795248962251859827192697616088060794485331788", "timestamp": "1769384390179", "hash": "53923ad0f1eb8d8c8c5b8aa9a539edde035dcc92", "bids": [{"price": "0.001", "size": "12"}], "asks": [{"price": "0.999", "size": "978"}, {"price": "0.997", "size": "1100"}, {"price": "0.99", "size": "80"}, {"price": "0.97", "size": "100"}, {"price": "0.92", "size": "100"}, {"price": "0.86", "size": "50"}, {"price": "0.8", "size": "200"}, {"price": "0.777", "size": "31"}, {"price": "0.73", "size": "200"}, {"price": "0.66", "size": "100"}, {"price": "0.477", "size": "200"}, {"price": "0.277", "size": "143"}, {"price": "0.177", "size": "216"}, {"price": "0.077", "size": "349"}, {"price": "0.053", "size": "10.56"}, {"price": "0.052", "size": "5.47"}, {"price": "0.003", "size": "1216.9"}], "event_type": "book", "last_trade_price": "0.999"}, {"market": "0x841529681a7a5fc77af6ee13187c65bca1400530f81be0328cfff6c19c112cee", "asset_id": "50197395464408075357578095662006421013318644198206473166647680578559551606381", "timestamp": "1769384349587", "hash": "6a32d1356571a7a6abc5fa1dac632aab7844070c", "bids": [{"price": "0.001", "size": "1057"}], "asks": [{"price": "0.999", "size": "1057"}, {"price": "0.992", "size": "1000"}, {"price": "0.991", "size": "200"}, {"price": "0.01", "size": "525"}], "event_type": "book", "last_trade_price": "0.010"}]}
{"_local_timestamp": "2026-01-25T23:42:20.871771+00:00", "data": {"market": "0xcb7dc9e8c99d3894e219a6242949729a2d4736f19ee13a21ceefc20a80a0066b", "price_changes": [{"asset_id": "115788350734693757421027634879142051258958684646271080316220994609154259670413", "price": "0.008", "size": "0", "side": "BUY", "hash": "dd9127448ae73271eeb7503efd6ccc984a7b1fef", "best_bid": "0.99", "best_ask": "0.999"}, {"asset_id": "98485975070324083339941401870090885415947897822976000836314973267692056078647", "price": "0.992", "size": "0", "side": "SELL", "hash": "02611d4e211f67fd06f39703cd5b1b3fe2f6dd12", "best_bid": "0.001", "best_ask": "0.01"}], "timestamp": "1769384540789", "event_type": "price_change"}}
{"_local_timestamp": "2026-01-25T23:42:20.873267+00:00", "data": {"market": "0x841529681a7a5fc77af6ee13187c65bca1400530f81be0328cfff6c19c112cee", "price_changes": [{"asset_id": "61406926682600289284199037461761473156945342642474137106642230975893372304476", "price": "0.008", "size": "0", "side": "BUY", "hash": "9624ae7794f2029f9fa4b0f379cdd3b38f316954", "best_bid": "0.99", "best_ask": "0.999"}, {"asset_id": "50197395464408075357578095662006421013318644198206473166647680578559551606381", "price": "0.992", "size": "0", "side": "SELL", "hash": "df5b240264d55d59fa8dc35d2f652c77eb052e96", "best_bid": "0.001", "best_ask": "0.01"}], "timestamp": "1769384540789", "event_type": "price_change"}}
{"_local_timestamp": "2026-01-25T23:42:21.134823+00:00", "data": {"market": "0xcb7dc9e8c99d3894e219a6242949729a2d4736f19ee13a21ceefc20a80a0066b", "price_changes": [{"asset_id": "115788350734693757421027634879142051258958684646271080316220994609154259670413", "price": "0.009", "size": "1183.59", "side": "BUY", "hash": "8f9c1517ae9b2a2c1a7ff497f0b8f3548c5f9ed2", "best_bid": "0.99", "best_ask": "0.999"}, {"asset_id": "98485975070324083339941401870090885415947897822976000836314973267692056078647", "price": "0.991", "size": "1183.59", "side": "SELL", "hash": "44ec1effbfe1bcecb5cf153ae89fbcbf74baf22d", "best_bid": "0.001", "best_ask": "0.01"}], "timestamp": "1769384541068", "event_type": "price_change"}}
{"_local_timestamp": "2026-01-25T23:42:21.135322+00:00", "data": {"market": "0x841529681a7a5fc77af6ee13187c65bca1400530f81be0328cfff6c19c112cee", "price_changes": [{"asset_id": "61406926682600289284199037461761473156945342642474137106642230975893372304476", "price": "0.009", "size": "1200", "side": "BUY", "hash": "cfd69c94f978aad4c0badb52a989b423aee71518", "best_bid": "0.99", "best_ask": "0.999"}, {"asset_id": "50197395464408075357578095662006421013318644198206473166647680578559551606381", "price": "0.991", "size": "1200", "side": "SELL", "hash": "36457ff41106ada64e6d75835608c212cde928ea", "best_bid": "0.001", "best_ask": "0.01"}], "timestamp": "1769384541068", "event_type": "price_change"}}
{"_local_timestamp": "2026-01-25T23:43:49.888892+00:00", "data": {"market": "0xfe2e85f6fca36e8b864be64b48521ccd513c336427bbbccfba39b5be2da560aa", "price_changes": [{"asset_id": "48015311421026063012985711082782647083417221141101598875055317979379805670690", "price": "0.163", "size": "0", "side": "SELL", "hash": "d09ee4ee41e0d1177e4fd2059be1780be86494b7", "best_bid": "0", "best_ask": "0.001"}, {"asset_id": "69403394007873424681005155433420327969196546299861361174702151771312033239993", "price": "0.837", "size": "0", "side": "BUY", "hash": "6ed77d6a5ad58a1e532b5c586395c2846df9c97f", "best_bid": "0.999", "best_ask": "1"}], "timestamp": "1769384629819", "event_type": "price_change"}}
{"_local_timestamp": "2026-01-25T23:43:49.889698+00:00", "data": {"market": "0xfe2e85f6fca36e8b864be64b48521ccd513c336427bbbccfba39b5be2da560aa", "price_changes": [{"asset_id": "48015311421026063012985711082782647083417221141101598875055317979379805670690", "price": "0.179", "size": "0", "side": "SELL", "hash": "d09ee4ee41e0d1177e4fd2059be1780be86494b7", "best_bid": "0", "best_ask": "0.001"}, {"asset_id": "69403394007873424681005155433420327969196546299861361174702151771312033239993", "price": "0.821", "size": "0", "side": "BUY", "hash": "6ed77d6a5ad58a1e532b5c586395c2846df9c97f", "best_bid": "0.999", "best_ask": "1"}], "timestamp": "1769384629819", "event_type": "price_change"}}
{"_local_timestamp": "2026-01-25T23:43:50.288075+00:00", "data": {"market": "0xfe2e85f6fca36e8b864be64b48521ccd513c336427bbbccfba39b5be2da560aa", "price_changes": [{"asset_id": "48015311421026063012985711082782647083417221141101598875055317979379805670690", "price": "0.177", "size": "67.4", "side": "SELL", "hash": "b741e90c487009dd56dc36901e8a3b4c8ee1cada", "best_bid": "0", "best_ask": "0.001"}, {"asset_id": "69403394007873424681005155433420327969196546299861361174702151771312033239993", "price": "0.823", "size": "67.4", "side": "BUY", "hash": "0510746be0c5b0354730e1c4c194d53a22ba6628", "best_bid": "0.999", "best_ask": "1"}], "timestamp": "1769384630223", "event_type": "price_change"}}
{"_local_timestamp": "2026-01-25T23:43:50.288543+00:00", "data": {"market": "0xfe2e85f6fca36e8b864be64b48521ccd513c336427bbbccfba39b5be2da560aa", "price_changes": [{"asset_id": "48015311421026063012985711082782647083417221141101598875055317979379805670690", "price": "0.161", "size": "8.2", "side": "SELL", "hash": "579996cd17256bc5b28c295d20b6755b5a576ff6", "best_bid": "0", "best_ask": "0.001"}, {"asset_id": "69403394007873424681005155433420327969196546299861361174702151771312033239993", "price": "0.839", "size": "8.2", "side": "BUY", "hash": "89cf12e89928b4904669632e67d3c4fe087d5689", "best_bid": "0.999", "best_ask": "1"}], "timestamp": "1769384630224", "event_type": "price_change"}}
{"_local_timestamp": "2026-01-25T23:43:50.348769+00:00", "data": {"market": "0x820082d9062845486d4a143f029c9f93cb9d095fb18f1aa7cda1c44c2bce1188", "price_changes": [{"asset_id": "70927268883755126554386966675213344514269002069096912114831420016073249520715", "price": "0.022", "size": "0", "side": "SELL", "hash": "22da507a79e3af796c4321755edb767d94eeec50", "best_bid": "0", "best_ask": "0.001"}, {"asset_id": "23264385912109188517723056029307436593365599986842476104748104553557414072010", "price": "0.978", "size": "0", "side": "BUY", "hash": "db875e429cfa9a4daa0c1009ac90f55b5513b461", "best_bid": "0.999", "best_ask": "1"}], "timestamp": "1769384630259", "event_type": "price_change"}}
{"_local_timestamp": "2026-01-25T23:43:50.733003+00:00", "data": {"market": "0xfe2e85f6fca36e8b864be64b48521ccd513c336427bbbccfba39b5be2da560aa", "price_changes": [{"asset_id": "48015311421026063012985711082782647083417221141101598875055317979379805670690", "price": "0.162", "size": "0", "side": "SELL", "hash": "4ab484e1cf1b9cd4c778672f12158171d72d589c", "best_bid": "0", "best_ask": "0.001"}, {"asset_id": "69403394007873424681005155433420327969196546299861361174702151771312033239993", "price": "0.838", "size": "0", "side": "BUY", "hash": "1b7ee822a3fc68b734f02a2636430efbf5691e76", "best_bid": "0.999", "best_ask": "1"}], "timestamp": "1769384630653", "event_type": "price_change"}}
{"_local_timestamp": "2026-01-25T23:43:50.959755+00:00", "data": {"market": "0x820082d9062845486d4a143f029c9f93cb9d095fb18f1aa7cda1c44c2bce1188", "price_changes": [{"asset_id": "70927268883755126554386966675213344514269002069096912114831420016073249520715", "price": "0.021", "size": "0", "side": "SELL", "hash": "244feb84e9606210c5a08f8b91ef29046fd55eb9", "best_bid": "0", "best_ask": "0.001"}, {"asset_id": "23264385912109188517723056029307436593365599986842476104748104553557414072010", "price": "0.979", "size": "0", "side": "BUY", "hash": "01a770d379eb3ecd4f5a4f0ad865537940474c4d", "best_bid": "0.999", "best_ask": "1"}], "timestamp": "1769384630653", "event_type": "price_change"}}
{"_local_timestamp": "2026-01-25T23:43:50.960357+00:00", "data": {"market": "0x820082d9062845486d4a143f029c9f93cb9d095fb18f1aa7cda1c44c2bce1188", "price_changes": [{"asset_id": "70927268883755126554386966675213344514269002069096912114831420016073249520715", "price": "0.074", "size": "5.47", "side": "SELL", "hash": "92815c0fc665d8b5398b025939f41b5501bfaf93", "best_bid": "0", "best_ask": "0.001"}, {"asset_id": "23264385912109188517723056029307436593365599986842476104748104553557414072010", "price": "0.926", "size": "5.47", "side": "BUY", "hash": "7e11df0d544d720fffdf8a4682b50884bb6ff042", "best_bid": "0.999", "best_ask": "1"}], "timestamp": "1769384630761", "event_type": "price_change"}}
{"_local_timestamp": "2026-01-25T23:43:50.960810+00:00", "data": {"market": "0xfe2e85f6fca36e8b864be64b48521ccd513c336427bbbccfba39b5be2da560aa", "price_changes": [{"asset_id": "48015311421026063012985711082782647083417221141101598875055317979379805670690", "price": "0.16", "size": "5.47", "side": "SELL", "hash": "8ef22bdcd9f10c68e336160f6e05808b9f295c0c", "best_bid": "0", "best_ask": "0.001"}, {"asset_id": "69403394007873424681005155433420327969196546299861361174702151771312033239993", "price": "0.84", "size": "5.47", "side": "BUY", "hash": "e572acecbfacc8261ae7139ee4454f073b4d3f5b", "best_bid": "0.999", "best_ask": "1"}], "timestamp": "1769384630761", "event_type": "price_change"}}
{"_local_timestamp": "2026-01-25T23:43:50.961149+00:00", "data": {"market": "0x820082d9062845486d4a143f029c9f93cb9d095fb18f1aa7cda1c44c2bce1188", "price_changes": [{"asset_id": "70927268883755126554386966675213344514269002069096912114831420016073249520715", "price": "0.021", "size": "8.21", "side": "SELL", "hash": "719c5235ac22da8063cff20799f34a88fcaafb3c", "best_bid": "0", "best_ask": "0.001"}, {"asset_id": "23264385912109188517723056029307436593365599986842476104748104553557414072010", "price": "0.979", "size": "8.21", "side": "BUY", "hash": "6abb2b03626c55ebff9eef288b3ac0c67ec95c8b", "best_bid": "0.999", "best_ask": "1"}], "timestamp": "1769384630772", "event_type": "price_change"}}
{"_local_timestamp": "2026-01-25T23:43:52.126400+00:00", "data": {"market": "0x820082d9062845486d4a143f029c9f93cb9d095fb18f1aa7cda1c44c2bce1188", "price_changes": [{"asset_id": "70927268883755126554386966675213344514269002069096912114831420016073249520715", "price": "0.074", "size": "0", "side": "SELL", "hash": "9403a08f4a2c04310a02735954d6615378b56ca1", "best_bid": "0", "best_ask": "0.001"}, {"asset_id": "23264385912109188517723056029307436593365599986842476104748104553557414072010", "price": "0.926", "size": "0", "side": "BUY", "hash": "e124c5b71770bae02caef2c907dae2585d43a597", "best_bid": "0.999", "best_ask": "1"}], "timestamp": "1769384632033", "event_type": "price_change"}}
{"_local_timestamp": "2026-01-25T23:43:52.212335+00:00", "data": {"market": "0x820082d9062845486d4a143f029c9f93cb9d095fb18f1aa7cda1c44c2bce1188", "price_changes": [{"asset_id": "70927268883755126554386966675213344514269002069096912114831420016073249520715", "price": "0.021", "size": "13.68", "side": "SELL", "hash": "4f1593daf95bf461fd35559953083853cc17458d", "best_bid": "0", "best_ask": "0.001"}, {"asset_id": "23264385912109188517723056029307436593365599986842476104748104553557414072010", "price": "0.979", "size": "13.68", "side": "BUY", "hash": "35d47c60bcf7f54d0eb478e0b347e0d17200d5fd", "best_bid": "0.999", "best_ask": "1"}], "timestamp": "1769384632147", "event_type": "price_change"}}
{"_local_timestamp": "2026-01-25T23:44:11.929012+00:00", "data": {"market": "0xfe2e85f6fca36e8b864be64b48521ccd513c336427bbbccfba39b5be2da560aa", "price_changes": [{"asset_id": "48015311421026063012985711082782647083417221141101598875055317979379805670690", "price": "0.161", "size": "0", "side": "SELL", "hash": "945fe64b58025753b583e2c0f53d90121eb751bf", "best_bid": "0", "best_ask": "0.001"}, {"asset_id": "69403394007873424681005155433420327969196546299861361174702151771312033239993", "price": "0.839", "size": "0", "side": "BUY", "hash": "185b13a3458dfa51e2879d8ff2dc286c794c00b1", "best_bid": "0.999", "best_ask": "1"}], "timestamp": "1769384651859", "event_type": "price_change"}}
{"_local_timestamp": "2026-01-25T23:44:13.336841+00:00", "data": {"market": "0xfe2e85f6fca36e8b864be64b48521ccd513c336427bbbccfba39b5be2da560aa", "price_changes": [{"asset_id": "48015311421026063012985711082782647083417221141101598875055317979379805670690", "price": "0.16", "size": "0", "side": "SELL", "hash": "1c93eb11de6e090685ccbf2a3d6e8e5a6490379c", "best_bid": "0", "best_ask": "0.001"}, {"asset_id": "69403394007873424681005155433420327969196546299861361174702151771312033239993", "price": "0.84", "size": "0", "side": "BUY", "hash": "aebde359a335cc2034621a39b1db1ff5a75f247d", "best_bid": "0.999", "best_ask": "1"}], "timestamp": "1769384653263", "event_type": "price_change"}}
{"_local_timestamp": "2026-01-25T23:44:13.464385+00:00", "data": {"market": "0xfe2e85f6fca36e8b864be64b48521ccd513c336427bbbccfba39b5be2da560aa", "price_changes": [{"asset_id": "48015311421026063012985711082782647083417221141101598875055317979379805670690", "price": "0.176", "size": "5.47", "side": "SELL", "hash": "ad57f636ad69ba5b4cbc2d8799e721007fbadbda", "best_bid": "0", "best_ask": "0.001"}, {"asset_id": "69403394007873424681005155433420327969196546299861361174702151771312033239993", "price": "0.824", "size": "5.47", "side": "BUY", "hash": "a36455d574e920dfae0eb4211fb02461fcac5b2a", "best_bid": "0.999", "best_ask": "1"}], "timestamp": "1769384653374", "event_type": "price_change"}}
{"_local_timestamp": "2026-01-25T23:44:15.636853+00:00", "data": {"market": "0xfe2e85f6fca36e8b864be64b48521ccd513c336427bbbccfba39b5be2da560aa", "price_changes": [{"asset_id": "48015311421026063012985711082782647083417221141101598875055317979379805670690", "price": "0.159", "size": "8.2", "side": "SELL", "hash": "fa2af23f08562d8068de5178bad2698e4b417d26", "best_bid": "0", "best_ask": "0.001"}, {"asset_id": "69403394007873424681005155433420327969196546299861361174702151771312033239993", "price": "0.841", "size": "8.2", "side": "BUY", "hash": "5d599ccdea0b8e9d398783044c2c979d0c9bfb7b", "best_bid": "0.999", "best_ask": "1"}], "timestamp": "1769384655564", "event_type": "price_change"}}
{"_local_timestamp": "2026-01-25T23:44:16.192633+00:00", "data": {"market": "0x841529681a7a5fc77af6ee13187c65bca1400530f81be0328cfff6c19c112cee", "price_changes": [{"asset_id": "50197395464408075357578095662006421013318644198206473166647680578559551606381", "price": "0.991", "size": "1000", "side": "SELL", "hash": "d3eab8e76e2d85eaee257b6dd58b4be3ec0e78ce", "best_bid": "0.001", "best_ask": "0.01"}, {"asset_id": "61406926682600289284199037461761473156945342642474137106642230975893372304476", "price": "0.009", "size": "1000", "side": "BUY", "hash": "162a3c8b0aac2e8588058d3643dcd9f5f9033ca3", "best_bid": "0.99", "best_ask": "0.999"}], "timestamp": "1769384656120", "event_type": "price_change"}}
{"_local_timestamp": "2026-01-25T23:44:16.193043+00:00", "data": {"market": "0xcb7dc9e8c99d3894e219a6242949729a2d4736f19ee13a21ceefc20a80a0066b", "price_changes": [{"asset_id": "98485975070324083339941401870090885415947897822976000836314973267692056078647", "price": "0.985", "size": "0", "side": "SELL", "hash": "bd933cc7ceef9f1fd73f7b896a563723a7e7fc80", "best_bid": "0.001", "best_ask": "0.01"}, {"asset_id": "115788350734693757421027634879142051258958684646271080316220994609154259670413", "price": "0.015", "size": "0", "side": "BUY", "hash": "d003b67926ace598d52f78c0667b84a8e59948b6", "best_bid": "0.99", "best_ask": "0.999"}], "timestamp": "1769384656120", "event_type": "price_change"}}
{"_local_timestamp": "2026-01-25T23:44:16.193426+00:00", "data": {"market": "0x820082d9062845486d4a143f029c9f93cb9d095fb18f1aa7cda1c44c2bce1188", "price_changes": [{"asset_id": "70927268883755126554386966675213344514269002069096912114831420016073249520715", "price": "0.021", "size": "5.47", "side": "SELL", "hash": "82fd6a4c0f1302d6b5afaac53dff27d85a00a395", "best_bid": "0", "best_ask": "0.001"}, {"asset_id": "23264385912109188517723056029307436593365599986842476104748104553557414072010", "price": "0.979", "size": "5.47", "side": "BUY", "hash": "87f7e707bf18bd8dce64fdb32781fdc9d1c16f3e", "best_bid": "0.999", "best_ask": "1"}], "timestamp": "1769384656120", "event_type": "price_change"}}
{"_local_timestamp": "2026-01-25T23:44:16.193816+00:00", "data": {"market": "0xcb7dc9e8c99d3894e219a6242949729a2d4736f19ee13a21ceefc20a80a0066b", "price_changes": [{"asset_id": "98485975070324083339941401870090885415947897822976000836314973267692056078647", "price": "0.991", "size": "1000", "side": "SELL", "hash": "bd933cc7ceef9f1fd73f7b896a563723a7e7fc80", "best_bid": "0.001", "best_ask": "0.01"}, {"asset_id": "115788350734693757421027634879142051258958684646271080316220994609154259670413", "price": "0.009", "size": "1000", "side": "BUY", "hash": "d003b67926ace598d52f78c0667b84a8e59948b6", "best_bid": "0.99", "best_ask": "0.999"}], "timestamp": "1769384656120", "event_type": "price_change"}}
{"_local_timestamp": "2026-01-25T23:44:16.572088+00:00", "data": {"market": "0xcb7dc9e8c99d3894e219a6242949729a2d4736f19ee13a21ceefc20a80a0066b", "price_changes": [{"asset_id": "98485975070324083339941401870090885415947897822976000836314973267692056078647", "price": "0.984", "size": "0", "side": "SELL", "hash": "821a116989def1af83e5e188f5a05f0432fa5b57", "best_bid": "0.001", "best_ask": "0.01"}, {"asset_id": "115788350734693757421027634879142051258958684646271080316220994609154259670413", "price": "0.016", "size": "0", "side": "BUY", "hash": "8ac485667f90dbf997e3bd6f074a5968b25c7b2f", "best_bid": "0.99", "best_ask": "0.999"}], "timestamp": "1769384656503", "event_type": "price_change"}}
{"_local_timestamp": "2026-01-25T23:44:16.572490+00:00", "data": {"market": "0x820082d9062845486d4a143f029c9f93cb9d095fb18f1aa7cda1c44c2bce1188", "price_changes": [{"asset_id": "70927268883755126554386966675213344514269002069096912114831420016073249520715", "price": "0.021", "size": "0", "side": "SELL", "hash": "759694a625ac503ba7ab42307807346a0790d5b4", "best_bid": "0", "best_ask": "0.001"}, {"asset_id": "23264385912109188517723056029307436593365599986842476104748104553557414072010", "price": "0.979", "size": "0", "side": "BUY", "hash": "9fb0d87012ca3e5930fa1d383bbcd3ec5c1596d5", "best_bid": "0.999", "best_ask": "1"}], "timestamp": "1769384656503", "event_type": "price_change"}}
{"_local_timestamp": "2026-01-25T23:44:16.582774+00:00", "data": {"market": "0xfe2e85f6fca36e8b864be64b48521ccd513c336427bbbccfba39b5be2da560aa", "price_changes": [{"asset_id": "48015311421026063012985711082782647083417221141101598875055317979379805670690", "price": "0.176", "size": "0", "side": "SELL", "hash": "59fcfa93b6f47fe558494214726248741f4bd99e", "best_bid": "0", "best_ask": "0.001"}, {"asset_id": "69403394007873424681005155433420327969196546299861361174702151771312033239993", "price": "0.824", "size": "0", "side": "BUY", "hash": "706eaa19b99cd1c81495f0e49ca4b19f25a256fd", "best_bid": "0.999", "best_ask": "1"}], "timestamp": "1769384656503", "event_type": "price_change"}}
{"_local_timestamp": "2026-01-25T23:44:16.634418+00:00", "data": {"market": "0xcb7dc9e8c99d3894e219a6242949729a2d4736f19ee13a21ceefc20a80a0066b", "price_changes": [{"asset_id": "98485975070324083339941401870090885415947897822976000836314973267692056078647", "price": "0.99", "size": "10.94", "side": "SELL", "hash": "7f5baefa58b298ebad40a7e1dcd4d1a020984f35", "best_bid": "0.001", "best_ask": "0.01"}, {"asset_id": "115788350734693757421027634879142051258958684646271080316220994609154259670413", "price": "0.01", "size": "10.94", "side": "BUY", "hash": "c610361e2e44ecf632eac9e3c617b3ec59a1bb72", "best_bid": "0.99", "best_ask": "0.999"}], "timestamp": "1769384656569", "event_type": "price_change"}}
{"_local_timestamp": "2026-01-25T23:44:16.678447+00:00", "data": {"market": "0xfe2e85f6fca36e8b864be64b48521ccd513c336427bbbccfba39b5be2da560aa", "price_changes": [{"asset_id": "48015311421026063012985711082782647083417221141101598875055317979379805670690", "price": "0.158", "size": "5.47", "side": "SELL", "hash": "a5f6fd270e9663d1475110bf8a9166828d7e90cc", "best_bid": "0", "best_ask": "0.001"}, {"asset_id": "69403394007873424681005155433420327969196546299861361174702151771312033239993", "price": "0.842", "size": "5.47", "side": "BUY", "hash": "f015775bbc43af111d44b6e0b3f175aa3f18e21d", "best_bid": "0.999", "best_ask": "1"}], "timestamp": "1769384656608", "event_type": "price_change"}}
{"_local_timestamp": "2026-01-25T23:44:16.764546+00:00", "data": {"market": "0x820082d9062845486d4a143f029c9f93cb9d095fb18f1aa7cda1c44c2bce1188", "price_changes": [{"asset_id": "70927268883755126554386966675213344514269002069096912114831420016073249520715", "price": "0.074", "size": "5.47", "side": "SELL", "hash": "fb7ac2d3726f5aaa3f4e9759537c2ab69e805b47", "best_bid": "0", "best_ask": "0.001"}, {"asset_id": "23264385912109188517723056029307436593365599986842476104748104553557414072010", "price": "0.926", "size": "5.47", "side": "BUY", "hash": "42081758e770a5be35387183fe4fdbe79559f997", "best_bid": "0.999", "best_ask": "1"}], "timestamp": "1769384656664", "event_type": "price_change"}}
{"_local_timestamp": "2026-01-25T23:44:19.703325+00:00", "data": {"market": "0x841529681a7a5fc77af6ee13187c65bca1400530f81be0328cfff6c19c112cee", "price_changes": [{"asset_id": "50197395464408075357578095662006421013318644198206473166647680578559551606381", "price": "0.99", "size": "200", "side": "SELL", "hash": "1cf53ffaaba38fcdf4de3b77fd9fedc9a25d4bb3", "best_bid": "0.001", "best_ask": "0.01"}, {"asset_id": "61406926682600289284199037461761473156945342642474137106642230975893372304476", "price": "0.01", "size": "200", "side": "BUY", "hash": "18a1b84573575e82ecbfd541535bf2d146f50c75", "best_bid": "0.99", "best_ask": "0.999"}], "timestamp": "1769384659637", "event_type": "price_change"}}
{"_local_timestamp": "2026-01-25T23:44:19.703754+00:00", "data": {"market": "0x820082d9062845486d4a143f029c9f93cb9d095fb18f1aa7cda1c44c2bce1188", "price_changes": [{"asset_id": "70927268883755126554386966675213344514269002069096912114831420016073249520715", "price": "0.02", "size": "8.21", "side": "SELL", "hash": "eb716767168f1ca001d74167aa9cc9208617ef9f", "best_bid": "0", "best_ask": "0.001"}, {"asset_id": "23264385912109188517723056029307436593365599986842476104748104553557414072010", "price": "0.98", "size": "8.21", "side": "BUY", "hash": "c21e533f3c211fec1806c019ab68c32b41064d50", "best_bid": "0.999", "best_ask": "1"}], "timestamp": "1769384659637", "event_type": "price_change"}}
{"_local_timestamp": "2026-01-25T23:44:19.707067+00:00", "data": {"market": "0xcb7dc9e8c99d3894e219a6242949729a2d4736f19ee13a21ceefc20a80a0066b", "price_changes": [{"asset_id": "98485975070324083339941401870090885415947897822976000836314973267692056078647", "price": "0.99", "size": "194.53", "side": "SELL", "hash": "f8b7fb7b6e2a9fd781840f25a8b6155b909c9dba", "best_bid": "0.001", "best_ask": "0.01"}, {"asset_id": "115788350734693757421027634879142051258958684646271080316220994609154259670413", "price": "0.01", "size": "194.53", "side": "BUY", "hash": "c425eac16ddcf88afbbd75e06ea0fedc28281840", "best_bid": "0.99", "best_ask": "0.999"}], "timestamp": "1769384659638", "event_type": "price_change"}}
{"_local_timestamp": "2026-01-25T23:44:19.707413+00:00", "data": {"market": "0xcb7dc9e8c99d3894e219a6242949729a2d4736f19ee13a21ceefc20a80a0066b", "price_changes": [{"asset_id": "98485975070324083339941401870090885415947897822976000836314973267692056078647", "price": "0.983", "size": "16.41", "side": "SELL", "hash": "35010e82cc68288f702dd72176cc31a4ce83ffd9", "best_bid": "0.001", "best_ask": "0.01"}, {"asset_id": "115788350734693757421027634879142051258958684646271080316220994609154259670413", "price": "0.017", "size": "16.41", "side": "BUY", "hash": "66acce50d727e140bcff6bc2dee895c955ecbc12", "best_bid": "0.99", "best_ask": "0.999"}], "timestamp": "1769384659642", "event_type": "price_change"}}
{"_local_timestamp": "2026-01-25T23:44:20.268629+00:00", "data": {"market": "0x9806d6a5e6e617f978ef8918981422d7c383ece76bd3d53c4018d83f851df7cc", "price_changes": [{"asset_id": "96874305238055838913572671099974795248962251859827192697616088060794485331788", "price": "0.053", "size": "0", "side": "SELL", "hash": "abf4e3d2a69773286da429c0365d0a664c7f205f", "best_bid": "0.001", "best_ask": "0.003"}, {"asset_id": "4655206770474921299388200827584555181546002874778899522765485382144463583575", "price": "0.947", "size": "0", "side": "BUY", "hash": "5c8a37242bdf0d4855861c4c42e601ea31ef31c8", "best_bid": "0.997", "best_ask": "0.999"}], "timestamp": "1769384660195", "event_type": "price_change"}}
{"_local_timestamp": "2026-01-25T23:44:21.544098+00:00", "data": {"market": "0x9806d6a5e6e617f978ef8918981422d7c383ece76bd3d53c4018d83f851df7cc", "price_changes": [{"asset_id": "96874305238055838913572671099974795248962251859827192697616088060794485331788", "price": "0.052", "size": "0", "side": "SELL", "hash": "4d64ed3c07b1fee5565993c9ea89bea8fe41f120", "best_bid": "0.001", "best_ask": "0.003"}, {"asset_id": "4655206770474921299388200827584555181546002874778899522765485382144463583575", "price": "0.948", "size": "0", "side": "BUY", "hash": "895f682bf2f228b327b06a7a2f2c32282dc7bd47", "best_bid": "0.997", "best_ask": "0.999"}], "timestamp": "1769384661073", "event_type": "price_change"}}
{"_local_timestamp": "2026-01-25T23:44:21.549047+00:00", "data": {"market": "0xcb7dc9e8c99d3894e219a6242949729a2d4736f19ee13a21ceefc20a80a0066b", "price_changes": [{"asset_id": "98485975070324083339941401870090885415947897822976000836314973267692056078647", "price": "0.99", "size": "183.59", "side": "SELL", "hash": "697a3b5e433b52aa25ddfe55a5b7ce7437faea29", "best_bid": "0.001", "best_ask": "0.01"}, {"asset_id": "115788350734693757421027634879142051258958684646271080316220994609154259670413", "price": "0.01", "size": "183.59", "side": "BUY", "hash": "23073db54fe21c395bcd7b42abd255fa82846f51", "best_bid": "0.99", "best_ask": "0.999"}], "timestamp": "1769384661072", "event_type": "price_change"}}
{"_local_timestamp": "2026-01-25T23:44:21.551531+00:00", "data": {"market": "0xcb7dc9e8c99d3894e219a6242949729a2d4736f19ee13a21ceefc20a80a0066b", "price_changes": [{"asset_id": "98485975070324083339941401870090885415947897822976000836314973267692056078647", "price": "0.982", "size": "10.94", "side": "SELL", "hash": "381bf2406f881d39c671400408795d7cf7a2f426", "best_bid": "0.001", "best_ask": "0.01"}, {"asset_id": "115788350734693757421027634879142051258958684646271080316220994609154259670413", "price": "0.018", "size": "10.94", "side": "BUY", "hash": "0a715cd06c8980e50853703aa04d93dbe85fb3b2", "best_bid": "0.99", "best_ask": "0.999"}], "timestamp": "1769384661130", "event_type": "price_change"}}
{"_local_timestamp": "2026-01-25T23:44:21.563835+00:00", "data": {"market": "0x9806d6a5e6e617f978ef8918981422d7c383ece76bd3d53c4018d83f851df7cc", "price_changes": [{"asset_id": "96874305238055838913572671099974795248962251859827192697616088060794485331788", "price": "0.076", "size": "5.47", "side": "SELL", "hash": "21be9b8907b5a965cf289c9a1e020445a32c49bc", "best_bid": "0.001", "best_ask": "0.003"}, {"asset_id": "4655206770474921299388200827584555181546002874778899522765485382144463583575", "price": "0.924", "size": "5.47", "side": "BUY", "hash": "917c01b34de61f4e4063e8f7c8b716c4631bfbe9", "best_bid": "0.997", "best_ask": "0.999"}], "timestamp": "1769384661224", "event_type": "price_change"}}
{"_local_timestamp": "2026-01-25T23:44:24.478731+00:00", "data": {"market": "0x9806d6a5e6e617f978ef8918981422d7c383ece76bd3d53c4018d83f851df7cc", "price_changes": [{"asset_id": "96874305238055838913572671099974795248962251859827192697616088060794485331788", "price": "0.051", "size": "10.56", "side": "SELL", "hash": "4c7811f334cb16e7389bd58dc79c475d7af40b7b", "best_bid": "0.001", "best_ask": "0.003"}, {"asset_id": "4655206770474921299388200827584555181546002874778899522765485382144463583575", "price": "0.949", "size": "10.56", "side": "BUY", "hash": "22fef1809e208d88d0180eab7850a128ba23ecf0", "best_bid": "0.997", "best_ask": "0.999"}], "timestamp": "1769384664403", "event_type": "price_change"}}
{"_local_timestamp": "2026-01-25T23:44:25.048645+00:00", "data": {"market": "0x9806d6a5e6e617f978ef8918981422d7c383ece76bd3d53c4018d83f851df7cc", "price_changes": [{"asset_id": "96874305238055838913572671099974795248962251859827192697616088060794485331788", "price": "0.051", "size": "0", "side": "SELL", "hash": "a893cb348b503138194913e738416b93e4c486b3", "best_bid": "0.001", "best_ask": "0.003"}, {"asset_id": "4655206770474921299388200827584555181546002874778899522765485382144463583575", "price": "0.949", "size": "0", "side": "BUY", "hash": "2fe2c46d5141dbae149012a7caf5f171868d6122", "best_bid": "0.997", "best_ask": "0.999"}], "timestamp": "1769384664979", "event_type": "price_change"}}
{"_local_timestamp": "2026-01-25T23:44:26.782308+00:00", "data": {"market": "0x9806d6a5e6e617f978ef8918981422d7c383ece76bd3d53c4018d83f851df7cc", "price_changes": [{"asset_id": "96874305238055838913572671099974795248962251859827192697616088060794485331788", "price": "0.075", "size": "10.56", "side": "SELL", "hash": "b26c799f05f8ded5473cba78b52d2dbab48726a7", "best_bid": "0.001", "best_ask": "0.003"}, {"asset_id": "4655206770474921299388200827584555181546002874778899522765485382144463583575", "price": "0.925", "size": "10.56", "side": "BUY", "hash": "10513ad8915d4036365dac6149d334571dfd978e", "best_bid": "0.997", "best_ask": "0.999"}], "timestamp": "1769384666716", "event_type": "price_change"}}
{"_local_timestamp": "2026-01-25T23:44:27.826230+00:00", "data": {"market": "0x9806d6a5e6e617f978ef8918981422d7c383ece76bd3d53c4018d83f851df7cc", "price_changes": [{"asset_id": "96874305238055838913572671099974795248962251859827192697616088060794485331788", "price": "0.076", "size": "0", "side": "SELL", "hash": "50cbcdaccc65222c5512e3ba2ee7eb65e4db9290", "best_bid": "0.001", "best_ask": "0.003"}, {"asset_id": "4655206770474921299388200827584555181546002874778899522765485382144463583575", "price": "0.924", "size": "0", "side": "BUY", "hash": "aaeff298568d86c4d42eadb04d00d3d4c1f09880", "best_bid": "0.997", "best_ask": "0.999"}], "timestamp": "1769384667758", "event_type": "price_change"}}
