{"_local_timestamp": "2026-01-25T23:34:26.738011+00:00", "data": [{"market": "0xa1bc05f31c4c688cb52f5e9144c1e5ef9692227c39723fee8e6e5abab43c868b", "asset_id": "97741533568019197953524749149770039166252820950051290758309272983592402137647", "timestamp": "1769383980528", "hash": "2a9f028e515e8068b91234f457f29db226b0214f", "bids": [{"price": "0.01", "size": "21818.59"}, {"price": "0.02", "size": "20.46"}, {"price": "0.03", "size": "2440.11"}, {"price": "0.04", "size": "2199.36"}], "asks": [{"price": "0.99", "size": "21811.34"}, {"price": "0.98", "size": "42.6"}, {"price": "0.94", "size": "2440.11"}, {"price": "0.93", "size": "2195.58"}], "event_type": "book", "last_trade_price": ""}, {"market": "0x32b83d1a72c35a07821b0e7bbfca05dd7e7ebfd9f4158a744039643e32ed5754", "asset_id": "112618011469937692184236712510244615096761968056393293053562997614055173198004", "timestamp": "1769383980527", "hash": "d2d29da14a5de9c2264a02dda8e78a07bda0fb4a", "bids": [{"price": "0.01", "size": "21823.45"}, {"price": "0.02", "size": "100.79"}, {"price": "0.03", "size": "21.3"}], "asks": [{"price": "0.99", "size": "21818.59"}, {"price": "0.98", "size": "20.46"}, {"price": "0.97", "size": "2440.11"}, {"price": "0.96", "size": "2199.36"}], "event_type": "book", "last_trade_price": ""}, {"market": "0x32b83d1a72c35a07821b0e7bbfca05dd7e7ebfd9f4158a744039643e32ed5754", "asset_id": "49680737282718904424916527358370463451824260663314663633866290346455393068077", "timestamp": "1769383980527", "hash": "6bffea513965cc650109baa42662bd200600df2c", "bids": [{"price": "0.01", "size": "21818.59"}, {"price": "0.02", "size": "20.46"}, {"price": "0.03", "size": "2440.11"}, {"price": "0.04", "size": "2199.36"}], "asks": [{"price": "0.99", "size": "21823.45"}, {"price": "0.98", "size": "100.79"}, {"price": "0.97", "size": "21.3"}], "event_type": "book", "last_trade_price": ""}, {"market": "0xa1bc05f31c4c688cb52f5e9144c1e5ef9692227c39723fee8e6e5abab43c868b", "asset_id": "78015779281746386037161990124168898250194555020458832342258163532340846773719", "timestamp": "1769383980528", "hash": "8578028ea39e96e674e11db2539a59e0f4160424", "bids": [{"price": "0.01", "size": "21811.34"}, {"price": "0.02", "size": "42.6"}, {"price": "0.06", "size": "2440.11"}, {"price": "0.07", "size": "2195.58"}], "asks": [{"price": "0.99", "size": "21818.59"}, {"price": "0.98", "size": "20.46"}, {"price": "0.97", "size": "2440.11"}, {"price": "0.96", "size": "2199.36"}], "event_type": "book", "last_trade_price": ""}, {"market": "0x8a0434543e4c75cc5a3ca4030fae917b27f2688d1f944dbf5a0ab103f02cd87b", "asset_id": "22723199202242776433708572487726482017678344865926532422423792925492991700568", "timestamp": "1769383985990", "hash": "60c09ff35d960070f9b457ba294bc8580a3680fe", "bids": [{"price": "0.01", "size": "11254.67"}, {"price": "0.02", "size": "1007.96"}, {"price": "0.03", "size": "8757.33"}, {"price": "0.04", "size": "19456.44"}, {"price": "0.05", "size": "15.7"}, {"price": "0.13", "size": "300"}, {"price": "0.15", "size": "2390.11"}, {"price": "0.16", "size": "2315.11"}, {"price": "0.17", "size": "75"}, {"price": "0.24", "size": "8.5"}, {"price": "0.32", "size": "10"}, {"price": "0.35", "size": "50"}], "asks": [{"price": "0.99", "size": "15252.19"}, {"price": "0.98", "size": "8463.17"}, {"price": "0.96", "size": "20.58"}, {"price": "0.89", "size": "300"}, {"price": "0.87", "size": "200"}, {"price": "0.86", "size": "125"}, {"price": "0.85", "size": "75"}, {"price": "0.83", "size": "2490.11"}, {"price": "0.82", "size": "2190.11"}, {"price": "0.77", "size": "8.5"}, {"price": "0.71", "size": "50"}], "event_type": "book", "last_trade_price": ""}, {"market": "0xe32380d07b9131167f71ec4b1c9021e8aeb0e83e4cc5c7144a5c936725364d31", "asset_id": "44808645485728137319765386368086316865764970986436798311165303940386292530195", "timestamp": "1769379731064", "hash": "711965994a8f9623c32c1507b3a7faa47770f898", "bids": [{"price": "0.01", "size": "176.9"}, {"price": "0.02", "size": "104.79"}, {"price": "0.03", "size": "15.83"}], "asks": [{"price": "0.99", "size": "176.9"}, {"price": "0.98", "size": "100.79"}, {"price": "0.97", "size": "21.3"}], "event_type": "book", "last_trade_price": ""}, {"market": "0x8a0434543e4c75cc5a3ca4030fae917b27f2688d1f944dbf5a0ab103f02cd87b", "asset_id": "33401233153977449772131225210242646548930727284116760234560609029374878344271", "timestamp": "1769383985990", "hash": "4f2f51b8976446e66d3e4051b9d44b4b24f52e4f", "bids": [{"price": "0.01", "size": "15252.19"}, {"price": "0.02", "size": "8463.17"}, {"price": "0.04", "size": "20.58"}, {"price": "0.11", "size": "300"}, {"price": "0.13", "size": "200"}, {"price": "0.14", "size": "125"}, {"price": "0.15", "size": "75"}, {"price": "0.17", "size": "2490.11"}, {"price": "0.18", "size": "2190.11"}, {"price": "0.23", "size": "8.5"}, {"price": "0.29", "size": "50"}], "asks": [{"price": "0.99", "size": "11254.67"}, {"price": "0.98", "size": "1007.96"}, {"price": "0.97", "size": "8757.33"}, {"price": "0.96", "size": "19456.44"}, {"price": "0.95", "size": "15.7"}, {"price": "0.87", "size": "300"}, {"price": "0.85", "size": "2390.11"}, {"price": "0.84", "size": "2315.11"}, {"price": "0.83", "size": "75"}, {"price": "0.76", "size": "8.5"}, {"price": "0.68", "size": "10"}, {"price": "0.65", "size": "50"}], "event_type": "book", "last_trade_price": ""}, {"market": "0x658d77aa283216e681f3ceba0cbc5e8ba84e9cf9fd0948d71bded51047a0f4fa", "asset_id": "36828571532597720162588915130763801079437895233021381847714504178871963643196", "timestamp": "1769383980527", "hash": "c5e7fe0613b62ad2bb46472b7984cc6a2af754f7", "bids": [{"price": "0.01", "size": "21818.59"}, {"price": "0.02", "size": "20.46"}, {"price": "0.03", "size": "2440.11"}, {"price": "0.04", "size": "2199.36"}], "asks": [{"price": "0.99", "size": "21823.45"}, {"price": "0.98", "size": "100.79"}, {"price": "0.97", "size": "21.3"}], "event_type": "book", "last_trade_price": ""}, {"market": "0x658d77aa283216e681f3ceba0cbc5e8ba84e9cf9fd0948d71bded51047a0f4fa", "asset_id": "71137130698175248342284861786470190587645486148704660576894594639547573101895", "timestamp": "1769383980527", "hash": "84c6a7d0cfbaa173a319efe77bf8e623f7485062", "bids": [{"price": "0.01", "size": "21823.45"}, {"price": "0.02", "size": "100.79"}, {"price": "0.03", "size": "21.3"}], "asks": [{"price": "0.99", "size": "21818.59"}, {"price": "0.98", "size": "20.46"}, {"price": "0.97", "size": "2440.11"}, {"price": "0.96", "size": "2199.36"}], "event_type": "book", "last_trade_price": ""}, {"market": "0xe32380d07b9131167f71ec4b1c9021e8aeb0e83e4cc5c7144a5c936725364d31", "asset_id": "40785024404651500366934012781978416620428041365560716745743296597239417211065", "timestamp": "1769379731064", "hash": "39e84e34b201d1deb74799e46e3db8d33103c8b8", "bids": [{"price": "0.01", "size": "176.9"}, {"price": "0.02", "size": "100.79"}, {"price": "0.03", "size": "21.3"}], "asks": [{"price": "0.99", "size": "176.9"}, {"price": "0.98", "size": "104.79"}, {"price": "0.97", "size": "15.83"}], "event_type": "book", "last_trade_price": ""}]}
{"_local_timestamp": "2026-01-25T23:34:49.526658+00:00", "data": {"market": "0x8a0434543e4c75cc5a3ca4030fae917b27f2688d1f944dbf5a0ab103f02cd87b", "price_changes": [{"asset_id": "33401233153977449772131225210242646548930727284116760234560609029374878344271", "price": "0.02", "size": "8457.33", "side": "BUY", "hash": "ca034ab903a0c1beba74252312fbc381cfbbe1b3", "best_bid": "0.29", "best_ask": "0.65"}, {"asset_id": "22723199202242776433708572487726482017678344865926532422423792925492991700568", "price": "0.98", "size": "8457.33", "side": "SELL", "hash": "c07e3bd894dbddaf5ea3671f0d4e0ed2726abc35", "best_bid": "0.35", "best_ask": "0.71"}], "timestamp": "1769384089415", "event_type": "price_change"}}
{"_local_timestamp": "2026-01-25T23:34:49.527543+00:00", "data": {"market": "0x8a0434543e4c75cc5a3ca4030fae917b27f2688d1f944dbf5a0ab103f02cd87b", "price_changes": [{"asset_id": "33401233153977449772131225210242646548930727284116760234560609029374878344271", "price": "0.04", "size": "0", "side": "BUY", "hash": "ca034ab903a0c1beba74252312fbc381cfbbe1b3", "best_bid": "0.29", "best_ask": "0.65"}, {"asset_id": "22723199202242776433708572487726482017678344865926532422423792925492991700568", "price": "0.96", "size": "0", "side": "SELL", "hash": "c07e3bd894dbddaf5ea3671f0d4e0ed2726abc35", "best_bid": "0.35", "best_ask": "0.71"}], "timestamp": "1769384089415", "event_type": "price_change"}}
{"_local_timestamp": "2026-01-25T23:34:49.527844+00:00", "data": {"market": "0x8a0434543e4c75cc5a3ca4030fae917b27f2688d1f944dbf5a0ab103f02cd87b", "price_changes": [{"asset_id": "33401233153977449772131225210242646548930727284116760234560609029374878344271", "price": "0.02", "size": "0", "side": "BUY", "hash": "2baa85e7d475305f09ab95193530ac8be34995b2", "best_bid": "0.29", "best_ask": "0.65"}, {"asset_id": "22723199202242776433708572487726482017678344865926532422423792925492991700568", "price": "0.98", "size": "0", "side": "SELL", "hash": "50cb1df0389da88f310bbbd84849ebe35c187bd3", "best_bid": "0.35", "best_ask": "0.71"}], "timestamp": "1769384089449", "event_type": "price_change"}}
{"_local_timestamp": "2026-01-25T23:34:49.528091+00:00", "data": {"market": "0x8a0434543e4c75cc5a3ca4030fae917b27f2688d1f944dbf5a0ab103f02cd87b", "price_changes": [{"asset_id": "22723199202242776433708572487726482017678344865926532422423792925492991700568", "price": "0.04", "size": "0", "side": "BUY", "hash": "9ad7f61214a89376ba1701c0acbf9f928d04d082", "best_bid": "0.35", "best_ask": "0.71"}, {"asset_id": "33401233153977449772131225210242646548930727284116760234560609029374878344271", "price": "0.96", "size": "0", "side": "SELL", "hash": "0352c5c64792b6f372746d57b823cb0d479c8e13", "best_bid": "0.29", "best_ask": "0.65"}], "timestamp": "1769384089449", "event_type": "price_change"}}
{"_local_timestamp": "2026-01-25T23:34:49.548765+00:00", "data": {"market": "0x8a0434543e4c75cc5a3ca4030fae917b27f2688d1f944dbf5a0ab103f02cd87b", "price_changes": [{"asset_id": "33401233153977449772131225210242646548930727284116760234560609029374878344271", "price": "0.01", "size": "17442.3", "side": "BUY", "hash": "e306ddd950aaaca4c2cf1bfd81028761ac158481", "best_bid": "0.29", "best_ask": "0.65"}, {"asset_id": "22723199202242776433708572487726482017678344865926532422423792925492991700568", "price": "0.99", "size": "17442.3", "side": "SELL", "hash": "b762a38ab310ccd754860b7d2f60cb499e7c6a29", "best_bid": "0.35", "best_ask": "0.71"}], "timestamp": "1769384089474", "event_type": "price_change"}}
{"_local_timestamp": "2026-01-25T23:34:49.549112+00:00", "data": {"market": "0x8a0434543e4c75cc5a3ca4030fae917b27f2688d1f944dbf5a0ab103f02cd87b", "price_changes": [{"asset_id": "33401233153977449772131225210242646548930727284116760234560609029374878344271", "price": "0.01", "size": "19712.41", "side": "BUY", "hash": "f3b5cdac27ae85d139798c26177fe6196297e443", "best_bid": "0.29", "best_ask": "0.65"}, {"asset_id": "22723199202242776433708572487726482017678344865926532422423792925492991700568", "price": "0.99", "size": "19712.41", "side": "SELL", "hash": "788c366a0a12078a0d0fc23675cf7525d1fc7d7b", "best_bid": "0.35", "best_ask": "0.71"}], "timestamp": "1769384089476", "event_type": "price_change"}}
{"_local_timestamp": "2026-01-25T23:34:49.788549+00:00", "data": {"market": "0x8a0434543e4c75cc5a3ca4030fae917b27f2688d1f944dbf5a0ab103f02cd87b", "price_changes": [{"asset_id": "33401233153977449772131225210242646548930727284116760234560609029374878344271", "price": "0.02", "size": "3997.11", "side": "BUY", "hash": "ef0cbb0e60839017992fed5cf44cd0637ae303a4", "best_bid": "0.29", "best_ask": "0.65"}, {"asset_id": "22723199202242776433708572487726482017678344865926532422423792925492991700568", "price": "0.98", "size": "3997.11", "side": "SELL", "hash": "96bb8194a8d14f619557fc4d952d4708c71d0ec3", "best_bid": "0.35", "best_ask": "0.71"}], "timestamp": "1769384089723", "event_type": "price_change"}}
{"_local_timestamp": "2026-01-25T23:34:49.788955+00:00", "data": {"market": "0x8a0434543e4c75cc5a3ca4030fae917b27f2688d1f944dbf5a0ab103f02cd87b", "price_changes": [{"asset_id": "33401233153977449772131225210242646548930727284116760234560609029374878344271", "price": "0.02", "size": "14996.22", "side": "BUY", "hash": "321cdb4fa026936c382762601232674257adfa84", "best_bid": "0.29", "best_ask": "0.65"}, {"asset_id": "22723199202242776433708572487726482017678344865926532422423792925492991700568", "price": "0.98", "size": "14996.22", "side": "SELL", "hash": "ea55a9870eee989f73ca19461414416ab622104f", "best_bid": "0.35", "best_ask": "0.71"}], "timestamp": "1769384089725", "event_type": "price_change"}}
{"_local_timestamp": "2026-01-25T23:34:49.860646+00:00", "data": {"market": "0x8a0434543e4c75cc5a3ca4030fae917b27f2688d1f944dbf5a0ab103f02cd87b", "price_changes": [{"asset_id": "33401233153977449772131225210242646548930727284116760234560609029374878344271", "price": "0.02", "size": "15043.23", "side": "BUY", "hash": "361a630dcfceb146efd4dec2ec8d5354d8965706", "best_bid": "0.29", "best_ask": "0.65"}, {"asset_id": "22723199202242776433708572487726482017678344865926532422423792925492991700568", "price": "0.98", "size": "15043.23", "side": "SELL", "hash": "de782043acec6de51604b3db197e69258cc30441", "best_bid": "0.35", "best_ask": "0.71"}], "timestamp": "1769384089786", "event_type": "price_change"}}
