{"_local_timestamp": "2026-01-25T23:41:28.992327+00:00", "data": [{"market": "0x816283b09afa8fb8775b7a31fffd910cd938b5542df0a53490869bbdddbd29e7", "asset_id": "15405520391799992626254133757374921230213697819500438919715689108143699473586", "timestamp": "1769384438173", "hash": "6769b417b4f24a018393c036c9af0800cf03f247", "bids": [{"price": "0.01", "size": "21848.59"}, {"price": "0.02", "size": "2200.59"}, {"price": "0.03", "size": "18.99"}, {"price": "0.04", "size": "29.99"}], "asks": [{"price": "0.99", "size": "21842.93"}, {"price": "0.98", "size": "8.92"}, {"price": "0.97", "size": "5.47"}], "event_type": "book", "last_trade_price": ""}, {"market": "0x9d72fefe0a1e7a194dd92c6147ec5457c7ea3ef18b2c120713c15ea291a96fdc", "asset_id": "9950051530709339991020438041651455039837308887587060798234024774681947495511", "timestamp": "1769382204692", "hash": "61ec6dbd7b1fc054bfe69744f33880905c5d63ed", "bids": [{"price": "0.01", "size": "198.81"}, {"price": "0.02", "size": "40.59"}, {"price": "0.05", "size": "10"}], "asks": [{"price": "0.99", "size": "198.81"}, {"price": "0.98", "size": "40.59"}, {"price": "0.95", "size": "15.47"}], "event_type": "book", "last_trade_price": "0.930"}, {"market": "0x9e9f5c1c273c86dc2fde60aae2928add92df55fc00dfa76eddf448dcc876371d", "asset_id": "55391700582162683769019480443915810974335275678067504272537081595792245442890", "timestamp": "1769384486129", "hash": "fa3c78aa928bc90b5461d033d7c826a105b0a686", "bids": [{"price": "0.01", "size": "21937.47"}, {"price": "0.02", "size": "2190.11"}, {"price": "0.03", "size": "29.69"}, {"price": "0.4", "size": "50"}], "asks": [{"price": "0.99", "size": "21939.63"}, {"price": "0.98", "size": "2190.11"}, {"price": "0.97", "size": "28.97"}, {"price": "0.78", "size": "10"}, {"price": "0.75", "size": "50"}], "event_type": "book", "last_trade_price": ""}, {"market": "0x9e9f5c1c273c86dc2fde60aae2928add92df55fc00dfa76eddf448dcc876371d", "asset_id": "75956139502265441421699819180438283059761837887021594497969055280377012837590", "timestamp": "1769384486129", "hash": "fc2d0599a348ed80965b21dfd2846a0f216b6992", "bids": [{"price": "0.01", "size": "21939.63"}, {"price": "0.02", "size": "2190.11"}, {"price": "0.03", "size": "28.97"}, {"price": "0.22", "size": "10"}, {"price": "0.25", "size": "50"}], "asks": [{"price": "0.99", "size": "21937.47"}, {"price": "0.98", "size": "2190.11"}, {"price": "0.97", "size": "29.69"}, {"price": "0.6", "size": "50"}], "event_type": "book", "last_trade_price": ""}, {"market": "0x5140fa1a0a308d463f27cf70eb9d469ccf07c055e6fbad19c38702533d71e516", "asset_id": "107194712323133987538140428825275677095886921046155341460065104412992238050320", "timestamp": "1769384438173", "hash": "3da8a2f287633695ea7ddec4f8a26a596256e048", "bids": [{"price": "0.01", "size": "255.04"}, {"price": "0.02", "size": "38.97"}, {"price": "0.04", "size": "29.99"}], "asks": [{"price": "0.99", "size": "259.9"}, {"price": "0.98", "size": "36.54"}, {"price": "0.97", "size": "5.47"}], "event_type": "book", "last_trade_price": ""}, {"market": "0x816283b09afa8fb8775b7a31fffd910cd938b5542df0a53490869bbdddbd29e7", "asset_id": "1922098415263964459385620026458296193625196427559555571078566266668203852138", "timestamp": "1769384438173", "hash": "2843710f9721a61055475dbecb8744ea074d7cb2", "bids": [{"price": "0.01", "size": "21842.93"}, {"price": "0.02", "size": "8.92"}, {"price": "0.03", "size": "5.47"}], "asks": [{"price": "0.99", "size": "21848.59"}, {"price": "0.98", "size": "2200.59"}, {"price": "0.97", "size": "18.99"}, {"price": "0.96", "size": "29.99"}], "event_type": "book", "last_trade_price": ""}, {"market": "0x5140fa1a0a308d463f27cf70eb9d469ccf07c055e6fbad19c38702533d71e516", "asset_id": "92540576213207870627362137462415519058938244414036662588260726981353640428737", "timestamp": "1769384438173", "hash": "c4008fc0c82b949a58b2a7ef3e8974d0dc655887", "bids": [{"price": "0.01", "size": "259.9"}, {"price": "0.02", "size": "36.54"}, {"price": "0.03", "size": "5.47"}], "asks": [{"price": "0.99", "size": "255.04"}, {"price": "0.98", "size": "38.97"}, {"price": "0.96", "size": "29.99"}], "event_type": "book", "last_trade_price": ""}, {"market": "0xb60dafb0f279355f3cb0e90d8f104251eea16cade455fbee26065f6a1a7f1705", "asset_id": "6783034260219852689485369170295749032060020034678422064426195110276496429145", "timestamp": "1769384485790", "hash": "702dc0e163a945f3d75394756957870e557c1fe9", "bids": [{"price": "0.01", "size": "21853.45"}, {"price": "0.02", "size": "2226.65"}, {"price": "0.03", "size": "5.47"}], "asks": [{"price": "0.99", "size": "21853.48"}, {"price": "0.98", "size": "2202.9"}, {"price": "0.97", "size": "15.83"}, {"price": "0.96", "size": "29.99"}], "event_type": "book", "last_trade_price": ""}, {"market": "0xb60dafb0f279355f3cb0e90d8f104251eea16cade455fbee26065f6a1a7f1705", "asset_id": "20874128056338825407710368983473961183910770485403608543209460185653352280539", "timestamp": "1769384485790", "hash": "5eaf8d28cb81e9751fdb06defa8c292e978383f9", "bids": [{"price": "0.01", "size": "21853.48"}, {"price": "0.02", "size": "2202.9"}, {"price": "0.03", "size": "15.83"}, {"price": "0.04", "size": "29.99"}], "asks": [{"price": "0.99", "size": "21853.45"}, {"price": "0.98", "size": "2226.65"}, {"price": "0.97", "size": "5.47"}], "event_type": "book", "last_trade_price": ""}, {"market": "0x9d72fefe0a1e7a194dd92c6147ec5457c7ea3ef18b2c120713c15ea291a96fdc", "asset_id": "77897411419485969426768122576625771721302479416855417676067040092564010935119", "timestamp": "1769382204692", "hash": "737c6a7344df96327f672f80dc55b5c8b718efb0", "bids": [{"price": "0.01", "size": "198.81"}, {"price": "0.02", "size": "40.59"}, {"price": "0.05", "size": "15.47"}], "asks": [{"price": "0.99", "size": "198.81"}, {"price": "0.98", "size": "40.59"}, {"price": "0.95", "size": "10"}], "event_type": "book", "last_trade_price": "0.930"}]}
{"_local_timestamp": "2026-01-25T23:42:07.943523+00:00", "data": {"market": "0xb60dafb0f279355f3cb0e90d8f104251eea16cade455fbee26065f6a1a7f1705", "price_changes": [{"asset_id": "6783034260219852689485369170295749032060020034678422064426195110276496429145", "price": "0.04", "size": "29.99", "side": "BUY", "hash": "1c3175cd9e65d39763194e3ae84676f501d86342", "best_bid": "0.04", "best_ask": "0.96"}, {"asset_id": "20874128056338825407710368983473961183910770485403608543209460185653352280539", "price": "0.96", "size": "29.99", "side": "SELL", "hash": "c270dfab2cc75b6e62d15b5ac3635de7f23c0a8d", "best_bid": "0.04", "best_ask": "0.96"}], "timestamp": "1769384527872", "event_type": "price_change"}}
{"_local_timestamp": "2026-01-25T23:42:10.885532+00:00", "data": {"market": "0xb60dafb0f279355f3cb0e90d8f104251eea16cade455fbee26065f6a1a7f1705", "price_changes": [{"asset_id": "6783034260219852689485369170295749032060020034678422064426195110276496429145", "price": "0.03", "size": "0", "side": "BUY", "hash": "4489b0a860c521c872ad1eeab6700b0805d92967", "best_bid": "0.04", "best_ask": "0.96"}, {"asset_id": "20874128056338825407710368983473961183910770485403608543209460185653352280539", "price": "0.97", "size": "0", "side": "SELL", "hash": "b8d0ca8d9168f74aa54e8cb70f60463d2b33fd7a", "best_bid": "0.04", "best_ask": "0.96"}], "timestamp": "1769384530792", "event_type": "price_change"}}
{"_local_timestamp": "2026-01-25T23:42:11.222428+00:00", "data": {"market": "0xb60dafb0f279355f3cb0e90d8f104251eea16cade455fbee26065f6a1a7f1705", "price_changes": [{"asset_id": "6783034260219852689485369170295749032060020034678422064426195110276496429145", "price": "0.05", "size": "5.47", "side": "BUY", "hash": "c89d5dbf42d50fe29f957798ec2f2e708b537bb3", "best_bid": "0.05", "best_ask": "0.96"}, {"asset_id": "20874128056338825407710368983473961183910770485403608543209460185653352280539", "price": "0.95", "size": "5.47", "side": "SELL", "hash": "e9d98bb4aabdc605838f293d652aee0198ae9493", "best_bid": "0.04", "best_ask": "0.95"}], "timestamp": "1769384531154", "event_type": "price_change"}}
{"_local_timestamp": "2026-01-25T23:43:35.210850+00:00", "data": {"market": "0xb60dafb0f279355f3cb0e90d8f104251eea16cade455fbee26065f6a1a7f1705", "price_changes": [{"asset_id": "6783034260219852689485369170295749032060020034678422064426195110276496429145", "price": "0.04", "size": "0", "side": "BUY", "hash": "8a1daefcf4309fedb6dceef76fe8a44d0503473d", "best_bid": "0.05", "best_ask": "0.96"}, {"asset_id": "20874128056338825407710368983473961183910770485403608543209460185653352280539", "price": "0.96", "size": "0", "side": "SELL", "hash": "6d70c6fa50873fc079d6e9471bb418d548c4979c", "best_bid": "0.04", "best_ask": "0.95"}], "timestamp": "1769384615119", "event_type": "price_change"}}
{"_local_timestamp": "2026-01-25T23:43:39.925086+00:00", "data": {"market": "0xb60dafb0f279355f3cb0e90d8f104251eea16cade455fbee26065f6a1a7f1705", "price_changes": [{"asset_id": "6783034260219852689485369170295749032060020034678422064426195110276496429145", "price": "0.05", "size": "0", "side": "BUY", "hash": "31bf1ababb0329993d719e13f2dd99584fc4aba1", "best_bid": "0.02", "best_ask": "0.96"}, {"asset_id": "20874128056338825407710368983473961183910770485403608543209460185653352280539", "price": "0.95", "size": "0", "side": "SELL", "hash": "3744ccb2ecd16638893ccb9f63c38ebb1459b19c", "best_bid": "0.04", "best_ask": "0.98"}], "timestamp": "1769384619845", "event_type": "price_change"}}
{"_local_timestamp": "2026-01-25T23:43:40.307930+00:00", "data": {"market": "0xb60dafb0f279355f3cb0e90d8f104251eea16cade455fbee26065f6a1a7f1705", "price_changes": [{"asset_id": "6783034260219852689485369170295749032060020034678422064426195110276496429145", "price": "0.03", "size": "5.47", "side": "BUY", "hash": "1bc81d34fd099645a42119618f007e542d9c1a81", "best_bid": "0.03", "best_ask": "0.96"}, {"asset_id": "20874128056338825407710368983473961183910770485403608543209460185653352280539", "price": "0.97", "size": "5.47", "side": "SELL", "hash": "348853ab1fd0445d4cc949943504d9efc61dc26d", "best_bid": "0.04", "best_ask": "0.97"}], "timestamp": "1769384620227", "event_type": "price_change"}}
{"_local_timestamp": "2026-01-25T23:45:07.491659+00:00", "data": {"market": "0x816283b09afa8fb8775b7a31fffd910cd938b5542df0a53490869bbdddbd29e7", "price_changes": [{"asset_id": "1922098415263964459385620026458296193625196427559555571078566266668203852138", "price": "0.02", "size": "36.54", "side": "BUY", "hash": "a1266bbdd50aa9f1ac824d71362714fe1c99d9d1", "best_bid": "0.03", "best_ask": "0.96"}, {"asset_id": "15405520391799992626254133757374921230213697819500438919715689108143699473586", "price": "0.98", "size": "36.54", "side": "SELL", "hash": "1a5bd0c383ee17be6831c55edf9605581ade6a96", "best_bid": "0.04", "best_ask": "0.97"}], "timestamp": "1769384707425", "event_type": "price_change"}}
{"_local_timestamp": "2026-01-25T23:45:07.492595+00:00", "data": {"market": "0x816283b09afa8fb8775b7a31fffd910cd938b5542df0a53490869bbdddbd29e7", "price_changes": [{"asset_id": "1922098415263964459385620026458296193625196427559555571078566266668203852138", "price": "0.01", "size": "21853.45", "side": "BUY", "hash": "912e4c30f025b2a02681dbb479b17721c51ea9d5", "best_bid": "0.03", "best_ask": "0.96"}, {"asset_id": "15405520391799992626254133757374921230213697819500438919715689108143699473586", "price": "0.99", "size": "21853.45", "side": "SELL", "hash": "a8fe6ab58cdc04eade53fabdf7a38b16e35bce21", "best_bid": "0.04", "best_ask": "0.97"}], "timestamp": "1769384707425", "event_type": "price_change"}}
{"_local_timestamp": "2026-01-25T23:45:07.604408+00:00", "data": {"market": "0x816283b09afa8fb8775b7a31fffd910cd938b5542df0a53490869bbdddbd29e7", "price_changes": [{"asset_id": "1922098415263964459385620026458296193625196427559555571078566266668203852138", "price": "0.02", "size": "2226.65", "side": "BUY", "hash": "b646b7caa2a468c217208051359d395f5fded6fe", "best_bid": "0.03", "best_ask": "0.96"}, {"asset_id": "15405520391799992626254133757374921230213697819500438919715689108143699473586", "price": "0.98", "size": "2226.65", "side": "SELL", "hash": "4dd6ddbc3091f1a024cceb8dd57beab8c19d80d3", "best_bid": "0.04", "best_ask": "0.97"}], "timestamp": "1769384707541", "event_type": "price_change"}}
{"_local_timestamp": "2026-01-25T23:45:07.677685+00:00", "data": {"market": "0xb60dafb0f279355f3cb0e90d8f104251eea16cade455fbee26065f6a1a7f1705", "price_changes": [{"asset_id": "20874128056338825407710368983473961183910770485403608543209460185653352280539", "price": "0.01", "size": "21826.55", "side": "BUY", "hash": "bee3f1ea17b7510e0f15e5a6e635e6d2c3baa5d6", "best_bid": "0.04", "best_ask": "0.97"}, {"asset_id": "6783034260219852689485369170295749032060020034678422064426195110276496429145", "price": "0.99", "size": "21826.55", "side": "SELL", "hash": "98eb79945b5ef656fd0cc86c30339553a1538532", "best_bid": "0.03", "best_ask": "0.96"}], "timestamp": "1769384707606", "event_type": "price_change"}}
{"_local_timestamp": "2026-01-25T23:45:07.678214+00:00", "data": {"market": "0xb60dafb0f279355f3cb0e90d8f104251eea16cade455fbee26065f6a1a7f1705", "price_changes": [{"asset_id": "6783034260219852689485369170295749032060020034678422064426195110276496429145", "price": "0.02", "size": "2195.87", "side": "BUY", "hash": "db17d09b1bf4a121d362bb48e468aa52aeb08ddf", "best_bid": "0.03", "best_ask": "0.96"}, {"asset_id": "20874128056338825407710368983473961183910770485403608543209460185653352280539", "price": "0.98", "size": "2195.87", "side": "SELL", "hash": "3097857f168ff5d08b1c514bff1e55f2d5fdc0d6", "best_bid": "0.04", "best_ask": "0.97"}], "timestamp": "1769384707606", "event_type": "price_change"}}
{"_local_timestamp": "2026-01-25T23:45:08.556220+00:00", "data": {"market": "0xb60dafb0f279355f3cb0e90d8f104251eea16cade455fbee26065f6a1a7f1705", "price_changes": [{"asset_id": "20874128056338825407710368983473961183910770485403608543209460185653352280539", "price": "0.01", "size": "21853.48", "side": "BUY", "hash": "b4e7b4c86ddc91d8eab2217d73a5790582c6b078", "best_bid": "0.04", "best_ask": "0.97"}, {"asset_id": "6783034260219852689485369170295749032060020034678422064426195110276496429145", "price": "0.99", "size": "21853.48", "side": "SELL", "hash": "e1a696991bd5d79735c482a8a32f1bf6fd4fb8f1", "best_bid": "0.03", "best_ask": "0.96"}], "timestamp": "1769384708453", "event_type": "price_change"}}
{"_local_timestamp": "2026-01-25T23:45:10.562717+00:00", "data": {"market": "0xb60dafb0f279355f3cb0e90d8f104251eea16cade455fbee26065f6a1a7f1705", "price_changes": [{"asset_id": "6783034260219852689485369170295749032060020034678422064426195110276496429145", "price": "0.02", "size": "2202.9", "side": "BUY", "hash": "33e88097fdddb9593d0a3b69aa3280cc543001a5", "best_bid": "0.03", "best_ask": "0.96"}, {"asset_id": "20874128056338825407710368983473961183910770485403608543209460185653352280539", "price": "0.98", "size": "2202.9", "side": "SELL", "hash": "4010d024193359c9476e7cba2ca444d10f60259d", "best_bid": "0.04", "best_ask": "0.97"}], "timestamp": "1769384710498", "event_type": "price_change"}}
{"_local_timestamp": "2026-01-25T23:45:10.563196+00:00", "data": {"market": "0xb60dafb0f279355f3cb0e90d8f104251eea16cade455fbee26065f6a1a7f1705", "price_changes": [{"asset_id": "6783034260219852689485369170295749032060020034678422064426195110276496429145", "price": "0.03", "size": "21.3", "side": "BUY", "hash": "4312b4955535924f30f00a404691cc78470c9d29", "best_bid": "0.03", "best_ask": "0.96"}, {"asset_id": "20874128056338825407710368983473961183910770485403608543209460185653352280539", "price": "0.97", "size": "21.3", "side": "SELL", "hash": "d12517e2f90b5ea9e0516e8662a628cd83612186", "best_bid": "0.04", "best_ask": "0.97"}], "timestamp": "1769384710499", "event_type": "price_change"}}
{"_local_timestamp": "2026-01-25T23:45:10.820283+00:00", "data": {"market": "0xb60dafb0f279355f3cb0e90d8f104251eea16cade455fbee26065f6a1a7f1705", "price_changes": [{"asset_id": "6783034260219852689485369170295749032060020034678422064426195110276496429145", "price": "0.04", "size": "29.99", "side": "BUY", "hash": "b97a63bebfaf428b9c2c4415792dd3b4a825dc6d", "best_bid": "0.04", "best_ask": "0.96"}, {"asset_id": "20874128056338825407710368983473961183910770485403608543209460185653352280539", "price": "0.96", "size": "29.99", "side": "SELL", "hash": "a4b6582030e8ffa7bf2e9d0a5c9cc7185bcd9d0e", "best_bid": "0.04", "best_ask": "0.96"}], "timestamp": "1769384710748", "event_type": "price_change"}}
{"_local_timestamp": "2026-01-25T23:45:11.894472+00:00", "data": {"market": "0xb60dafb0f279355f3cb0e90d8f104251eea16cade455fbee26065f6a1a7f1705", "price_changes": [{"asset_id": "6783034260219852689485369170295749032060020034678422064426195110276496429145", "price": "0.03", "size": "15.83", "side": "BUY", "hash": "5536ba632f4bea884b680c3fd31c6f3244aca86b", "best_bid": "0.04", "best_ask": "0.96"}, {"asset_id": "20874128056338825407710368983473961183910770485403608543209460185653352280539", "price": "0.97", "size": "15.83", "side": "SELL", "hash": "6c810e60e3aebf3eb5fe45002dee21250da724f0", "best_bid": "0.04", "best_ask": "0.96"}], "timestamp": "1769384711810", "event_type": "price_change"}}
{"_local_timestamp": "2026-01-25T23:45:12.432910+00:00", "data": {"market": "0xb60dafb0f279355f3cb0e90d8f104251eea16cade455fbee26065f6a1a7f1705", "price_changes": [{"asset_id": "6783034260219852689485369170295749032060020034678422064426195110276496429145", "price": "0.05", "size": "5.47", "side": "BUY", "hash": "72185a74681e25e7ac192232914a2fc548b2bee2", "best_bid": "0.05", "best_ask": "0.96"}, {"asset_id": "20874128056338825407710368983473961183910770485403608543209460185653352280539", "price": "0.95", "size": "5.47", "side": "SELL", "hash": "565cd37baf2cdd10c97dad521f71854842c87539", "best_bid": "0.04", "best_ask": "0.95"}], "timestamp": "1769384712343", "event_type": "price_change"}}
{"_local_timestamp": "2026-01-25T23:46:46.953376+00:00", "data": {"market": "0xb60dafb0f279355f3cb0e90d8f104251eea16cade455fbee26065f6a1a7f1705", "price_changes": [{"asset_id": "6783034260219852689485369170295749032060020034678422064426195110276496429145", "price": "0.04", "size": "0", "side": "BUY", "hash": "7f894af4a29ec8f54af0ec5f353675cc4e94604e", "best_bid": "0.05", "best_ask": "0.96"}, {"asset_id": "20874128056338825407710368983473961183910770485403608543209460185653352280539", "price": "0.96", "size": "0", "side": "SELL", "hash": "551d9f2e0082f1ac7ea5422abcac62fe5554b1cd", "best_bid": "0.04", "best_ask": "0.95"}], "timestamp": "1769384806882", "event_type": "price_change"}}
{"_local_timestamp": "2026-01-25T23:46:49.099815+00:00", "data": {"market": "0x816283b09afa8fb8775b7a31fffd910cd938b5542df0a53490869bbdddbd29e7", "price_changes": [{"asset_id": "1922098415263964459385620026458296193625196427559555571078566266668203852138", "price": "0.04", "size": "29.99", "side": "BUY", "hash": "8d80cb9244006089da2de513983c10ce5a005fc8", "best_bid": "0.04", "best_ask": "0.96"}, {"asset_id": "15405520391799992626254133757374921230213697819500438919715689108143699473586", "price": "0.96", "size": "29.99", "side": "SELL", "hash": "065db48ea256ee4c7b82e7a7e556d4a949316cee", "best_bid": "0.04", "best_ask": "0.96"}], "timestamp": "1769384809029", "event_type": "price_change"}}
{"_local_timestamp": "2026-01-25T23:46:49.462309+00:00", "data": {"market": "0x5140fa1a0a308d463f27cf70eb9d469ccf07c055e6fbad19c38702533d71e516", "price_changes": [{"asset_id": "92540576213207870627362137462415519058938244414036662588260726981353640428737", "price": "0.04", "size": "29.99", "side": "BUY", "hash": "6320237f734d815a9d819dd90b1494d06161ce13", "best_bid": "0.04", "best_ask": "0.96"}, {"asset_id": "107194712323133987538140428825275677095886921046155341460065104412992238050320", "price": "0.96", "size": "29.99", "side": "SELL", "hash": "0eaba655dadc4a46e39d198a00e32e76304d9a1d", "best_bid": "0.04", "best_ask": "0.96"}], "timestamp": "1769384809393", "event_type": "price_change"}}
{"_local_timestamp": "2026-01-25T23:46:50.071695+00:00", "data": {"market": "0xb60dafb0f279355f3cb0e90d8f104251eea16cade455fbee26065f6a1a7f1705", "price_changes": [{"asset_id": "6783034260219852689485369170295749032060020034678422064426195110276496429145", "price": "0.05", "size": "0", "side": "BUY", "hash": "943ba217ba1d1f8f5e940e1ee898bbf17d11a02c", "best_bid": "0.03", "best_ask": "0.96"}, {"asset_id": "20874128056338825407710368983473961183910770485403608543209460185653352280539", "price": "0.95", "size": "0", "side": "SELL", "hash": "fcda0f9af01ed19187b6b1c8fba44c627066a0cb", "best_bid": "0.04", "best_ask": "0.97"}], "timestamp": "1769384809945", "event_type": "price_change"}}
{"_local_timestamp": "2026-01-25T23:46:50.072275+00:00", "data": {"market": "0x816283b09afa8fb8775b7a31fffd910cd938b5542df0a53490869bbdddbd29e7", "price_changes": [{"asset_id": "1922098415263964459385620026458296193625196427559555571078566266668203852138", "price": "0.03", "size": "0", "side": "BUY", "hash": "9cf0dd10ebf77ec2e590c1d8b4df974f12e89dda", "best_bid": "0.04", "best_ask": "0.96"}, {"asset_id": "15405520391799992626254133757374921230213697819500438919715689108143699473586", "price": "0.97", "size": "0", "side": "SELL", "hash": "e032150e4d5ed95d5a1ca2c9fc270c2812e2bde2", "best_bid": "0.04", "best_ask": "0.96"}], "timestamp": "1769384809945", "event_type": "price_change"}}
{"_local_timestamp": "2026-01-25T23:46:50.075636+00:00", "data": {"market": "0x5140fa1a0a308d463f27cf70eb9d469ccf07c055e6fbad19c38702533d71e516", "price_changes": [{"asset_id": "92540576213207870627362137462415519058938244414036662588260726981353640428737", "price": "0.03", "size": "0", "side": "BUY", "hash": "0a87011b7e7afcf580a83029101651b526edb9da", "best_bid": "0.04", "best_ask": "0.96"}, {"asset_id": "107194712323133987538140428825275677095886921046155341460065104412992238050320", "price": "0.97", "size": "0", "side": "SELL", "hash": "4cc91f0896952d656d30e7561d9d75c1e0eba070", "best_bid": "0.04", "best_ask": "0.96"}], "timestamp": "1769384809945", "event_type": "price_change"}}
{"_local_timestamp": "2026-01-25T23:46:50.465043+00:00", "data": {"market": "0xb60dafb0f279355f3cb0e90d8f104251eea16cade455fbee26065f6a1a7f1705", "price_changes": [{"asset_id": "6783034260219852689485369170295749032060020034678422064426195110276496429145", "price": "0.04", "size": "5.47", "side": "BUY", "hash": "4363a3b787961778f581a00fbbf859da4727b1cb", "best_bid": "0.04", "best_ask": "0.96"}, {"asset_id": "20874128056338825407710368983473961183910770485403608543209460185653352280539", "price": "0.96", "size": "5.47", "side": "SELL", "hash": "ebc7de392628741c4d87024d9254b5e7985fa53b", "best_bid": "0.04", "best_ask": "0.96"}], "timestamp": "1769384810394", "event_type": "price_change"}}
{"_local_timestamp": "2026-01-25T23:46:50.465606+00:00", "data": {"market": "0x5140fa1a0a308d463f27cf70eb9d469ccf07c055e6fbad19c38702533d71e516", "price_changes": [{"asset_id": "92540576213207870627362137462415519058938244414036662588260726981353640428737", "price": "0.05", "size": "5.47", "side": "BUY", "hash": "dc7694eaa39adbe217178d8df036cffe95b5d9ed", "best_bid": "0.05", "best_ask": "0.96"}, {"asset_id": "107194712323133987538140428825275677095886921046155341460065104412992238050320", "price": "0.95", "size": "5.47", "side": "SELL", "hash": "19435d57afb8e26638e554227207891525b0fe83", "best_bid": "0.04", "best_ask": "0.95"}], "timestamp": "1769384810394", "event_type": "price_change"}}
{"_local_timestamp": "2026-01-25T23:46:50.466046+00:00", "data": {"market": "0x816283b09afa8fb8775b7a31fffd910cd938b5542df0a53490869bbdddbd29e7", "price_changes": [{"asset_id": "1922098415263964459385620026458296193625196427559555571078566266668203852138", "price": "0.05", "size": "5.47", "side": "BUY", "hash": "509a676203ad70d47b2ff013b1d3cdfb1531aa52", "best_bid": "0.05", "best_ask": "0.96"}, {"asset_id": "15405520391799992626254133757374921230213697819500438919715689108143699473586", "price": "0.95", "size": "5.47", "side": "SELL", "hash": "56736b2b957142149b30a91d04228b444fc5838c", "best_bid": "0.04", "best_ask": "0.95"}], "timestamp": "1769384810394", "event_type": "price_change"}}
{"_local_timestamp": "2026-01-25T23:48:18.433915+00:00", "data": {"market": "0x816283b09afa8fb8775b7a31fffd910cd938b5542df0a53490869bbdddbd29e7", "price_changes": [{"asset_id": "1922098415263964459385620026458296193625196427559555571078566266668203852138", "price": "0.04", "size": "0", "side": "BUY", "hash": "f58336c6f9ec3d5299024b3c300fa3be112bdcc7", "best_bid": "0.05", "best_ask": "0.96"}, {"asset_id": "15405520391799992626254133757374921230213697819500438919715689108143699473586", "price": "0.96", "size": "0", "side": "SELL", "hash": "c76988c124acc5bef14dc8b34fee59d8083cd845", "best_bid": "0.04", "best_ask": "0.95"}], "timestamp": "1769384898190", "event_type": "price_change"}}
{"_local_timestamp": "2026-01-25T23:48:18.519336+00:00", "data": {"market": "0x5140fa1a0a308d463f27cf70eb9d469ccf07c055e6fbad19c38702533d71e516", "price_changes": [{"asset_id": "92540576213207870627362137462415519058938244414036662588260726981353640428737", "price": "0.04", "size": "0", "side": "BUY", "hash": "0e0986babd596f2a70c97a1d57f0357bf2ed498d", "best_bid": "0.05", "best_ask": "0.96"}, {"asset_id": "107194712323133987538140428825275677095886921046155341460065104412992238050320", "price": "0.96", "size": "0", "side": "SELL", "hash": "55b813e5d139f51ae669c79a2779a19eedc485a2", "best_bid": "0.04", "best_ask": "0.95"}], "timestamp": "1769384898284", "event_type": "price_change"}}
{"_local_timestamp": "2026-01-25T23:48:19.193881+00:00", "data": {"market": "0xb60dafb0f279355f3cb0e90d8f104251eea16cade455fbee26065f6a1a7f1705", "price_changes": [{"asset_id": "6783034260219852689485369170295749032060020034678422064426195110276496429145", "price": "0.05", "size": "23.99", "side": "BUY", "hash": "d640974b2ed20128635549b1be07d2f8567b0194", "best_bid": "0.05", "best_ask": "0.96"}, {"asset_id": "20874128056338825407710368983473961183910770485403608543209460185653352280539", "price": "0.95", "size": "23.99", "side": "SELL", "hash": "2417e64140568601c6b418be964dc9c24f09d3bd", "best_bid": "0.04", "best_ask": "0.95"}], "timestamp": "1769384898953", "event_type": "price_change"}}
{"_local_timestamp": "2026-01-25T23:48:21.885229+00:00", "data": {"market": "0x816283b09afa8fb8775b7a31fffd910cd938b5542df0a53490869bbdddbd29e7", "price_changes": [{"asset_id": "1922098415263964459385620026458296193625196427559555571078566266668203852138", "price": "0.05", "size": "0", "side": "BUY", "hash": "90a5ec351480b74ad1a675dadd167f1a3de7cd2d", "best_bid": "0.02", "best_ask": "0.96"}, {"asset_id": "15405520391799992626254133757374921230213697819500438919715689108143699473586", "price": "0.95", "size": "0", "side": "SELL", "hash": "9ca605906499fedc074fbec8ff4c608e18e93774", "best_bid": "0.04", "best_ask": "0.98"}], "timestamp": "1769384901682", "event_type": "price_change"}}
{"_local_timestamp": "2026-01-25T23:48:21.905940+00:00", "data": {"market": "0xb60dafb0f279355f3cb0e90d8f104251eea16cade455fbee26065f6a1a7f1705", "price_changes": [{"asset_id": "6783034260219852689485369170295749032060020034678422064426195110276496429145", "price": "0.04", "size": "0", "side": "BUY", "hash": "448e8b9281e5440f9d557910f6d306fecce83ed5", "best_bid": "0.05", "best_ask": "0.96"}, {"asset_id": "20874128056338825407710368983473961183910770485403608543209460185653352280539", "price": "0.96", "size": "0", "side": "SELL", "hash": "5bcb4e61a33c910913ce3b46eafd65f583e5bdfb", "best_bid": "0.04", "best_ask": "0.95"}], "timestamp": "1769384901682", "event_type": "price_change"}}
{"_local_timestamp": "2026-01-25T23:48:21.908928+00:00", "data": {"market": "0x5140fa1a0a308d463f27cf70eb9d469ccf07c055e6fbad19c38702533d71e516", "price_changes": [{"asset_id": "92540576213207870627362137462415519058938244414036662588260726981353640428737", "price": "0.05", "size": "0", "side": "BUY", "hash": "7b7c7e75dac6b62c2f9ec400d5a9671364f06d79", "best_bid": "0.02", "best_ask": "0.96"}, {"asset_id": "107194712323133987538140428825275677095886921046155341460065104412992238050320", "price": "0.95", "size": "0", "side": "SELL", "hash": "284ffc411ff719b9234c0c26911c177c942e3b4d", "best_bid": "0.04", "best_ask": "0.98"}], "timestamp": "1769384901682", "event_type": "price_change"}}
{"_local_timestamp": "2026-01-25T23:48:22.580562+00:00", "data": {"market": "0x816283b09afa8fb8775b7a31fffd910cd938b5542df0a53490869bbdddbd29e7", "price_changes": [{"asset_id": "1922098415263964459385620026458296193625196427559555571078566266668203852138", "price": "0.03", "size": "5.47", "side": "BUY", "hash": "b010cc9942aeb243390d4ac3add8c949348bd0bc", "best_bid": "0.03", "best_ask": "0.96"}, {"asset_id": "15405520391799992626254133757374921230213697819500438919715689108143699473586", "price": "0.97", "size": "5.47", "side": "SELL", "hash": "47fa893feea89bc7d44904e40e85d6d8d988315a", "best_bid": "0.04", "best_ask": "0.97"}], "timestamp": "1769384902355", "event_type": "price_change"}}
{"_local_timestamp": "2026-01-25T23:48:22.581140+00:00", "data": {"market": "0xb60dafb0f279355f3cb0e90d8f104251eea16cade455fbee26065f6a1a7f1705", "price_changes": [{"asset_id": "6783034260219852689485369170295749032060020034678422064426195110276496429145", "price": "0.06", "size": "5.47", "side": "BUY", "hash": "f4fb245f09ce72508e0b058eeed504e80bf7d33a", "best_bid": "0.06", "best_ask": "0.96"}, {"asset_id": "20874128056338825407710368983473961183910770485403608543209460185653352280539", "price": "0.94", "size": "5.47", "side": "SELL", "hash": "19afa9064f79e952398e67baf52376aeb33cee96", "best_bid": "0.04", "best_ask": "0.94"}], "timestamp": "1769384902355", "event_type": "price_change"}}
{"_local_timestamp": "2026-01-25T23:48:22.581647+00:00", "data": {"market": "0x5140fa1a0a308d463f27cf70eb9d469ccf07c055e6fbad19c38702533d71e516", "price_changes": [{"asset_id": "92540576213207870627362137462415519058938244414036662588260726981353640428737", "price": "0.03", "size": "5.47", "side": "BUY", "hash": "c2b4b328406494c5feeddd44a30fb5625fe954ff", "best_bid": "0.03", "best_ask": "0.96"}, {"asset_id": "107194712323133987538140428825275677095886921046155341460065104412992238050320", "price": "0.97", "size": "5.47", "side": "SELL", "hash": "5023f12a36ac59d6641641413406ef2f483a7eee", "best_bid": "0.04", "best_ask": "0.97"}], "timestamp": "1769384902355", "event_type": "price_change"}}
{"_local_timestamp": "2026-01-25T23:49:14.316854+00:00", "data": {"market": "0x816283b09afa8fb8775b7a31fffd910cd938b5542df0a53490869bbdddbd29e7", "price_changes": [{"asset_id": "1922098415263964459385620026458296193625196427559555571078566266668203852138", "price": "0.02", "size": "2199.03", "side": "BUY", "hash": "583de217316f6c949ee834e5f74fc0bc6b6edda7", "best_bid": "0.03", "best_ask": "0.96"}, {"asset_id": "15405520391799992626254133757374921230213697819500438919715689108143699473586", "price": "0.98", "size": "2199.03", "side": "SELL", "hash": "7fcc4664147eb0cca8a3a51920bae7afdc2dd0c3", "best_bid": "0.04", "best_ask": "0.97"}], "timestamp": "1769384954250", "event_type": "price_change"}}
{"_local_timestamp": "2026-01-25T23:49:14.317466+00:00", "data": {"market": "0xb60dafb0f279355f3cb0e90d8f104251eea16cade455fbee26065f6a1a7f1705", "price_changes": [{"asset_id": "6783034260219852689485369170295749032060020034678422064426195110276496429145", "price": "0.01", "size": "21841.34", "side": "BUY", "hash": "4b550471123647189e859599b624027ef27500f5", "best_bid": "0.06", "best_ask": "0.96"}, {"asset_id": "20874128056338825407710368983473961183910770485403608543209460185653352280539", "price": "0.99", "size": "21841.34", "side": "SELL", "hash": "6b85c7bf29da453c34f505cd75af83a9d08fff67", "best_bid": "0.04", "best_ask": "0.94"}], "timestamp": "1769384954250", "event_type": "price_change"}}
{"_local_timestamp": "2026-01-25T23:49:14.317997+00:00", "data": {"market": "0xb60dafb0f279355f3cb0e90d8f104251eea16cade455fbee26065f6a1a7f1705", "price_changes": [{"asset_id": "6783034260219852689485369170295749032060020034678422064426195110276496429145", "price": "0.02", "size": "2195.87", "side": "BUY", "hash": "4b550471123647189e859599b624027ef27500f5", "best_bid": "0.06", "best_ask": "0.96"}, {"asset_id": "20874128056338825407710368983473961183910770485403608543209460185653352280539", "price": "0.98", "size": "2195.87", "side": "SELL", "hash": "6b85c7bf29da453c34f505cd75af83a9d08fff67", "best_bid": "0.04", "best_ask": "0.94"}], "timestamp": "1769384954250", "event_type": "price_change"}}
{"_local_timestamp": "2026-01-25T23:49:14.320252+00:00", "data": {"market": "0xb60dafb0f279355f3cb0e90d8f104251eea16cade455fbee26065f6a1a7f1705", "price_changes": [{"asset_id": "6783034260219852689485369170295749032060020034678422064426195110276496429145", "price": "0.03", "size": "0", "side": "BUY", "hash": "4b550471123647189e859599b624027ef27500f5", "best_bid": "0.06", "best_ask": "0.96"}, {"asset_id": "20874128056338825407710368983473961183910770485403608543209460185653352280539", "price": "0.97", "size": "0", "side": "SELL", "hash": "6b85c7bf29da453c34f505cd75af83a9d08fff67", "best_bid": "0.04", "best_ask": "0.94"}], "timestamp": "1769384954250", "event_type": "price_change"}}
{"_local_timestamp": "2026-01-25T23:49:14.320827+00:00", "data": {"market": "0xb60dafb0f279355f3cb0e90d8f104251eea16cade455fbee26065f6a1a7f1705", "price_changes": [{"asset_id": "20874128056338825407710368983473961183910770485403608543209460185653352280539", "price": "0.01", "size": "21826.55", "side": "BUY", "hash": "f447626829980be5bb46fc75e42f2b754ae971bb", "best_bid": "0.04", "best_ask": "0.94"}, {"asset_id": "6783034260219852689485369170295749032060020034678422064426195110276496429145", "price": "0.99", "size": "21826.55", "side": "SELL", "hash": "d370f07a457b4054f00f243fff6898aee7cc05f1", "best_bid": "0.06", "best_ask": "0.96"}], "timestamp": "1769384954250", "event_type": "price_change"}}
{"_local_timestamp": "2026-01-25T23:49:14.865794+00:00", "data": {"market": "0xb60dafb0f279355f3cb0e90d8f104251eea16cade455fbee26065f6a1a7f1705", "price_changes": [{"asset_id": "6783034260219852689485369170295749032060020034678422064426195110276496429145", "price": "0.06", "size": "11.15", "side": "BUY", "hash": "b63ecfa963aa68bebb393475dd79b5881f76bf3f", "best_bid": "0.06", "best_ask": "0.96"}, {"asset_id": "20874128056338825407710368983473961183910770485403608543209460185653352280539", "price": "0.94", "size": "11.15", "side": "SELL", "hash": "9ea02a773fae86632940541428a5bd475e80e1c3", "best_bid": "0.04", "best_ask": "0.94"}], "timestamp": "1769384954790", "event_type": "price_change"}}
{"_local_timestamp": "2026-01-25T23:49:14.866352+00:00", "data": {"market": "0x816283b09afa8fb8775b7a31fffd910cd938b5542df0a53490869bbdddbd29e7", "price_changes": [{"asset_id": "1922098415263964459385620026458296193625196427559555571078566266668203852138", "price": "0.03", "size": "23.88", "side": "BUY", "hash": "adc241cacdca6ae7dfad7e539782d36f4c7f508b", "best_bid": "0.03", "best_ask": "0.96"}, {"asset_id": "15405520391799992626254133757374921230213697819500438919715689108143699473586", "price": "0.97", "size": "23.88", "side": "SELL", "hash": "1fee8a7b2052ce6629224654f1a171895dea5e11", "best_bid": "0.04", "best_ask": "0.97"}], "timestamp": "1769384954790", "event_type": "price_change"}}
{"_local_timestamp": "2026-01-25T23:49:14.866829+00:00", "data": {"market": "0xb60dafb0f279355f3cb0e90d8f104251eea16cade455fbee26065f6a1a7f1705", "price_changes": [{"asset_id": "20874128056338825407710368983473961183910770485403608543209460185653352280539", "price": "0.01", "size": "21853.48", "side": "BUY", "hash": "c6b11a6e69c551abe31f7bc911e012c4fdc1cef5", "best_bid": "0.04", "best_ask": "0.94"}, {"asset_id": "6783034260219852689485369170295749032060020034678422064426195110276496429145", "price": "0.99", "size": "21853.48", "side": "SELL", "hash": "b5b085f93a3b26d181e6fe1603a71a616f3787fc", "best_bid": "0.06", "best_ask": "0.96"}], "timestamp": "1769384954791", "event_type": "price_change"}}
{"_local_timestamp": "2026-01-25T23:49:14.867289+00:00", "data": {"market": "0xb60dafb0f279355f3cb0e90d8f104251eea16cade455fbee26065f6a1a7f1705", "price_changes": [{"asset_id": "6783034260219852689485369170295749032060020034678422064426195110276496429145", "price": "0.03", "size": "13.2", "side": "BUY", "hash": "5c67cb90266dd15657ab987db65481fceb7fc6bd", "best_bid": "0.06", "best_ask": "0.96"}, {"asset_id": "20874128056338825407710368983473961183910770485403608543209460185653352280539", "price": "0.97", "size": "13.2", "side": "SELL", "hash": "8836df8199bbd69634571b377c93d6f70d192623", "best_bid": "0.04", "best_ask": "0.94"}], "timestamp": "1769384954792", "event_type": "price_change"}}
{"_local_timestamp": "2026-01-25T23:49:43.231055+00:00", "data": {"market": "0xb60dafb0f279355f3cb0e90d8f104251eea16cade455fbee26065f6a1a7f1705", "price_changes": [{"asset_id": "6783034260219852689485369170295749032060020034678422064426195110276496429145", "price": "0.05", "size": "0", "side": "BUY", "hash": "c1522ce614710c48334a3bdaafb053a2cdaac414", "best_bid": "0.06", "best_ask": "0.96"}, {"asset_id": "20874128056338825407710368983473961183910770485403608543209460185653352280539", "price": "0.95", "size": "0", "side": "SELL", "hash": "f06a5b517e102bad1cfb07a3eca1867ca3d16670", "best_bid": "0.04", "best_ask": "0.94"}], "timestamp": "1769384983130", "event_type": "price_change"}}
{"_local_timestamp": "2026-01-25T23:49:43.345701+00:00", "data": {"market": "0xb60dafb0f279355f3cb0e90d8f104251eea16cade455fbee26065f6a1a7f1705", "price_changes": [{"asset_id": "6783034260219852689485369170295749032060020034678422064426195110276496429145", "price": "0.02", "size": "5.76", "side": "BUY", "hash": "231e95add4ae0a08c426b16955aa5aa6034d3284", "best_bid": "0.06", "best_ask": "0.96"}, {"asset_id": "20874128056338825407710368983473961183910770485403608543209460185653352280539", "price": "0.98", "size": "5.76", "side": "SELL", "hash": "fec81319413ca0ad3c9170d5491f4aa6750fadf5", "best_bid": "0.04", "best_ask": "0.94"}], "timestamp": "1769384983276", "event_type": "price_change"}}
{"_local_timestamp": "2026-01-25T23:49:44.207298+00:00", "data": {"market": "0x816283b09afa8fb8775b7a31fffd910cd938b5542df0a53490869bbdddbd29e7", "price_changes": [{"asset_id": "1922098415263964459385620026458296193625196427559555571078566266668203852138", "price": "0.04", "size": "29.99", "side": "BUY", "hash": "2db33964af160f4c6d1d6bf68aa45ca5170c6c3e", "best_bid": "0.04", "best_ask": "0.96"}, {"asset_id": "15405520391799992626254133757374921230213697819500438919715689108143699473586", "price": "0.96", "size": "29.99", "side": "SELL", "hash": "42053afe15e03dd939befb00094d127669aada5a", "best_bid": "0.04", "best_ask": "0.96"}], "timestamp": "1769384984129", "event_type": "price_change"}}
{"_local_timestamp": "2026-01-25T23:49:44.302105+00:00", "data": {"market": "0x5140fa1a0a308d463f27cf70eb9d469ccf07c055e6fbad19c38702533d71e516", "price_changes": [{"asset_id": "92540576213207870627362137462415519058938244414036662588260726981353640428737", "price": "0.04", "size": "29.99", "side": "BUY", "hash": "e589edf0af7b847f9cc9c288ce6e4817fd5e8cbd", "best_bid": "0.04", "best_ask": "0.96"}, {"asset_id": "107194712323133987538140428825275677095886921046155341460065104412992238050320", "price": "0.96", "size": "29.99", "side": "SELL", "hash": "540ba07fe2d61543988b69562703e6845766d150", "best_bid": "0.04", "best_ask": "0.96"}], "timestamp": "1769384984235", "event_type": "price_change"}}
{"_local_timestamp": "2026-01-25T23:49:46.662131+00:00", "data": {"market": "0x5140fa1a0a308d463f27cf70eb9d469ccf07c055e6fbad19c38702533d71e516", "price_changes": [{"asset_id": "92540576213207870627362137462415519058938244414036662588260726981353640428737", "price": "0.03", "size": "0", "side": "BUY", "hash": "f68ec3ac51f609735d44325324fe00be6405f632", "best_bid": "0.04", "best_ask": "0.96"}, {"asset_id": "107194712323133987538140428825275677095886921046155341460065104412992238050320", "price": "0.97", "size": "0", "side": "SELL", "hash": "af3f6742f3d53fd1bd352feabc1199e1e97c0499", "best_bid": "0.04", "best_ask": "0.96"}], "timestamp": "1769384986576", "event_type": "price_change"}}
{"_local_timestamp": "2026-01-25T23:49:46.662705+00:00", "data": {"market": "0x816283b09afa8fb8775b7a31fffd910cd938b5542df0a53490869bbdddbd29e7", "price_changes": [{"asset_id": "1922098415263964459385620026458296193625196427559555571078566266668203852138", "price": "0.03", "size": "18.41", "side": "BUY", "hash": "8fce011e680669fa4fe47d74b68058fa46d40bb3", "best_bid": "0.04", "best_ask": "0.96"}, {"asset_id": "15405520391799992626254133757374921230213697819500438919715689108143699473586", "price": "0.97", "size": "18.41", "side": "SELL", "hash": "a9c3084ec52bc203cb32c037bfec59c89ef1ce5b", "best_bid": "0.04", "best_ask": "0.96"}], "timestamp": "1769384986576", "event_type": "price_change"}}
{"_local_timestamp": "2026-01-25T23:49:46.964075+00:00", "data": {"market": "0x816283b09afa8fb8775b7a31fffd910cd938b5542df0a53490869bbdddbd29e7", "price_changes": [{"asset_id": "1922098415263964459385620026458296193625196427559555571078566266668203852138", "price": "0.05", "size": "5.47", "side": "BUY", "hash": "f20ce9bb2bcdb0b97f9567bfc436702d6bd93804", "best_bid": "0.05", "best_ask": "0.96"}, {"asset_id": "15405520391799992626254133757374921230213697819500438919715689108143699473586", "price": "0.95", "size": "5.47", "side": "SELL", "hash": "083460b2f441c42098ea37ed22eafa57298e4d33", "best_bid": "0.04", "best_ask": "0.95"}], "timestamp": "1769384986891", "event_type": "price_change"}}
{"_local_timestamp": "2026-01-25T23:49:46.964880+00:00", "data": {"market": "0x5140fa1a0a308d463f27cf70eb9d469ccf07c055e6fbad19c38702533d71e516", "price_changes": [{"asset_id": "92540576213207870627362137462415519058938244414036662588260726981353640428737", "price": "0.05", "size": "5.47", "side": "BUY", "hash": "3efec2494ce24441192ddd0b2661944cef828475", "best_bid": "0.05", "best_ask": "0.96"}, {"asset_id": "107194712323133987538140428825275677095886921046155341460065104412992238050320", "price": "0.95", "size": "5.47", "side": "SELL", "hash": "3920f207eab9a0b9a95c7695a1ce9e1167ee1aa1", "best_bid": "0.04", "best_ask": "0.95"}], "timestamp": "1769384986891", "event_type": "price_change"}}
