{"_local_timestamp": "2026-01-25T23:41:26.370436+00:00", "data": [{"market": "0x0b77bd5585ff7f929955a3ce6a68e6b48328df3bb64923b617aefa8f6be1fd52", "asset_id": "51657094190059617215194825618870626611336181100728987816480256949346180297932", "timestamp": "1769384262863", "hash": "37b972aeceb6b8a1fc024bab0441dd844fd93580", "bids": [{"price": "0.01", "size": "192.98"}, {"price": "0.02", "size": "232.3"}, {"price": "0.03", "size": "9.74"}, {"price": "0.06", "size": "13.33"}], "asks": [{"price": "0.99", "size": "202.04"}, {"price": "0.98", "size": "200.48"}, {"price": "0.97", "size": "18.99"}, {"price": "0.96", "size": "29.99"}], "event_type": "book", "last_trade_price": ""}, {"market": "0x135431f969afcfee1599aa59f3b40e641ab1c17fb699073a4e3d5f27a0e9acc4", "asset_id": "75776873381761227572901519483606516856561539158706314669539847826342596248773", "timestamp": "1769382909170", "hash": "f39441c4fce4887566f87b5d866d27120ce5cbf3", "bids": [{"price": "0.01", "size": "253.54"}, {"price": "0.02", "size": "159.99"}, {"price": "0.03", "size": "86.99"}, {"price": "0.04", "size": "39.24"}], "asks": [{"price": "0.99", "size": "253.54"}, {"price": "0.98", "size": "159.99"}, {"price": "0.97", "size": "81.99"}, {"price": "0.96", "size": "44.71"}], "event_type": "book", "last_trade_price": ""}, {"market": "0x8b1ba9f13bb06b763910ff653d4e908d2dbd7fc11f9055be4c66499220f44b21", "asset_id": "98175964650418129102844977709403576488804729503425803937853592820860724824073", "timestamp": "1769382453093", "hash": "fa989cb305097a279b2fff82919780134177fcf9", "bids": [{"price": "0.01", "size": "202.04"}, {"price": "0.02", "size": "200.48"}, {"price": "0.03", "size": "18.99"}, {"price": "0.04", "size": "29.99"}], "asks": [{"price": "0.99", "size": "202.04"}, {"price": "0.98", "size": "159.99"}, {"price": "0.97", "size": "81.99"}, {"price": "0.96", "size": "44.71"}], "event_type": "book", "last_trade_price": ""}, {"market": "0xdab71b468743bbc2ef6192a070d4226aec24e4991b17db2b468ec87cc1e081fc", "asset_id": "5424176775364101992760963188655270009927011533201766694637619480603206223337", "timestamp": "1769381804152", "hash": "74c5fc0bc748b158f12c505becc46c661a12f457", "bids": [{"price": "0.01", "size": "2889.81"}, {"price": "0.02", "size": "1450"}, {"price": "0.03", "size": "30.06"}, {"price": "0.25", "size": "300"}, {"price": "0.29", "size": "200"}, {"price": "0.31", "size": "125"}, {"price": "0.32", "size": "62"}, {"price": "0.33", "size": "75"}, {"price": "0.5", "size": "20"}, {"price": "0.69", "size": "50"}], "asks": [{"price": "0.99", "size": "919.76"}, {"price": "0.98", "size": "486.32"}, {"price": "0.97", "size": "59.47"}], "event_type": "book", "last_trade_price": ""}, {"market": "0x135431f969afcfee1599aa59f3b40e641ab1c17fb699073a4e3d5f27a0e9acc4", "asset_id": "36168959134844557229308188535307498858233886595217979486199904843244873449141", "timestamp": "1769382909170", "hash": "bb13f8825b07e4b306b17b0618279477a3cb28ac", "bids": [{"price": "0.01", "size": "253.54"}, {"price": "0.02", "size": "159.99"}, {"price": "0.03", "size": "81.99"}, {"price": "0.04", "size": "44.71"}], "asks": [{"price": "0.99", "size": "253.54"}, {"price": "0.98", "size": "159.99"}, {"price": "0.97", "size": "86.99"}, {"price": "0.96", "size": "39.24"}], "event_type": "book", "last_trade_price": ""}, {"market": "0x8b1ba9f13bb06b763910ff653d4e908d2dbd7fc11f9055be4c66499220f44b21", "asset_id": "40639968323883971562828176361841426447368738056098709346958617898053733974365", "timestamp": "1769382453093", "hash": "9cf77637d9b6c55b6d72e2f47e01327f92e89932", "bids": [{"price": "0.01", "size": "202.04"}, {"price": "0.02", "size": "159.99"}, {"price": "0.03", "size": "81.99"}, {"price": "0.04", "size": "44.71"}], "asks": [{"price": "0.99", "size": "202.04"}, {"price": "0.98", "size": "200.48"}, {"price": "0.97", "size": "18.99"}, {"price": "0.96", "size": "29.99"}], "event_type": "book", "last_trade_price": ""}, {"market": "0x2b65719e89ae64146fba3bfbf61571847cf3c35a34057965e695d1a38464e6fe", "asset_id": "12255073065335387750467403263032933012283033873325189930747949188964259660358", "timestamp": "1769384177933", "hash": "9dfd6861e946f16b381a96753b06cd345e726a6a", "bids": [{"price": "0.01", "size": "201.31"}, {"price": "0.02", "size": "245.06"}, {"price": "0.03", "size": "8.96"}, {"price": "0.05", "size": "13.8"}], "asks": [{"price": "0.99", "size": "202.04"}, {"price": "0.98", "size": "200.48"}, {"price": "0.97", "size": "18.99"}, {"price": "0.96", "size": "29.99"}], "event_type": "book", "last_trade_price": ""}, {"market": "0x2b65719e89ae64146fba3bfbf61571847cf3c35a34057965e695d1a38464e6fe", "asset_id": "7380958487783781383236108809808156113104540427356086304362058818702102892525", "timestamp": "1769384177933", "hash": "4827e2d427b20a2ab6ddec7810adeac1ae738f20", "bids": [{"price": "0.01", "size": "202.04"}, {"price": "0.02", "size": "200.48"}, {"price": "0.03", "size": "18.99"}, {"price": "0.04", "size": "29.99"}], "asks": [{"price": "0.99", "size": "201.31"}, {"price": "0.98", "size": "245.06"}, {"price": "0.97", "size": "8.96"}, {"price": "0.95", "size": "13.8"}], "event_type": "book", "last_trade_price": ""}, {"market": "0x0b77bd5585ff7f929955a3ce6a68e6b48328df3bb64923b617aefa8f6be1fd52", "asset_id": "34949919585025054097094352090916844445988332244131363367733621368449147551033", "timestamp": "1769384262863", "hash": "ad756d592e1a8b666dc273a8a786972baaa98b98", "bids": [{"price": "0.01", "size": "202.04"}, {"price": "0.02", "size": "200.48"}, {"price": "0.03", "size": "18.99"}, {"price": "0.04", "size": "29.99"}], "asks": [{"price": "0.99", "size": "192.98"}, {"price": "0.98", "size": "232.3"}, {"price": "0.97", "size": "9.74"}, {"price": "0.94", "size": "13.33"}], "event_type": "book", "last_trade_price": ""}, {"market": "0xdab71b468743bbc2ef6192a070d4226aec24e4991b17db2b468ec87cc1e081fc", "asset_id": "22428358476209350499015397427667885686730789758853282805407498082768133810709", "timestamp": "1769381804152", "hash": "14de5ceb6648e3386880d21bb5f917b6669287e2", "bids": [{"price": "0.01", "size": "919.76"}, {"price": "0.02", "size": "486.32"}, {"price": "0.03", "size": "59.47"}], "asks": [{"price": "0.99", "size": "2889.81"}, {"price": "0.98", "size": "1450"}, {"price": "0.97", "size": "30.06"}, {"price": "0.75", "size": "300"}, {"price": "0.71", "size": "200"}, {"price": "0.69", "size": "125"}, {"price": "0.68", "size": "62"}, {"price": "0.67", "size": "75"}, {"price": "0.5", "size": "20"}, {"price": "0.31", "size": "50"}], "event_type": "book", "last_trade_price": ""}]}
{"_local_timestamp": "2026-01-25T23:42:00.917601+00:00", "data": {"market": "0x2b65719e89ae64146fba3bfbf61571847cf3c35a34057965e695d1a38464e6fe", "price_changes": [{"asset_id": "12255073065335387750467403263032933012283033873325189930747949188964259660358", "price": "0.05", "size": "5.47", "side": "BUY", "hash": "2d410cc1c7d533114efaff82d1a02ef2722308c0", "best_bid": "0.05", "best_ask": "0.96"}, {"asset_id": "7380958487783781383236108809808156113104540427356086304362058818702102892525", "price": "0.95", "size": "5.47", "side": "SELL", "hash": "525eef164de408505b95965adb7d5ed2faed1db7", "best_bid": "0.04", "best_ask": "0.95"}], "timestamp": "1769384520843", "event_type": "price_change"}}
{"_local_timestamp": "2026-01-25T23:42:01.138320+00:00", "data": {"market": "0x2b65719e89ae64146fba3bfbf61571847cf3c35a34057965e695d1a38464e6fe", "price_changes": [{"asset_id": "12255073065335387750467403263032933012283033873325189930747949188964259660358", "price": "0.03", "size": "22.85", "side": "BUY", "hash": "c0c1a19477447d74cf640854280ff455161fb51f", "best_bid": "0.05", "best_ask": "0.96"}, {"asset_id": "7380958487783781383236108809808156113104540427356086304362058818702102892525", "price": "0.97", "size": "22.85", "side": "SELL", "hash": "591639e2d2c190232f3a3650ed374e59b86375a3", "best_bid": "0.04", "best_ask": "0.95"}], "timestamp": "1769384521038", "event_type": "price_change"}}
{"_local_timestamp": "2026-01-25T23:42:01.339574+00:00", "data": {"market": "0x0b77bd5585ff7f929955a3ce6a68e6b48328df3bb64923b617aefa8f6be1fd52", "price_changes": [{"asset_id": "51657094190059617215194825618870626611336181100728987816480256949346180297932", "price": "0.06", "size": "5.47", "side": "BUY", "hash": "83336450773191a8281205790847f6afc190a121", "best_bid": "0.06", "best_ask": "0.96"}, {"asset_id": "34949919585025054097094352090916844445988332244131363367733621368449147551033", "price": "0.94", "size": "5.47", "side": "SELL", "hash": "9412ea8348fe20fc8080666fa3be0d967f0de660", "best_bid": "0.04", "best_ask": "0.94"}], "timestamp": "1769384521265", "event_type": "price_change"}}
{"_local_timestamp": "2026-01-25T23:42:01.532787+00:00", "data": {"market": "0x0b77bd5585ff7f929955a3ce6a68e6b48328df3bb64923b617aefa8f6be1fd52", "price_changes": [{"asset_id": "51657094190059617215194825618870626611336181100728987816480256949346180297932", "price": "0.03", "size": "25.47", "side": "BUY", "hash": "04048bde024ca8927979e0064ce6e03f53692344", "best_bid": "0.06", "best_ask": "0.96"}, {"asset_id": "34949919585025054097094352090916844445988332244131363367733621368449147551033", "price": "0.97", "size": "25.47", "side": "SELL", "hash": "e06155cbdefb8d034f0b69011eaed8a6e1109642", "best_bid": "0.04", "best_ask": "0.94"}], "timestamp": "1769384521457", "event_type": "price_change"}}
{"_local_timestamp": "2026-01-25T23:42:04.311398+00:00", "data": {"market": "0x0b77bd5585ff7f929955a3ce6a68e6b48328df3bb64923b617aefa8f6be1fd52", "price_changes": [{"asset_id": "51657094190059617215194825618870626611336181100728987816480256949346180297932", "price": "0.06", "size": "0", "side": "BUY", "hash": "3a51ed4cca732cb3a9bbd0a110d5ce719c624b1d", "best_bid": "0.03", "best_ask": "0.96"}, {"asset_id": "34949919585025054097094352090916844445988332244131363367733621368449147551033", "price": "0.94", "size": "0", "side": "SELL", "hash": "7a275cc78996a212f1315856b7e8d73b060096a6", "best_bid": "0.04", "best_ask": "0.97"}], "timestamp": "1769384524239", "event_type": "price_change"}}
{"_local_timestamp": "2026-01-25T23:42:04.311935+00:00", "data": {"market": "0x2b65719e89ae64146fba3bfbf61571847cf3c35a34057965e695d1a38464e6fe", "price_changes": [{"asset_id": "12255073065335387750467403263032933012283033873325189930747949188964259660358", "price": "0.05", "size": "0", "side": "BUY", "hash": "58b63c81c6d1985a9e9e88e9b647b25a3356369a", "best_bid": "0.03", "best_ask": "0.96"}, {"asset_id": "7380958487783781383236108809808156113104540427356086304362058818702102892525", "price": "0.95", "size": "0", "side": "SELL", "hash": "20fccfa4b62aeca43fbdcb3c9e1cb290f338cef3", "best_bid": "0.04", "best_ask": "0.97"}], "timestamp": "1769384524239", "event_type": "price_change"}}
{"_local_timestamp": "2026-01-25T23:42:04.379459+00:00", "data": {"market": "0x0b77bd5585ff7f929955a3ce6a68e6b48328df3bb64923b617aefa8f6be1fd52", "price_changes": [{"asset_id": "51657094190059617215194825618870626611336181100728987816480256949346180297932", "price": "0.04", "size": "5.47", "side": "BUY", "hash": "954d396eb526240574a22d574e53270f0d1107bb", "best_bid": "0.04", "best_ask": "0.96"}, {"asset_id": "34949919585025054097094352090916844445988332244131363367733621368449147551033", "price": "0.96", "size": "5.47", "side": "SELL", "hash": "4af461b8884c63f11f518c62149045fb58f211c4", "best_bid": "0.04", "best_ask": "0.96"}], "timestamp": "1769384524310", "event_type": "price_change"}}
{"_local_timestamp": "2026-01-25T23:42:04.380174+00:00", "data": {"market": "0x2b65719e89ae64146fba3bfbf61571847cf3c35a34057965e695d1a38464e6fe", "price_changes": [{"asset_id": "12255073065335387750467403263032933012283033873325189930747949188964259660358", "price": "0.04", "size": "5.47", "side": "BUY", "hash": "bb4babf773c40d0128a7faf878fbb1dcb2582b98", "best_bid": "0.04", "best_ask": "0.96"}, {"asset_id": "7380958487783781383236108809808156113104540427356086304362058818702102892525", "price": "0.96", "size": "5.47", "side": "SELL", "hash": "d1e90ace695aed061e6063e11bb4d206543c504e", "best_bid": "0.04", "best_ask": "0.96"}], "timestamp": "1769384524310", "event_type": "price_change"}}
