{"_local_timestamp": "2026-01-25T23:34:18.200944+00:00", "data": [{"market": "0xa9a1c33a03b21dcf3389e67922ec8da96c1d48f4d49520e9339a9779385ccf3b", "asset_id": "66079326453639058827910807954150281366091195440081674033432965693702687109253", "timestamp": "1769381734759", "hash": "1bfe1ea3b89f59558b2fa37829535bdb7c209b6c", "bids": [{"price": "0.01", "size": "198.81"}, {"price": "0.02", "size": "25.61"}, {"price": "0.04", "size": "7.49"}, {"price": "0.05", "size": "15.99"}], "asks": [{"price": "0.99", "size": "198.81"}, {"price": "0.98", "size": "40.59"}, {"price": "0.95", "size": "15.47"}], "event_type": "book", "last_trade_price": ""}, {"market": "0x4464703a458f77656e9041c8e4ef3b809eefdb0164e0d99700b5efc65469f80a", "asset_id": "98709697511982478916771508422195316342657073111379498336665956491702075127772", "timestamp": "1769382470388", "hash": "44adf0a0bc33bcb02cb7235bf37eca821e6525f8", "bids": [{"price": "0.01", "size": "288.57"}, {"price": "0.02", "size": "45.71"}, {"price": "0.07", "size": "5.47"}, {"price": "0.08", "size": "50"}, {"price": "0.1", "size": "10"}, {"price": "0.11", "size": "10"}], "asks": [{"price": "0.99", "size": "285.07"}, {"price": "0.98", "size": "47.46"}, {"price": "0.5", "size": "20"}, {"price": "0.36", "size": "50"}], "event_type": "book", "last_trade_price": "0.620"}, {"market": "0x6da7182c96337ecae36a1d14a50e4b5fe0a5c3911a6477ac86acd43349e16c56", "asset_id": "68284198679386317337947671042505003527645943397887091809613614638297679759663", "timestamp": "1769381818489", "hash": "ed01ec279050f5ec911d86a284e29cd042a0eca0", "bids": [{"price": "0.01", "size": "200.64"}, {"price": "0.02", "size": "39.67"}, {"price": "0.04", "size": "42.49"}], "asks": [{"price": "0.99", "size": "198.81"}, {"price": "0.98", "size": "40.59"}, {"price": "0.95", "size": "15.47"}], "event_type": "book", "last_trade_price": ""}, {"market": "0x4464703a458f77656e9041c8e4ef3b809eefdb0164e0d99700b5efc65469f80a", "asset_id": "10220289614245792219457482643409054166047751406144264664365372546240863272689", "timestamp": "1769382470388", "hash": "ae87fbb190c19bd5cce33c2d90cf463eb75aa955", "bids": [{"price": "0.01", "size": "285.07"}, {"price": "0.02", "size": "47.46"}, {"price": "0.5", "size": "20"}, {"price": "0.64", "size": "50"}], "asks": [{"price": "0.99", "size": "288.57"}, {"price": "0.98", "size": "45.71"}, {"price": "0.93", "size": "5.47"}, {"price": "0.92", "size": "50"}, {"price": "0.9", "size": "10"}, {"price": "0.89", "size": "10"}], "event_type": "book", "last_trade_price": "0.620"}, {"market": "0xcd8214a2e86a3b2d7abe568e10ee2ec0af93f19892956bf49dfa893ddafba8ad", "asset_id": "24650404243876243123238373469925210780170717761822051914734738582410305162207", "timestamp": "1769381819251", "hash": "52f4e76ec1d320463507581d74286b79d9575685", "bids": [{"price": "0.01", "size": "198.81"}, {"price": "0.02", "size": "40.59"}, {"price": "0.05", "size": "15.47"}], "asks": [{"price": "0.99", "size": "200.64"}, {"price": "0.98", "size": "39.67"}, {"price": "0.96", "size": "42.49"}], "event_type": "book", "last_trade_price": ""}, {"market": "0x631d959fc20d6d10f0b1636b18003697e12999a8422d10f792b310ff3930fbd4", "asset_id": "90341762683194670314585703823905165247893739666648084348978037311130424556281", "timestamp": "1769381819662", "hash": "1b7f4a5da72c668e4ddb84fb7d12774750c800aa", "bids": [{"price": "0.01", "size": "252.14"}, {"price": "0.02", "size": "39.67"}, {"price": "0.04", "size": "42.49"}], "asks": [{"price": "0.99", "size": "250.31"}, {"price": "0.98", "size": "40.59"}, {"price": "0.95", "size": "15.47"}], "event_type": "book", "last_trade_price": ""}, {"market": "0x6da7182c96337ecae36a1d14a50e4b5fe0a5c3911a6477ac86acd43349e16c56", "asset_id": "63281845149514368254644586104485203489288218261016478127975091290096301168142", "timestamp": "1769381818489", "hash": "e5196af2767979160b61e1d236688f86e8d8c7a6", "bids": [{"price": "0.01", "size": "198.81"}, {"price": "0.02", "size": "40.59"}, {"price": "0.05", "size": "15.47"}], "asks": [{"price": "0.99", "size": "200.64"}, {"price": "0.98", "size": "39.67"}, {"price": "0.96", "size": "42.49"}], "event_type": "book", "last_trade_price": ""}, {"market": "0x631d959fc20d6d10f0b1636b18003697e12999a8422d10f792b310ff3930fbd4", "asset_id": "9212050150139802737343691134200667242175993992375403886688021924499596181219", "timestamp": "1769381819662", "hash": "e7203dbf4d69327135d8d001ca2668bc81657856", "bids": [{"price": "0.01", "size": "250.31"}, {"price": "0.02", "size": "40.59"}, {"price": "0.05", "size": "15.47"}], "asks": [{"price": "0.99", "size": "252.14"}, {"price": "0.98", "size": "39.67"}, {"price": "0.96", "size": "42.49"}], "event_type": "book", "last_trade_price": ""}, {"market": "0xcd8214a2e86a3b2d7abe568e10ee2ec0af93f19892956bf49dfa893ddafba8ad", "asset_id": "114947802447831526513925754434573326893595598105072646937258306110621057878450", "timestamp": "1769381819251", "hash": "574cdeee75e692542a3f8e99bab035315076a2ea", "bids": [{"price": "0.01", "size": "200.64"}, {"price": "0.02", "size": "39.67"}, {"price": "0.04", "size": "42.49"}], "asks": [{"price": "0.99", "size": "198.81"}, {"price": "0.98", "size": "40.59"}, {"price": "0.95", "size": "15.47"}], "event_type": "book", "last_trade_price": ""}, {"market": "0xa9a1c33a03b21dcf3389e67922ec8da96c1d48f4d49520e9339a9779385ccf3b", "asset_id": "53761136721524306063891114857148081640564914167190504819993673863314464138783", "timestamp": "1769381734759", "hash": "50e778da9c9391cffc9c0fa12de08e478c1b80ce", "bids": [{"price": "0.01", "size": "198.81"}, {"price": "0.02", "size": "40.59"}, {"price": "0.05", "size": "15.47"}], "asks": [{"price": "0.99", "size": "198.81"}, {"price": "0.98", "size": "25.61"}, {"price": "0.96", "size": "7.49"}, {"price": "0.95", "size": "15.99"}], "event_type": "book", "last_trade_price": ""}]}
