{"_local_timestamp": "2026-01-25T23:41:01.034585+00:00", "data": [{"market": "0x02682a05084a43701a3e859db3f03bc7035ea32f4ae3c139855869bbb49062f1", "asset_id": "35192903361091849248940718645499233167215841826837724281530158082247957989629", "timestamp": "1769384437912", "hash": "0a0d3e82e47b7835ae6524ed387a9f31e9b8cbee", "bids": [{"price": "0.01", "size": "62.05"}, {"price": "0.02", "size": "190.48"}, {"price": "0.03", "size": "18.99"}, {"price": "0.04", "size": "29.99"}], "asks": [{"price": "0.99", "size": "69.89"}, {"price": "0.98", "size": "179.03"}, {"price": "0.97", "size": "20.35"}, {"price": "0.96", "size": "5.47"}], "event_type": "book", "last_trade_price": ""}, {"market": "0x19a4d27add00ce27b2a3cf7ca5705ef8aade39a8ece33948e9b2f02c192152be", "asset_id": "71489691980085603195785483996972122116532490472494448024267486667321753208838", "timestamp": "1769384447588", "hash": "52aac022797ca30233919c37d5a86b61667adc7b", "bids": [{"price": "0.01", "size": "62.04"}, {"price": "0.02", "size": "190.48"}, {"price": "0.03", "size": "18.99"}, {"price": "0.04", "size": "29.99"}], "asks": [{"price": "0.99", "size": "67.05"}, {"price": "0.98", "size": "182.48"}, {"price": "0.97", "size": "18.99"}, {"price": "0.95", "size": "23.99"}, {"price": "0.94", "size": "5.47"}], "event_type": "book", "last_trade_price": ""}, {"market": "0xff1e6a0275ae0216a33abece78285de646cdd4ba37dc1d772578538be60329cf", "asset_id": "106561211697967626756310720720604256534170407941019828744583005941010546193812", "timestamp": "1769384266237", "hash": "0228baad4a9e42fe7abc4f99a028af77a212b0f5", "bids": [{"price": "0.01", "size": "58.97"}, {"price": "0.02", "size": "181.14"}, {"price": "0.03", "size": "22.58"}, {"price": "0.04", "size": "5.47"}], "asks": [{"price": "0.99", "size": "61.38"}, {"price": "0.98", "size": "190.17"}, {"price": "0.97", "size": "52.57"}], "event_type": "book", "last_trade_price": ""}, {"market": "0x19a4d27add00ce27b2a3cf7ca5705ef8aade39a8ece33948e9b2f02c192152be", "asset_id": "95172888027281193001519088464175285929338904438226458264353810757936163188044", "timestamp": "1769384447588", "hash": "3ec37541d7d469dd2c3092a764e9744b7148c141", "bids": [{"price": "0.01", "size": "67.05"}, {"price": "0.02", "size": "182.48"}, {"price": "0.03", "size": "18.99"}, {"price": "0.05", "size": "23.99"}, {"price": "0.06", "size": "5.47"}], "asks": [{"price": "0.99", "size": "62.04"}, {"price": "0.98", "size": "190.48"}, {"price": "0.97", "size": "18.99"}, {"price": "0.96", "size": "29.99"}], "event_type": "book", "last_trade_price": ""}, {"market": "0xb4cb0ae16ba9281cdc5a5d20f324d0d0a7753d6116d0d905e0a8742ae8d0c244", "asset_id": "102744846850187161380521503397483870162725714816776510187447472868892066157718", "timestamp": "1769384447588", "hash": "6c8fa69a120569cc720fb6de2fddbda187ef3881", "bids": [{"price": "0.01", "size": "112.04"}, {"price": "0.02", "size": "205.48"}, {"price": "0.03", "size": "18.99"}, {"price": "0.05", "size": "23.99"}, {"price": "0.06", "size": "5.47"}], "asks": [{"price": "0.99", "size": "112.04"}, {"price": "0.98", "size": "215.48"}, {"price": "0.97", "size": "18.99"}, {"price": "0.96", "size": "29.99"}], "event_type": "book", "last_trade_price": ""}, {"market": "0xe34b0bb444471383c90cec5dc69f813a9b3545444de919995ff030dac71248a3", "asset_id": "97700218319543636355981601320594824056628162134390242486220190083801463286044", "timestamp": "1769384437912", "hash": "70cb05cfecab8406a9df8cf10f3e6b04f383233d", "bids": [{"price": "0.01", "size": "69.89"}, {"price": "0.02", "size": "179.03"}, {"price": "0.03", "size": "20.35"}, {"price": "0.04", "size": "5.47"}], "asks": [{"price": "0.99", "size": "62.05"}, {"price": "0.98", "size": "190.48"}, {"price": "0.97", "size": "18.99"}, {"price": "0.96", "size": "29.99"}], "event_type": "book", "last_trade_price": ""}, {"market": "0xc62866c20352813ae054a41ad3f1b92292b5300d7bfc1143e9c6a41823fe5992", "asset_id": "47133502308465006307801302772561127971127968369129604946852551581692421961280", "timestamp": "1769384447588", "hash": "5988007b7313c8afbdf96b75144c244f0acf185e", "bids": [{"price": "0.01", "size": "62.05"}, {"price": "0.02", "size": "190.48"}, {"price": "0.03", "size": "18.99"}, {"price": "0.04", "size": "29.99"}], "asks": [{"price": "0.99", "size": "68.99"}, {"price": "0.98", "size": "179.03"}, {"price": "0.97", "size": "20.65"}, {"price": "0.95", "size": "23.99"}, {"price": "0.94", "size": "5.47"}], "event_type": "book", "last_trade_price": ""}, {"market": "0x02682a05084a43701a3e859db3f03bc7035ea32f4ae3c139855869bbb49062f1", "asset_id": "30887032572101121332187740667215094491657468658291043188830897987016129354142", "timestamp": "1769384437912", "hash": "456f2dd285b9c83ebbe646772b8609e66a9077cf", "bids": [{"price": "0.01", "size": "69.89"}, {"price": "0.02", "size": "179.03"}, {"price": "0.03", "size": "20.35"}, {"price": "0.04", "size": "5.47"}], "asks": [{"price": "0.99", "size": "62.05"}, {"price": "0.98", "size": "190.48"}, {"price": "0.97", "size": "18.99"}, {"price": "0.96", "size": "29.99"}], "event_type": "book", "last_trade_price": ""}, {"market": "0xe34b0bb444471383c90cec5dc69f813a9b3545444de919995ff030dac71248a3", "asset_id": "112017627761537300677970694411480436137463788285461926216623118683376584067380", "timestamp": "1769384437912", "hash": "4c3c2c674afa10599206f32f384c4b899ec3b609", "bids": [{"price": "0.01", "size": "62.05"}, {"price": "0.02", "size": "190.48"}, {"price": "0.03", "size": "18.99"}, {"price": "0.04", "size": "29.99"}], "asks": [{"price": "0.99", "size": "69.89"}, {"price": "0.98", "size": "179.03"}, {"price": "0.97", "size": "20.35"}, {"price": "0.96", "size": "5.47"}], "event_type": "book", "last_trade_price": ""}, {"market": "0x0b3f0b56ce7a1cf75aec197fcb9f7ee8bdf65558ac2ea9971449c3096780d338", "asset_id": "95863417261965127329516942717312259763677678047436515841413814150856225930745", "timestamp": "1769383882976", "hash": "c0d5c751ee55a7da540cf9ced22b2c755d0fae17", "bids": [{"price": "0.01", "size": "48.87"}, {"price": "0.02", "size": "158.22"}, {"price": "0.03", "size": "75"}, {"price": "0.04", "size": "18.66"}, {"price": "0.07", "size": "5"}, {"price": "0.08", "size": "5"}, {"price": "0.15", "size": "25"}], "asks": [{"price": "0.99", "size": "47.32"}, {"price": "0.98", "size": "156.79"}, {"price": "0.97", "size": "84"}, {"price": "0.96", "size": "25.24"}, {"price": "0.8", "size": "3050"}, {"price": "0.79", "size": "50"}], "event_type": "book", "last_trade_price": ""}, {"market": "0xc62866c20352813ae054a41ad3f1b92292b5300d7bfc1143e9c6a41823fe5992", "asset_id": "52759588103937363641506362299958930445030460683736633313225430843238074731373", "timestamp": "1769384447588", "hash": "4366c38b61834e52fb4f43dec5d95e50b48f8a03", "bids": [{"price": "0.01", "size": "68.99"}, {"price": "0.02", "size": "179.03"}, {"price": "0.03", "size": "20.65"}, {"price": "0.05", "size": "23.99"}, {"price": "0.06", "size": "5.47"}], "asks": [{"price": "0.99", "size": "62.05"}, {"price": "0.98", "size": "190.48"}, {"price": "0.97", "size": "18.99"}, {"price": "0.96", "size": "29.99"}], "event_type": "book", "last_trade_price": ""}, {"market": "0xb1dfeeb0162aae13b396bcb58584b03cc46386a821c63008f0446cb68edf0944", "asset_id": "105807781778430202450621182764387831604381299883963754488170834423433351086629", "timestamp": "1769383123102", "hash": "040be9568f77ceec416706638ec787f6ae89bbc9", "bids": [{"price": "0.001", "size": "1073.33"}, {"price": "0.002", "size": "10.55"}, {"price": "0.005", "size": "100"}, {"price": "0.006", "size": "12.56"}, {"price": "0.01", "size": "3745"}, {"price": "0.02", "size": "2250"}, {"price": "0.021", "size": "12.07"}, {"price": "0.066", "size": "1700"}, {"price": "0.081", "size": "1050"}, {"price": "0.082", "size": "7.86"}, {"price": "0.332", "size": "300"}, {"price": "0.35", "size": "10"}, {"price": "0.375", "size": "200"}, {"price": "0.405", "size": "125"}, {"price": "0.435", "size": "75"}, {"price": "0.5", "size": "20"}, {"price": "0.592", "size": "63"}, {"price": "0.6", "size": "5.7"}], "asks": [{"price": "0.999", "size": "1067.99"}, {"price": "0.998", "size": "26.5"}, {"price": "0.995", "size": "100"}, {"price": "0.99", "size": "3740"}, {"price": "0.989", "size": "5.1"}, {"price": "0.98", "size": "2250"}, {"price": "0.979", "size": "7.68"}, {"price": "0.949", "size": "1500"}, {"price": "0.948", "size": "450"}, {"price": "0.947", "size": "13.76"}, {"price": "0.814", "size": "300"}, {"price": "0.79", "size": "2200"}, {"price": "0.78", "size": "10"}, {"price": "0.773", "size": "125"}, {"price": "0.756", "size": "75"}, {"price": "0.68", "size": "131"}, {"price": "0.67", "size": "131"}, {"price": "0.661", "size": "50"}, {"price": "0.658", "size": "142"}, {"price": "0.65", "size": "10"}, {"price": "0.639", "size": "460"}, {"price": "0.629", "size": "5"}, {"price": "0.623", "size": "470"}], "event_type": "book", "last_trade_price": "0.601"}, {"market": "0xd3b44443f0b39d21079f0a72254268aee2103faf72e7b3109d8ae6764d416152", "asset_id": "74195830337912012661209045255656626007077925536496881065075327343195504551863", "timestamp": "1769384447588", "hash": "e4a8fea784a6c3d6a434f2999f0d8a2bcbca760d", "bids": [{"price": "0.01", "size": "68.98"}, {"price": "0.02", "size": "179.03"}, {"price": "0.03", "size": "20.65"}, {"price": "0.05", "size": "23.99"}, {"price": "0.06", "size": "5.47"}], "asks": [{"price": "0.99", "size": "62.05"}, {"price": "0.98", "size": "190.48"}, {"price": "0.97", "size": "18.99"}, {"price": "0.96", "size": "29.99"}], "event_type": "book", "last_trade_price": ""}, {"market": "0xff1e6a0275ae0216a33abece78285de646cdd4ba37dc1d772578538be60329cf", "asset_id": "114506854111387970982269268959966858458499074507684750968073343843315627005834", "timestamp": "1769384266237", "hash": "203eba180347d2f97800e74f6cb95fefe62b427d", "bids": [{"price": "0.01", "size": "61.38"}, {"price": "0.02", "size": "190.17"}, {"price": "0.03", "size": "52.57"}], "asks": [{"price": "0.99", "size": "58.97"}, {"price": "0.98", "size": "181.14"}, {"price": "0.97", "size": "22.58"}, {"price": "0.96", "size": "5.47"}], "event_type": "book", "last_trade_price": ""}, {"market": "0xb1dfeeb0162aae13b396bcb58584b03cc46386a821c63008f0446cb68edf0944", "asset_id": "67990154379603538401421401499393251605484282027318537553294424700792145845644", "timestamp": "1769383123102", "hash": "228e6fc140413ae7155d9d6882b0b06297cd74b3", "bids": [{"price": "0.001", "size": "1067.99"}, {"price": "0.002", "size": "26.5"}, {"price": "0.005", "size": "100"}, {"price": "0.01", "size": "3740"}, {"price": "0.011", "size": "5.1"}, {"price": "0.02", "size": "2250"}, {"price": "0.021", "size": "7.68"}, {"price": "0.051", "size": "1500"}, {"price": "0.052", "size": "450"}, {"price": "0.053", "size": "13.76"}, {"price": "0.186", "size": "300"}, {"price": "0.21", "size": "2200"}, {"price": "0.22", "size": "10"}, {"price": "0.227", "size": "125"}, {"price": "0.244", "size": "75"}, {"price": "0.32", "size": "131"}, {"price": "0.33", "size": "131"}, {"price": "0.339", "size": "50"}, {"price": "0.342", "size": "142"}, {"price": "0.35", "size": "10"}, {"price": "0.361", "size": "460"}, {"price": "0.371", "size": "5"}, {"price": "0.377", "size": "470"}], "asks": [{"price": "0.999", "size": "1073.33"}, {"price": "0.998", "size": "10.55"}, {"price": "0.995", "size": "100"}, {"price": "0.994", "size": "12.56"}, {"price": "0.99", "size": "3745"}, {"price": "0.98", "size": "2250"}, {"price": "0.979", "size": "12.07"}, {"price": "0.934", "size": "1700"}, {"price": "0.919", "size": "1050"}, {"price": "0.918", "size": "7.86"}, {"price": "0.668", "size": "300"}, {"price": "0.65", "size": "10"}, {"price": "0.625", "size": "200"}, {"price": "0.595", "size": "125"}, {"price": "0.565", "size": "75"}, {"price": "0.5", "size": "20"}, {"price": "0.408", "size": "63"}, {"price": "0.4", "size": "5.7"}], "event_type": "book", "last_trade_price": "0.601"}, {"market": "0xd3b44443f0b39d21079f0a72254268aee2103faf72e7b3109d8ae6764d416152", "asset_id": "66916591411271253117011649722470760555098136629103997561616701243019995826796", "timestamp": "1769384447588", "hash": "8117014fd865074024c386135489c696bc3be33e", "bids": [{"price": "0.01", "size": "62.05"}, {"price": "0.02", "size": "190.48"}, {"price": "0.03", "size": "18.99"}, {"price": "0.04", "size": "29.99"}], "asks": [{"price": "0.99", "size": "68.98"}, {"price": "0.98", "size": "179.03"}, {"price": "0.97", "size": "20.65"}, {"price": "0.95", "size": "23.99"}, {"price": "0.94", "size": "5.47"}], "event_type": "book", "last_trade_price": ""}, {"market": "0xd37f59b9c51a3548d7c9740bc25c619c6da8e03acc850023295b8b983ad20527", "asset_id": "86922549432847869502897076242034045799267352097019606723721140333601147624472", "timestamp": "1769384447588", "hash": "64fbd389a230948917f77dce65449114001e1b3b", "bids": [{"price": "0.01", "size": "62.04"}, {"price": "0.02", "size": "190.48"}, {"price": "0.03", "size": "18.99"}, {"price": "0.04", "size": "29.99"}], "asks": [{"price": "0.99", "size": "69.12"}, {"price": "0.98", "size": "178.75"}, {"price": "0.97", "size": "20.79"}, {"price": "0.95", "size": "23.99"}, {"price": "0.94", "size": "5.47"}], "event_type": "book", "last_trade_price": ""}, {"market": "0x1ad9a38d618ce04f30f9da1b23b0c7770045e9e9960a896df4e336ad32f2026c", "asset_id": "66047097802271527843368694275125051025060429048241924434656538796886352507204", "timestamp": "1769381444813", "hash": "2bb22927b0fef6e03163959cf81ffd37452bc524", "bids": [{"price": "0.01", "size": "58.82"}, {"price": "0.02", "size": "158.95"}, {"price": "0.03", "size": "21.09"}, {"price": "0.05", "size": "10000"}], "asks": [{"price": "0.99", "size": "59.8"}, {"price": "0.98", "size": "157.03"}, {"price": "0.97", "size": "12.74"}, {"price": "0.95", "size": "10000"}, {"price": "0.94", "size": "277.55"}], "event_type": "book", "last_trade_price": ""}, {"market": "0xb4cb0ae16ba9281cdc5a5d20f324d0d0a7753d6116d0d905e0a8742ae8d0c244", "asset_id": "37092008225382265270014902992349514323037660984217265301171261275317809758859", "timestamp": "1769384447588", "hash": "a188e00c4126ec213e02ee7bcfc06b38d36b744e", "bids": [{"price": "0.01", "size": "112.04"}, {"price": "0.02", "size": "215.48"}, {"price": "0.03", "size": "18.99"}, {"price": "0.04", "size": "29.99"}], "asks": [{"price": "0.99", "size": "112.04"}, {"price": "0.98", "size": "205.48"}, {"price": "0.97", "size": "18.99"}, {"price": "0.95", "size": "23.99"}, {"price": "0.94", "size": "5.47"}], "event_type": "book", "last_trade_price": ""}, {"market": "0x02cb406686b0e5a2c761b60dba57df5a5aa10de657d8b55c2059de1594262ef8", "asset_id": "17525878431794376842013117355232170057074541567126099913305204894084193326972", "timestamp": "1769384268085", "hash": "b76c9430c19f23dd762e0357b966467c54781494", "bids": [{"price": "0.01", "size": "62.05"}, {"price": "0.02", "size": "190.48"}, {"price": "0.03", "size": "18.99"}, {"price": "0.04", "size": "42.49"}], "asks": [{"price": "0.99", "size": "62.84"}, {"price": "0.98", "size": "177.03"}, {"price": "0.97", "size": "21.03"}, {"price": "0.94", "size": "15.47"}], "event_type": "book", "last_trade_price": ""}, {"market": "0x0b3f0b56ce7a1cf75aec197fcb9f7ee8bdf65558ac2ea9971449c3096780d338", "asset_id": "91619075857964693393392208565070104325869093110027846136624063203645460004241", "timestamp": "1769383882976", "hash": "1e3c50cb26ffbcb1c33ff69505af0056ded1f4c1", "bids": [{"price": "0.01", "size": "47.32"}, {"price": "0.02", "size": "156.79"}, {"price": "0.03", "size": "84"}, {"price": "0.04", "size": "25.24"}, {"price": "0.2", "size": "3050"}, {"price": "0.21", "size": "50"}], "asks": [{"price": "0.99", "size": "48.87"}, {"price": "0.98", "size": "158.22"}, {"price": "0.97", "size": "75"}, {"price": "0.96", "size": "18.66"}, {"price": "0.93", "size": "5"}, {"price": "0.92", "size": "5"}, {"price": "0.85", "size": "25"}], "event_type": "book", "last_trade_price": ""}, {"market": "0x02cb406686b0e5a2c761b60dba57df5a5aa10de657d8b55c2059de1594262ef8", "asset_id": "71618273512612611641687286878012843492831706235643168298378352373515271932764", "timestamp": "1769384268085", "hash": "812918cc7b0333e807dc54097f39761123440cd7", "bids": [{"price": "0.01", "size": "62.84"}, {"price": "0.02", "size": "177.03"}, {"price": "0.03", "size": "21.03"}, {"price": "0.06", "size": "15.47"}], "asks": [{"price": "0.99", "size": "62.05"}, {"price": "0.98", "size": "190.48"}, {"price": "0.97", "size": "18.99"}, {"price": "0.96", "size": "42.49"}], "event_type": "book", "last_trade_price": ""}, {"market": "0x9fa8edb100e017bd5633db881bfd7f39d8feaf23e488562c7863403b75f2b72a", "asset_id": "97737434631321407607330081336176115113173871167799349015045656897989017126587", "timestamp": "1769384447588", "hash": "25b7efd0b67c657bf7afc6b91f670eccc9b19901", "bids": [{"price": "0.01", "size": "111.05"}, {"price": "0.02", "size": "214.48"}, {"price": "0.03", "size": "18.99"}, {"price": "0.04", "size": "29.99"}], "asks": [{"price": "0.99", "size": "119.23"}, {"price": "0.98", "size": "202.94"}, {"price": "0.97", "size": "20.96"}, {"price": "0.95", "size": "23.99"}, {"price": "0.94", "size": "5.47"}], "event_type": "book", "last_trade_price": ""}, {"market": "0x9fa8edb100e017bd5633db881bfd7f39d8feaf23e488562c7863403b75f2b72a", "asset_id": "109451912333674650094373499600078573206027333544803021029937231897917192478306", "timestamp": "1769384447588", "hash": "177fe9a0ccf2003d1b13d56827bc5f1ff5e4a992", "bids": [{"price": "0.01", "size": "119.23"}, {"price": "0.02", "size": "202.94"}, {"price": "0.03", "size": "20.96"}, {"price": "0.05", "size": "23.99"}, {"price": "0.06", "size": "5.47"}], "asks": [{"price": "0.99", "size": "111.05"}, {"price": "0.98", "size": "214.48"}, {"price": "0.97", "size": "18.99"}, {"price": "0.96", "size": "29.99"}], "event_type": "book", "last_trade_price": ""}, {"market": "0xd37f59b9c51a3548d7c9740bc25c619c6da8e03acc850023295b8b983ad20527", "asset_id": "10617636138259507285477245956793545272020397648836479158116719634159970012149", "timestamp": "1769384447588", "hash": "713be3272f185da6d76fd94065ddef1d6c22e3b4", "bids": [{"price": "0.01", "size": "69.12"}, {"price": "0.02", "size": "178.75"}, {"price": "0.03", "size": "20.79"}, {"price": "0.05", "size": "23.99"}, {"price": "0.06", "size": "5.47"}], "asks": [{"price": "0.99", "size": "62.04"}, {"price": "0.98", "size": "190.48"}, {"price": "0.97", "size": "18.99"}, {"price": "0.96", "size": "29.99"}], "event_type": "book", "last_trade_price": ""}, {"market": "0x362912f5cb655b81e79607e953e32f84dac1572753e2391f459e450478265749", "asset_id": "3087755881123905074274619731943137130363325113969580976113246712649699904601", "timestamp": "1769384437912", "hash": "20e8de8e22a8a1c7da7c64b05924be4b5df2315f", "bids": [{"price": "0.01", "size": "62.04"}, {"price": "0.02", "size": "190.48"}, {"price": "0.03", "size": "18.99"}, {"price": "0.04", "size": "29.99"}], "asks": [{"price": "0.99", "size": "69.74"}, {"price": "0.98", "size": "179.03"}, {"price": "0.97", "size": "20.4"}, {"price": "0.96", "size": "5.47"}], "event_type": "book", "last_trade_price": ""}, {"market": "0x1ad9a38d618ce04f30f9da1b23b0c7770045e9e9960a896df4e336ad32f2026c", "asset_id": "24908639899155661575059764798804056969147578681693207123115606445236836521513", "timestamp": "1769381444813", "hash": "28b4c86e82267e63133ef984ecd29a13cff39f95", "bids": [{"price": "0.01", "size": "59.8"}, {"price": "0.02", "size": "157.03"}, {"price": "0.03", "size": "12.74"}, {"price": "0.05", "size": "10000"}, {"price": "0.06", "size": "277.55"}], "asks": [{"price": "0.99", "size": "58.82"}, {"price": "0.98", "size": "158.95"}, {"price": "0.97", "size": "21.09"}, {"price": "0.95", "size": "10000"}], "event_type": "book", "last_trade_price": ""}, {"market": "0x362912f5cb655b81e79607e953e32f84dac1572753e2391f459e450478265749", "asset_id": "111407420641358258640954942754741699488195643075274492825410595934557666593274", "timestamp": "1769384437912", "hash": "b687db649cfb14c7bdc69c6af548386558831b27", "bids": [{"price": "0.01", "size": "69.74"}, {"price": "0.02", "size": "179.03"}, {"price": "0.03", "size": "20.4"}, {"price": "0.04", "size": "5.47"}], "asks": [{"price": "0.99", "size": "62.04"}, {"price": "0.98", "size": "190.48"}, {"price": "0.97", "size": "18.99"}, {"price": "0.96", "size": "29.99"}], "event_type": "book", "last_trade_price": ""}]}
{"_local_timestamp": "2026-01-25T23:42:06.356669+00:00", "data": {"market": "0x19a4d27add00ce27b2a3cf7ca5705ef8aade39a8ece33948e9b2f02c192152be", "price_changes": [{"asset_id": "95172888027281193001519088464175285929338904438226458264353810757936163188044", "price": "0.05", "size": "0", "side": "BUY", "hash": "bcebf57714723594f2218edfa2638265f88b3d72", "best_bid": "0.06", "best_ask": "0.96"}, {"asset_id": "71489691980085603195785483996972122116532490472494448024267486667321753208838", "price": "0.95", "size": "0", "side": "SELL", "hash": "2d0e0313cfbd5fb9f314e83e9dd92d8f2481f001", "best_bid": "0.04", "best_ask": "0.94"}], "timestamp": "1769384526282", "event_type": "price_change"}}
{"_local_timestamp": "2026-01-25T23:42:06.443962+00:00", "data": {"market": "0xd3b44443f0b39d21079f0a72254268aee2103faf72e7b3109d8ae6764d416152", "price_changes": [{"asset_id": "74195830337912012661209045255656626007077925536496881065075327343195504551863", "price": "0.05", "size": "0", "side": "BUY", "hash": "9651960304f52ff018730042f28206ebdec83656", "best_bid": "0.06", "best_ask": "0.96"}, {"asset_id": "66916591411271253117011649722470760555098136629103997561616701243019995826796", "price": "0.95", "size": "0", "side": "SELL", "hash": "ecd658456518a27975b73a6df957676ec66daaf1", "best_bid": "0.04", "best_ask": "0.94"}], "timestamp": "1769384526376", "event_type": "price_change"}}
{"_local_timestamp": "2026-01-25T23:42:06.450975+00:00", "data": {"market": "0xd37f59b9c51a3548d7c9740bc25c619c6da8e03acc850023295b8b983ad20527", "price_changes": [{"asset_id": "10617636138259507285477245956793545272020397648836479158116719634159970012149", "price": "0.05", "size": "0", "side": "BUY", "hash": "45bdda0282c1b34391f994824f968967663daa88", "best_bid": "0.06", "best_ask": "0.96"}, {"asset_id": "86922549432847869502897076242034045799267352097019606723721140333601147624472", "price": "0.95", "size": "0", "side": "SELL", "hash": "d6d613e21d727f9d9b209e46459120aade51cf66", "best_bid": "0.04", "best_ask": "0.94"}], "timestamp": "1769384526376", "event_type": "price_change"}}
{"_local_timestamp": "2026-01-25T23:42:06.451842+00:00", "data": {"market": "0x9fa8edb100e017bd5633db881bfd7f39d8feaf23e488562c7863403b75f2b72a", "price_changes": [{"asset_id": "109451912333674650094373499600078573206027333544803021029937231897917192478306", "price": "0.05", "size": "0", "side": "BUY", "hash": "568bf89c327f6e4e31b5928bb645bc11f63d553c", "best_bid": "0.06", "best_ask": "0.96"}, {"asset_id": "97737434631321407607330081336176115113173871167799349015045656897989017126587", "price": "0.95", "size": "0", "side": "SELL", "hash": "aa9a77fb797de0b4206e53f7e9f316cb51db8afe", "best_bid": "0.04", "best_ask": "0.94"}], "timestamp": "1769384526376", "event_type": "price_change"}}
{"_local_timestamp": "2026-01-25T23:42:06.547869+00:00", "data": {"market": "0xc62866c20352813ae054a41ad3f1b92292b5300d7bfc1143e9c6a41823fe5992", "price_changes": [{"asset_id": "52759588103937363641506362299958930445030460683736633313225430843238074731373", "price": "0.05", "size": "0", "side": "BUY", "hash": "7a48003534565e00ae0ad892df13201413d8f32a", "best_bid": "0.06", "best_ask": "0.96"}, {"asset_id": "47133502308465006307801302772561127971127968369129604946852551581692421961280", "price": "0.95", "size": "0", "side": "SELL", "hash": "5aaf66c011ab57009237e97434f5d055223408f3", "best_bid": "0.04", "best_ask": "0.94"}], "timestamp": "1769384526475", "event_type": "price_change"}}
{"_local_timestamp": "2026-01-25T23:42:06.548647+00:00", "data": {"market": "0xb4cb0ae16ba9281cdc5a5d20f324d0d0a7753d6116d0d905e0a8742ae8d0c244", "price_changes": [{"asset_id": "102744846850187161380521503397483870162725714816776510187447472868892066157718", "price": "0.05", "size": "0", "side": "BUY", "hash": "57827a1b6d8c1bf44e2b9af998ff74156ce6fefa", "best_bid": "0.06", "best_ask": "0.96"}, {"asset_id": "37092008225382265270014902992349514323037660984217265301171261275317809758859", "price": "0.95", "size": "0", "side": "SELL", "hash": "924fab5d0a28245292b81ddace4cc15328689b73", "best_bid": "0.04", "best_ask": "0.94"}], "timestamp": "1769384526475", "event_type": "price_change"}}
{"_local_timestamp": "2026-01-25T23:42:07.534672+00:00", "data": {"market": "0x362912f5cb655b81e79607e953e32f84dac1572753e2391f459e450478265749", "price_changes": [{"asset_id": "111407420641358258640954942754741699488195643075274492825410595934557666593274", "price": "0.05", "size": "23.99", "side": "BUY", "hash": "e01d93312cd7773ee9cdfa1262f71de90ea2a346", "best_bid": "0.05", "best_ask": "0.96"}, {"asset_id": "3087755881123905074274619731943137130363325113969580976113246712649699904601", "price": "0.95", "size": "23.99", "side": "SELL", "hash": "11396fd4faa9e7d45ddf9e1b7d170c24eb97acc1", "best_bid": "0.04", "best_ask": "0.95"}], "timestamp": "1769384527464", "event_type": "price_change"}}
{"_local_timestamp": "2026-01-25T23:42:07.652378+00:00", "data": {"market": "0xe34b0bb444471383c90cec5dc69f813a9b3545444de919995ff030dac71248a3", "price_changes": [{"asset_id": "97700218319543636355981601320594824056628162134390242486220190083801463286044", "price": "0.05", "size": "23.99", "side": "BUY", "hash": "c923b6f456a8458b677b7cd5c94209c3b3017b34", "best_bid": "0.05", "best_ask": "0.96"}, {"asset_id": "112017627761537300677970694411480436137463788285461926216623118683376584067380", "price": "0.95", "size": "23.99", "side": "SELL", "hash": "f5d69524b72bb5f97de0701d40b0b9356d2e2e81", "best_bid": "0.04", "best_ask": "0.95"}], "timestamp": "1769384527566", "event_type": "price_change"}}
{"_local_timestamp": "2026-01-25T23:42:07.653307+00:00", "data": {"market": "0x02682a05084a43701a3e859db3f03bc7035ea32f4ae3c139855869bbb49062f1", "price_changes": [{"asset_id": "30887032572101121332187740667215094491657468658291043188830897987016129354142", "price": "0.05", "size": "23.99", "side": "BUY", "hash": "3ad4bd3be773be2634ab68f6b3b92f2b2191872d", "best_bid": "0.05", "best_ask": "0.96"}, {"asset_id": "35192903361091849248940718645499233167215841826837724281530158082247957989629", "price": "0.95", "size": "23.99", "side": "SELL", "hash": "37b7e54715ccdb970b2a6f18c7b2960748f8a864", "best_bid": "0.04", "best_ask": "0.95"}], "timestamp": "1769384527566", "event_type": "price_change"}}
{"_local_timestamp": "2026-01-25T23:42:10.836659+00:00", "data": {"market": "0xd3b44443f0b39d21079f0a72254268aee2103faf72e7b3109d8ae6764d416152", "price_changes": [{"asset_id": "74195830337912012661209045255656626007077925536496881065075327343195504551863", "price": "0.06", "size": "0", "side": "BUY", "hash": "60721166b6135be2be8308b2e04770b535284710", "best_bid": "0.03", "best_ask": "0.96"}, {"asset_id": "66916591411271253117011649722470760555098136629103997561616701243019995826796", "price": "0.94", "size": "0", "side": "SELL", "hash": "04f62ff3648718eb26c2d0aa256d3030ac497359", "best_bid": "0.04", "best_ask": "0.97"}], "timestamp": "1769384530760", "event_type": "price_change"}}
{"_local_timestamp": "2026-01-25T23:42:10.845127+00:00", "data": {"market": "0xb4cb0ae16ba9281cdc5a5d20f324d0d0a7753d6116d0d905e0a8742ae8d0c244", "price_changes": [{"asset_id": "102744846850187161380521503397483870162725714816776510187447472868892066157718", "price": "0.06", "size": "0", "side": "BUY", "hash": "4763b062f1c6bf37f73698e96a7f2a94c55eb5b3", "best_bid": "0.03", "best_ask": "0.96"}, {"asset_id": "37092008225382265270014902992349514323037660984217265301171261275317809758859", "price": "0.94", "size": "0", "side": "SELL", "hash": "7efd9bb19dbcf55e7f017b03919fbc1a875df4f9", "best_bid": "0.04", "best_ask": "0.97"}], "timestamp": "1769384530760", "event_type": "price_change"}}
{"_local_timestamp": "2026-01-25T23:42:10.853010+00:00", "data": {"market": "0x362912f5cb655b81e79607e953e32f84dac1572753e2391f459e450478265749", "price_changes": [{"asset_id": "111407420641358258640954942754741699488195643075274492825410595934557666593274", "price": "0.04", "size": "0", "side": "BUY", "hash": "b01101c535031a69af6467c889de8aef325b59a5", "best_bid": "0.05", "best_ask": "0.96"}, {"asset_id": "3087755881123905074274619731943137130363325113969580976113246712649699904601", "price": "0.96", "size": "0", "side": "SELL", "hash": "219e74ab22c2c64e2ba87ceb92abb7d43c6a1def", "best_bid": "0.04", "best_ask": "0.95"}], "timestamp": "1769384530760", "event_type": "price_change"}}
{"_local_timestamp": "2026-01-25T23:42:10.853782+00:00", "data": {"market": "0xc62866c20352813ae054a41ad3f1b92292b5300d7bfc1143e9c6a41823fe5992", "price_changes": [{"asset_id": "52759588103937363641506362299958930445030460683736633313225430843238074731373", "price": "0.06", "size": "0", "side": "BUY", "hash": "8915a332a87ff630b5e18614130c400f8bf52035", "best_bid": "0.03", "best_ask": "0.96"}, {"asset_id": "47133502308465006307801302772561127971127968369129604946852551581692421961280", "price": "0.94", "size": "0", "side": "SELL", "hash": "57f12aceeed3b18bf47c7baed5da27187fbbae32", "best_bid": "0.04", "best_ask": "0.97"}], "timestamp": "1769384530761", "event_type": "price_change"}}
{"_local_timestamp": "2026-01-25T23:42:10.861520+00:00", "data": {"market": "0xd37f59b9c51a3548d7c9740bc25c619c6da8e03acc850023295b8b983ad20527", "price_changes": [{"asset_id": "10617636138259507285477245956793545272020397648836479158116719634159970012149", "price": "0.06", "size": "0", "side": "BUY", "hash": "03f65c41f1d6c2842b31f302fbb85618efd8101b", "best_bid": "0.03", "best_ask": "0.96"}, {"asset_id": "86922549432847869502897076242034045799267352097019606723721140333601147624472", "price": "0.94", "size": "0", "side": "SELL", "hash": "9c677fcc03d56bab3f7c309981d152791a8ef364", "best_bid": "0.04", "best_ask": "0.97"}], "timestamp": "1769384530761", "event_type": "price_change"}}
{"_local_timestamp": "2026-01-25T23:42:10.869012+00:00", "data": {"market": "0x19a4d27add00ce27b2a3cf7ca5705ef8aade39a8ece33948e9b2f02c192152be", "price_changes": [{"asset_id": "95172888027281193001519088464175285929338904438226458264353810757936163188044", "price": "0.06", "size": "0", "side": "BUY", "hash": "68056c03b3ea6593abdc8b60ac84a55498b56a06", "best_bid": "0.03", "best_ask": "0.96"}, {"asset_id": "71489691980085603195785483996972122116532490472494448024267486667321753208838", "price": "0.94", "size": "0", "side": "SELL", "hash": "104e535c015d88a9ea866dfebdaab3f6331c696d", "best_bid": "0.04", "best_ask": "0.97"}], "timestamp": "1769384530761", "event_type": "price_change"}}
{"_local_timestamp": "2026-01-25T23:42:10.876796+00:00", "data": {"market": "0xe34b0bb444471383c90cec5dc69f813a9b3545444de919995ff030dac71248a3", "price_changes": [{"asset_id": "97700218319543636355981601320594824056628162134390242486220190083801463286044", "price": "0.04", "size": "0", "side": "BUY", "hash": "68c65291d23a47c7e898a0bdb82fb56c4cc70888", "best_bid": "0.05", "best_ask": "0.96"}, {"asset_id": "112017627761537300677970694411480436137463788285461926216623118683376584067380", "price": "0.96", "size": "0", "side": "SELL", "hash": "dd6cd7083028a3c838285f974d98342cc286acd0", "best_bid": "0.04", "best_ask": "0.95"}], "timestamp": "1769384530761", "event_type": "price_change"}}
{"_local_timestamp": "2026-01-25T23:42:10.892799+00:00", "data": {"market": "0x02682a05084a43701a3e859db3f03bc7035ea32f4ae3c139855869bbb49062f1", "price_changes": [{"asset_id": "30887032572101121332187740667215094491657468658291043188830897987016129354142", "price": "0.04", "size": "0", "side": "BUY", "hash": "9694ff6cb3cb3c05e8804ca613de79f0f86c29a0", "best_bid": "0.05", "best_ask": "0.96"}, {"asset_id": "35192903361091849248940718645499233167215841826837724281530158082247957989629", "price": "0.96", "size": "0", "side": "SELL", "hash": "a9eb5dcddcfdc0bf7ca0fdc8951334650c063895", "best_bid": "0.04", "best_ask": "0.95"}], "timestamp": "1769384530761", "event_type": "price_change"}}
{"_local_timestamp": "2026-01-25T23:42:10.893484+00:00", "data": {"market": "0x9fa8edb100e017bd5633db881bfd7f39d8feaf23e488562c7863403b75f2b72a", "price_changes": [{"asset_id": "109451912333674650094373499600078573206027333544803021029937231897917192478306", "price": "0.06", "size": "0", "side": "BUY", "hash": "fe3cb9e6ef8845c30b438d7c0923c0662e9c4f29", "best_bid": "0.03", "best_ask": "0.96"}, {"asset_id": "97737434631321407607330081336176115113173871167799349015045656897989017126587", "price": "0.94", "size": "0", "side": "SELL", "hash": "8f3afdb897acd743578eb3c66f5678ed918fbe1e", "best_bid": "0.04", "best_ask": "0.97"}], "timestamp": "1769384530761", "event_type": "price_change"}}
{"_local_timestamp": "2026-01-25T23:42:10.920276+00:00", "data": {"market": "0xe34b0bb444471383c90cec5dc69f813a9b3545444de919995ff030dac71248a3", "price_changes": [{"asset_id": "97700218319543636355981601320594824056628162134390242486220190083801463286044", "price": "0.06", "size": "5.47", "side": "BUY", "hash": "c7abafa4e9da6924b313c649d02d6ce262c411eb", "best_bid": "0.06", "best_ask": "0.96"}, {"asset_id": "112017627761537300677970694411480436137463788285461926216623118683376584067380", "price": "0.94", "size": "5.47", "side": "SELL", "hash": "aee8264a43748442f88c4b19db44e44af29146c3", "best_bid": "0.04", "best_ask": "0.94"}], "timestamp": "1769384530852", "event_type": "price_change"}}
{"_local_timestamp": "2026-01-25T23:42:10.980603+00:00", "data": {"market": "0x9fa8edb100e017bd5633db881bfd7f39d8feaf23e488562c7863403b75f2b72a", "price_changes": [{"asset_id": "109451912333674650094373499600078573206027333544803021029937231897917192478306", "price": "0.04", "size": "5.47", "side": "BUY", "hash": "979589745a062043089274eb402975bece0ec84a", "best_bid": "0.04", "best_ask": "0.96"}, {"asset_id": "97737434631321407607330081336176115113173871167799349015045656897989017126587", "price": "0.96", "size": "5.47", "side": "SELL", "hash": "5f1955420dbdbf0d7e0f683cd9c3969e8bf83a07", "best_bid": "0.04", "best_ask": "0.96"}], "timestamp": "1769384530853", "event_type": "price_change"}}
{"_local_timestamp": "2026-01-25T23:42:10.995060+00:00", "data": {"market": "0xb4cb0ae16ba9281cdc5a5d20f324d0d0a7753d6116d0d905e0a8742ae8d0c244", "price_changes": [{"asset_id": "102744846850187161380521503397483870162725714816776510187447472868892066157718", "price": "0.04", "size": "5.47", "side": "BUY", "hash": "4d8ee2ad5900abf04352815a3bd8913983329833", "best_bid": "0.04", "best_ask": "0.96"}, {"asset_id": "37092008225382265270014902992349514323037660984217265301171261275317809758859", "price": "0.96", "size": "5.47", "side": "SELL", "hash": "7519a5653a9f1f3a91d19a591aa37832259cdf19", "best_bid": "0.04", "best_ask": "0.96"}], "timestamp": "1769384530853", "event_type": "price_change"}}
{"_local_timestamp": "2026-01-25T23:42:10.995749+00:00", "data": {"market": "0x362912f5cb655b81e79607e953e32f84dac1572753e2391f459e450478265749", "price_changes": [{"asset_id": "111407420641358258640954942754741699488195643075274492825410595934557666593274", "price": "0.06", "size": "5.47", "side": "BUY", "hash": "ca0b6c4939615faa00f0ee0745cd00c8ba3b0b12", "best_bid": "0.06", "best_ask": "0.96"}, {"asset_id": "3087755881123905074274619731943137130363325113969580976113246712649699904601", "price": "0.94", "size": "5.47", "side": "SELL", "hash": "ae20a4a0fbd9d3257097046f7e159c749e2659f1", "best_bid": "0.04", "best_ask": "0.94"}], "timestamp": "1769384530853", "event_type": "price_change"}}
{"_local_timestamp": "2026-01-25T23:42:10.996770+00:00", "data": {"market": "0xd3b44443f0b39d21079f0a72254268aee2103faf72e7b3109d8ae6764d416152", "price_changes": [{"asset_id": "74195830337912012661209045255656626007077925536496881065075327343195504551863", "price": "0.04", "size": "5.47", "side": "BUY", "hash": "6518c70e5189012e339f4c55b04edfb79925e821", "best_bid": "0.04", "best_ask": "0.96"}, {"asset_id": "66916591411271253117011649722470760555098136629103997561616701243019995826796", "price": "0.96", "size": "5.47", "side": "SELL", "hash": "9fef5da2a3ee3349de2af8c2087219c02fbe09d0", "best_bid": "0.04", "best_ask": "0.96"}], "timestamp": "1769384530853", "event_type": "price_change"}}
{"_local_timestamp": "2026-01-25T23:42:10.997506+00:00", "data": {"market": "0xc62866c20352813ae054a41ad3f1b92292b5300d7bfc1143e9c6a41823fe5992", "price_changes": [{"asset_id": "52759588103937363641506362299958930445030460683736633313225430843238074731373", "price": "0.04", "size": "5.47", "side": "BUY", "hash": "86bf1fb08034d64560ed06f6c4dc1197b61b0e1d", "best_bid": "0.04", "best_ask": "0.96"}, {"asset_id": "47133502308465006307801302772561127971127968369129604946852551581692421961280", "price": "0.96", "size": "5.47", "side": "SELL", "hash": "95fa3b95c642758bd3b9626a039a40a5292fcd54", "best_bid": "0.04", "best_ask": "0.96"}], "timestamp": "1769384530853", "event_type": "price_change"}}
{"_local_timestamp": "2026-01-25T23:42:10.998197+00:00", "data": {"market": "0xd37f59b9c51a3548d7c9740bc25c619c6da8e03acc850023295b8b983ad20527", "price_changes": [{"asset_id": "10617636138259507285477245956793545272020397648836479158116719634159970012149", "price": "0.04", "size": "5.47", "side": "BUY", "hash": "8d1cc0b77dd64203fe74990d464a674379de3031", "best_bid": "0.04", "best_ask": "0.96"}, {"asset_id": "86922549432847869502897076242034045799267352097019606723721140333601147624472", "price": "0.96", "size": "5.47", "side": "SELL", "hash": "737e1b993ab33135c43ed28588c592b25c6c7682", "best_bid": "0.04", "best_ask": "0.96"}], "timestamp": "1769384530853", "event_type": "price_change"}}
{"_local_timestamp": "2026-01-25T23:42:10.998763+00:00", "data": {"market": "0x19a4d27add00ce27b2a3cf7ca5705ef8aade39a8ece33948e9b2f02c192152be", "price_changes": [{"asset_id": "95172888027281193001519088464175285929338904438226458264353810757936163188044", "price": "0.04", "size": "5.47", "side": "BUY", "hash": "3c42411113d7402d7a5d261baf77e81737597c3c", "best_bid": "0.04", "best_ask": "0.96"}, {"asset_id": "71489691980085603195785483996972122116532490472494448024267486667321753208838", "price": "0.96", "size": "5.47", "side": "SELL", "hash": "8a4e52771e0c3b3a89e14f6d866133f85506812f", "best_bid": "0.04", "best_ask": "0.96"}], "timestamp": "1769384530853", "event_type": "price_change"}}
{"_local_timestamp": "2026-01-25T23:42:10.999343+00:00", "data": {"market": "0x02682a05084a43701a3e859db3f03bc7035ea32f4ae3c139855869bbb49062f1", "price_changes": [{"asset_id": "30887032572101121332187740667215094491657468658291043188830897987016129354142", "price": "0.06", "size": "5.47", "side": "BUY", "hash": "ef0e119de3288cfc1d0a5f7840daa49fd52094da", "best_bid": "0.06", "best_ask": "0.96"}, {"asset_id": "35192903361091849248940718645499233167215841826837724281530158082247957989629", "price": "0.94", "size": "5.47", "side": "SELL", "hash": "46c54caee07c40e037844e79b5f1f361e61888e7", "best_bid": "0.04", "best_ask": "0.94"}], "timestamp": "1769384530853", "event_type": "price_change"}}
