{"_local_timestamp": "2026-01-25T23:34:26.469689+00:00", "data": [{"market": "0x8df3f4177dccfc02e9f486b6e5cf1911c8cc32012b68969d775be8c950df3d13", "asset_id": "31096304467152457634405492337756052692211574978116850207412418661689430008994", "timestamp": "1769383983078", "hash": "f49fe484453b4f3cd089c42efe9dfd37454bced0", "bids": [{"price": "0.01", "size": "206.9"}, {"price": "0.02", "size": "36.54"}, {"price": "0.04", "size": "29.99"}, {"price": "0.05", "size": "5.47"}], "asks": [{"price": "0.99", "size": "202.04"}, {"price": "0.98", "size": "38.97"}, {"price": "0.96", "size": "29.99"}], "event_type": "book", "last_trade_price": ""}, {"market": "0xb3aff18af4d618f6e903ee3558b5fc0f5f65ed7f92964e27b81f6ca265c3ceaf", "asset_id": "113436467246538833628857067139439070417837770117133416171906933520835518780518", "timestamp": "1769383760885", "hash": "8193b5be877056ca210877f60f4eddc783bbec3c", "bids": [{"price": "0.01", "size": "206.92"}, {"price": "0.02", "size": "36.54"}, {"price": "0.05", "size": "15.47"}], "asks": [{"price": "0.99", "size": "202.04"}, {"price": "0.98", "size": "38.97"}, {"price": "0.96", "size": "29.99"}], "event_type": "book", "last_trade_price": ""}, {"market": "0xc94bfa171355f6a22f80a52f9770c84a2949ed5d7a80570422eb2fc1733f8de4", "asset_id": "21704100547466140354297165666970936782748304623711727658787256264308971770660", "timestamp": "1769383983078", "hash": "6c48545b15605d3e116e3619cb12f282df8bacd0", "bids": [{"price": "0.01", "size": "202.04"}, {"price": "0.02", "size": "38.97"}, {"price": "0.04", "size": "29.99"}], "asks": [{"price": "0.99", "size": "198.6"}, {"price": "0.98", "size": "40.69"}, {"price": "0.96", "size": "29.99"}, {"price": "0.95", "size": "5.47"}], "event_type": "book", "last_trade_price": ""}, {"market": "0xd2088b9dd0032417fc5fd3ad66ef3a6996e5218b5480932d8580770bc808c1bf", "asset_id": "47052930761622718275983190621074422477087002915774010201326359444895553115250", "timestamp": "1769383983078", "hash": "b914106cbae29225bfc1f62e479f92d3e59d9590", "bids": [{"price": "0.01", "size": "255.04"}, {"price": "0.02", "size": "38.97"}, {"price": "0.04", "size": "29.99"}], "asks": [{"price": "0.99", "size": "259.9"}, {"price": "0.98", "size": "42.01"}, {"price": "0.96", "size": "29.99"}, {"price": "0.95", "size": "5.47"}], "event_type": "book", "last_trade_price": ""}, {"market": "0x8df3f4177dccfc02e9f486b6e5cf1911c8cc32012b68969d775be8c950df3d13", "asset_id": "35934855385356806015268668630937319046295720451853877633056917966345903688309", "timestamp": "1769383983078", "hash": "5bd1739da0c978fc717252bb2c546fd29e35b1d3", "bids": [{"price": "0.01", "size": "202.04"}, {"price": "0.02", "size": "38.97"}, {"price": "0.04", "size": "29.99"}], "asks": [{"price": "0.99", "size": "206.9"}, {"price": "0.98", "size": "36.54"}, {"price": "0.96", "size": "29.99"}, {"price": "0.95", "size": "5.47"}], "event_type": "book", "last_trade_price": ""}, {"market": "0xd2088b9dd0032417fc5fd3ad66ef3a6996e5218b5480932d8580770bc808c1bf", "asset_id": "82095407864677467172127451138631439651822394922008350223069321810339069691024", "timestamp": "1769383983078", "hash": "a31ab8acfa322137b388fc0222473fe5060877cc", "bids": [{"price": "0.01", "size": "259.9"}, {"price": "0.02", "size": "42.01"}, {"price": "0.04", "size": "29.99"}, {"price": "0.05", "size": "5.47"}], "asks": [{"price": "0.99", "size": "255.04"}, {"price": "0.98", "size": "38.97"}, {"price": "0.96", "size": "29.99"}], "event_type": "book", "last_trade_price": ""}, {"market": "0x0eb1c6f465e41b8ea7291b733e2eef1f164ad572e9a55fdecec5a1d411013ba5", "asset_id": "33958274793110908094468859563638116640522203529001890539144186286368886138372", "timestamp": "1769382609192", "hash": "7f36f6e188a4c77efabc10c055f51e71340c4e02", "bids": [{"price": "0.01", "size": "286.37"}, {"price": "0.02", "size": "46.81"}, {"price": "0.26", "size": "10"}, {"price": "0.27", "size": "50"}], "asks": [{"price": "0.99", "size": "286.19"}, {"price": "0.98", "size": "46.9"}, {"price": "0.68", "size": "10"}, {"price": "0.67", "size": "50"}], "event_type": "book", "last_trade_price": ""}, {"market": "0xb3aff18af4d618f6e903ee3558b5fc0f5f65ed7f92964e27b81f6ca265c3ceaf", "asset_id": "114755525791646733978828936055940043178856369152461473747742470239650220184988", "timestamp": "1769383760885", "hash": "aba2b4ff830ec238becc42cd75cfbce4cac16727", "bids": [{"price": "0.01", "size": "202.04"}, {"price": "0.02", "size": "38.97"}, {"price": "0.04", "size": "29.99"}], "asks": [{"price": "0.99", "size": "206.92"}, {"price": "0.98", "size": "36.54"}, {"price": "0.95", "size": "15.47"}], "event_type": "book", "last_trade_price": ""}, {"market": "0xc94bfa171355f6a22f80a52f9770c84a2949ed5d7a80570422eb2fc1733f8de4", "asset_id": "51703194422543747759933537669202045196082522982843564888569555625169247328515", "timestamp": "1769383983078", "hash": "028f02c42d1aab8db8cd49e9f22aa294363537ec", "bids": [{"price": "0.01", "size": "198.6"}, {"price": "0.02", "size": "40.69"}, {"price": "0.04", "size": "29.99"}, {"price": "0.05", "size": "5.47"}], "asks": [{"price": "0.99", "size": "202.04"}, {"price": "0.98", "size": "38.97"}, {"price": "0.96", "size": "29.99"}], "event_type": "book", "last_trade_price": ""}, {"market": "0x0eb1c6f465e41b8ea7291b733e2eef1f164ad572e9a55fdecec5a1d411013ba5", "asset_id": "22587267150469768271909381616676316528620428923306956242323972729859699829585", "timestamp": "1769382609192", "hash": "437f6833e70cc926291c06420f622de2622ff1ed", "bids": [{"price": "0.01", "size": "286.19"}, {"price": "0.02", "size": "46.9"}, {"price": "0.32", "size": "10"}, {"price": "0.33", "size": "50"}], "asks": [{"price": "0.99", "size": "286.37"}, {"price": "0.98", "size": "46.81"}, {"price": "0.74", "size": "10"}, {"price": "0.73", "size": "50"}], "event_type": "book", "last_trade_price": ""}]}
