{"_local_timestamp": "2026-01-25T23:34:26.469689+00:00", "data": [{"market": "0x8df3f4177dccfc02e9f486b6e5cf1911c8cc32012b68969d775be8c950df3d13", "asset_id": "31096304467152457634405492337756052692211574978116850207412418661689430008994", "timestamp": "1769383983078", "hash": "f49fe484453b4f3cd089c42efe9dfd37454bced0", "bids": [{"price": "0.01", "size": "206.9"}, {"price": "0.02", "size": "36.54"}, {"price": "0.04", "size": "29.99"}, {"price": "0.05", "size": "5.47"}], "asks": [{"price": "0.99", "size": "202.04"}, {"price": "0.98", "size": "38.97"}, {"price": "0.96", "size": "29.99"}], "event_type": "book", "last_trade_price": ""}, {"market": "0xb3aff18af4d618f6e903ee3558b5fc0f5f65ed7f92964e27b81f6ca265c3ceaf", "asset_id": "113436467246538833628857067139439070417837770117133416171906933520835518780518", "timestamp": "1769383760885", "hash": "8193b5be877056ca210877f60f4eddc783bbec3c", "bids": [{"price": "0.01", "size": "206.92"}, {"price": "0.02", "size": "36.54"}, {"price": "0.05", "size": "15.47"}], "asks": [{"price": "0.99", "size": "202.04"}, {"price": "0.98", "size": "38.97"}, {"price": "0.96", "size": "29.99"}], "event_type": "book", "last_trade_price": ""}, {"market": "0xc94bfa171355f6a22f80a52f9770c84a2949ed5d7a80570422eb2fc1733f8de4", "asset_id": "21704100547466140354297165666970936782748304623711727658787256264308971770660", "timestamp": "1769383983078", "hash": "6c48545b15605d3e116e3619cb12f282df8bacd0", "bids": [{"price": "0.01", "size": "202.04"}, {"price": "0.02", "size": "38.97"}, {"price": "0.04", "size": "29.99"}], "asks": [{"price": "0.99", "size": "198.6"}, {"price": "0.98", "size": "40.69"}, {"price": "0.96", "size": "29.99"}, {"price": "0.95", "size": "5.47"}], "event_type": "book", "last_trade_price": ""}, {"market": "0xd2088b9dd0032417fc5fd3ad66ef3a6996e5218b5480932d8580770bc808c1bf", "asset_id": "47052930761622718275983190621074422477087002915774010201326359444895553115250", "timestamp": "1769383983078", "hash": "b914106cbae29225bfc1f62e479f92d3e59d9590", "bids": [{"price": "0.01", "size": "255.04"}, {"price": "0.02", "size": "38.97"}, {"price": "0.04", "size": "29.99"}], "asks": [{"price": "0.99", "size": "259.9"}, {"price": "0.98", "size": "42.01"}, {"price": "0.96", "size": "29.99"}, {"price": "0.95", "size": "5.47"}], "event_type": "book", "last_trade_price": ""}, {"market": "0x8df3f4177dccfc02e9f486b6e5cf1911c8cc32012b68969d775be8c950df3d13", "asset_id": "35934855385356806015268668630937319046295720451853877633056917966345903688309", "timestamp": "1769383983078", "hash": "5bd1739da0c978fc717252bb2c546fd29e35b1d3", "bids": [{"price": "0.01", "size": "202.04"}, {"price": "0.02", "size": "38.97"}, {"price": "0.04", "size": "29.99"}], "asks": [{"price": "0.99", "size": "206.9"}, {"price": "0.98", "size": "36.54"}, {"price": "0.96", "size": "29.99"}, {"price": "0.95", "size": "5.47"}], "event_type": "book", "last_trade_price": ""}, {"market": "0xd2088b9dd0032417fc5fd3ad66ef3a6996e5218b5480932d8580770bc808c1bf", "asset_id": "82095407864677467172127451138631439651822394922008350223069321810339069691024", "timestamp": "1769383983078", "hash": "a31ab8acfa322137b388fc0222473fe5060877cc", "bids": [{"price": "0.01", "size": "259.9"}, {"price": "0.02", "size": "42.01"}, {"price": "0.04", "size": "29.99"}, {"price": "0.05", "size": "5.47"}], "asks": [{"price": "0.99", "size": "255.04"}, {"price": "0.98", "size": "38.97"}, {"price": "0.96", "size": "29.99"}], "event_type": "book", "last_trade_price": ""}, {"market": "0x0eb1c6f465e41b8ea7291b733e2eef1f164ad572e9a55fdecec5a1d411013ba5", "asset_id": "33958274793110908094468859563638116640522203529001890539144186286368886138372", "timestamp": "1769382609192", "hash": "7f36f6e188a4c77efabc10c055f51e71340c4e02", "bids": [{"price": "0.01", "size": "286.37"}, {"price": "0.02", "size": "46.81"}, {"price": "0.26", "size": "10"}, {"price": "0.27", "size": "50"}], "asks": [{"price": "0.99", "size": "286.19"}, {"price": "0.98", "size": "46.9"}, {"price": "0.68", "size": "10"}, {"price": "0.67", "size": "50"}], "event_type": "book", "last_trade_price": ""}, {"market": "0xb3aff18af4d618f6e903ee3558b5fc0f5f65ed7f92964e27b81f6ca265c3ceaf", "asset_id": "114755525791646733978828936055940043178856369152461473747742470239650220184988", "timestamp": "1769383760885", "hash": "aba2b4ff830ec238becc42cd75cfbce4cac16727", "bids": [{"price": "0.01", "size": "202.04"}, {"price": "0.02", "size": "38.97"}, {"price": "0.04", "size": "29.99"}], "asks": [{"price": "0.99", "size": "206.92"}, {"price": "0.98", "size": "36.54"}, {"price": "0.95", "size": "15.47"}], "event_type": "book", "last_trade_price": ""}, {"market": "0xc94bfa171355f6a22f80a52f9770c84a2949ed5d7a80570422eb2fc1733f8de4", "asset_id": "51703194422543747759933537669202045196082522982843564888569555625169247328515", "timestamp": "1769383983078", "hash": "028f02c42d1aab8db8cd49e9f22aa294363537ec", "bids": [{"price": "0.01", "size": "198.6"}, {"price": "0.02", "size": "40.69"}, {"price": "0.04", "size": "29.99"}, {"price": "0.05", "size": "5.47"}], "asks": [{"price": "0.99", "size": "202.04"}, {"price": "0.98", "size": "38.97"}, {"price": "0.96", "size": "29.99"}], "event_type": "book", "last_trade_price": ""}, {"market": "0x0eb1c6f465e41b8ea7291b733e2eef1f164ad572e9a55fdecec5a1d411013ba5", "asset_id": "22587267150469768271909381616676316528620428923306956242323972729859699829585", "timestamp": "1769382609192", "hash": "437f6833e70cc926291c06420f622de2622ff1ed", "bids": [{"price": "0.01", "size": "286.19"}, {"price": "0.02", "size": "46.9"}, {"price": "0.32", "size": "10"}, {"price": "0.33", "size": "50"}], "asks": [{"price": "0.99", "size": "286.37"}, {"price": "0.98", "size": "46.81"}, {"price": "0.74", "size": "10"}, {"price": "0.73", "size": "50"}], "event_type": "book", "last_trade_price": ""}]}
{"_local_timestamp": "2026-01-25T23:34:34.399081+00:00", "data": {"market": "0xc94bfa171355f6a22f80a52f9770c84a2949ed5d7a80570422eb2fc1733f8de4", "price_changes": [{"asset_id": "51703194422543747759933537669202045196082522982843564888569555625169247328515", "price": "0.04", "size": "0", "side": "BUY", "hash": "e3cd3630d43bcb46c4b52b24cae038493c2200aa", "best_bid": "0.05", "best_ask": "0.96"}, {"asset_id": "21704100547466140354297165666970936782748304623711727658787256264308971770660", "price": "0.96", "size": "0", "side": "SELL", "hash": "f333d9920f09a4f47e458d42f3aa6908e4e8177b", "best_bid": "0.04", "best_ask": "0.95"}], "timestamp": "1769384074174", "event_type": "price_change"}}
{"_local_timestamp": "2026-01-25T23:34:34.495797+00:00", "data": {"market": "0xd2088b9dd0032417fc5fd3ad66ef3a6996e5218b5480932d8580770bc808c1bf", "price_changes": [{"asset_id": "82095407864677467172127451138631439651822394922008350223069321810339069691024", "price": "0.04", "size": "0", "side": "BUY", "hash": "a9bfedb12e8217f936e1555eee2f4f93bcfe0236", "best_bid": "0.05", "best_ask": "0.96"}, {"asset_id": "47052930761622718275983190621074422477087002915774010201326359444895553115250", "price": "0.96", "size": "0", "side": "SELL", "hash": "af26bba9c26f71c7954d06a3dc384c188f128643", "best_bid": "0.04", "best_ask": "0.95"}], "timestamp": "1769384074278", "event_type": "price_change"}}
{"_local_timestamp": "2026-01-25T23:34:34.585289+00:00", "data": {"market": "0x8df3f4177dccfc02e9f486b6e5cf1911c8cc32012b68969d775be8c950df3d13", "price_changes": [{"asset_id": "31096304467152457634405492337756052692211574978116850207412418661689430008994", "price": "0.04", "size": "0", "side": "BUY", "hash": "babf8d7098acfcc4cb50c48a0d4f9bc7b2ec7443", "best_bid": "0.05", "best_ask": "0.96"}, {"asset_id": "35934855385356806015268668630937319046295720451853877633056917966345903688309", "price": "0.96", "size": "0", "side": "SELL", "hash": "5fb97becc87a99e9ec7d22982bb7fddcac2d7498", "best_bid": "0.04", "best_ask": "0.95"}], "timestamp": "1769384074376", "event_type": "price_change"}}
{"_local_timestamp": "2026-01-25T23:34:35.289843+00:00", "data": {"market": "0xd2088b9dd0032417fc5fd3ad66ef3a6996e5218b5480932d8580770bc808c1bf", "price_changes": [{"asset_id": "82095407864677467172127451138631439651822394922008350223069321810339069691024", "price": "0.05", "size": "0", "side": "BUY", "hash": "e319176f9e2947f1fbeb78edb86de4911873790c", "best_bid": "0.02", "best_ask": "0.96"}, {"asset_id": "47052930761622718275983190621074422477087002915774010201326359444895553115250", "price": "0.95", "size": "0", "side": "SELL", "hash": "6a4d087f958c2a8b7d6d4a9989d7d7da3969f6ae", "best_bid": "0.04", "best_ask": "0.98"}], "timestamp": "1769384075057", "event_type": "price_change"}}
{"_local_timestamp": "2026-01-25T23:34:35.299792+00:00", "data": {"market": "0x8df3f4177dccfc02e9f486b6e5cf1911c8cc32012b68969d775be8c950df3d13", "price_changes": [{"asset_id": "31096304467152457634405492337756052692211574978116850207412418661689430008994", "price": "0.05", "size": "0", "side": "BUY", "hash": "2e1c978a3f6f8af539b71f2c0265338ac272ca27", "best_bid": "0.02", "best_ask": "0.96"}, {"asset_id": "35934855385356806015268668630937319046295720451853877633056917966345903688309", "price": "0.95", "size": "0", "side": "SELL", "hash": "af3b47e025d5de8c6882f87fb7d8e6d1aac2203d", "best_bid": "0.04", "best_ask": "0.98"}], "timestamp": "1769384075057", "event_type": "price_change"}}
{"_local_timestamp": "2026-01-25T23:34:35.300196+00:00", "data": {"market": "0xc94bfa171355f6a22f80a52f9770c84a2949ed5d7a80570422eb2fc1733f8de4", "price_changes": [{"asset_id": "51703194422543747759933537669202045196082522982843564888569555625169247328515", "price": "0.05", "size": "0", "side": "BUY", "hash": "d905cb9bebd14e42fc7d123c153b494966fb2bdd", "best_bid": "0.02", "best_ask": "0.96"}, {"asset_id": "21704100547466140354297165666970936782748304623711727658787256264308971770660", "price": "0.95", "size": "0", "side": "SELL", "hash": "872195e96ee435f331392c896f936fa9f0c65a41", "best_bid": "0.04", "best_ask": "0.98"}], "timestamp": "1769384075057", "event_type": "price_change"}}
{"_local_timestamp": "2026-01-25T23:34:35.640605+00:00", "data": {"market": "0x8df3f4177dccfc02e9f486b6e5cf1911c8cc32012b68969d775be8c950df3d13", "price_changes": [{"asset_id": "31096304467152457634405492337756052692211574978116850207412418661689430008994", "price": "0.03", "size": "5.47", "side": "BUY", "hash": "4053247dce9d2550afaa9acf6695a7601ad8ee58", "best_bid": "0.03", "best_ask": "0.96"}, {"asset_id": "35934855385356806015268668630937319046295720451853877633056917966345903688309", "price": "0.97", "size": "5.47", "side": "SELL", "hash": "fed0f878d53f4e62e6e641e5c20d7f6e2d9b2afc", "best_bid": "0.04", "best_ask": "0.97"}], "timestamp": "1769384075389", "event_type": "price_change"}}
{"_local_timestamp": "2026-01-25T23:34:35.641000+00:00", "data": {"market": "0xd2088b9dd0032417fc5fd3ad66ef3a6996e5218b5480932d8580770bc808c1bf", "price_changes": [{"asset_id": "82095407864677467172127451138631439651822394922008350223069321810339069691024", "price": "0.03", "size": "5.47", "side": "BUY", "hash": "7a39de8a53d2fdfe1e2adb0a79c38b2590bbad75", "best_bid": "0.03", "best_ask": "0.96"}, {"asset_id": "47052930761622718275983190621074422477087002915774010201326359444895553115250", "price": "0.97", "size": "5.47", "side": "SELL", "hash": "5cd70c446d78d030cfcbc5640e0095a3fb19ace9", "best_bid": "0.04", "best_ask": "0.97"}], "timestamp": "1769384075389", "event_type": "price_change"}}
{"_local_timestamp": "2026-01-25T23:34:35.669321+00:00", "data": {"market": "0xc94bfa171355f6a22f80a52f9770c84a2949ed5d7a80570422eb2fc1733f8de4", "price_changes": [{"asset_id": "51703194422543747759933537669202045196082522982843564888569555625169247328515", "price": "0.03", "size": "5.47", "side": "BUY", "hash": "462ce3dee85696a684ade3411a1957fdfb45dde9", "best_bid": "0.03", "best_ask": "0.96"}, {"asset_id": "21704100547466140354297165666970936782748304623711727658787256264308971770660", "price": "0.97", "size": "5.47", "side": "SELL", "hash": "4a8c6760ebca1f1b1a00bfd501478efcf846c618", "best_bid": "0.04", "best_ask": "0.97"}], "timestamp": "1769384075436", "event_type": "price_change"}}
{"_local_timestamp": "2026-01-25T23:35:07.769310+00:00", "data": {"market": "0xc94bfa171355f6a22f80a52f9770c84a2949ed5d7a80570422eb2fc1733f8de4", "price_changes": [{"asset_id": "51703194422543747759933537669202045196082522982843564888569555625169247328515", "price": "0.02", "size": "24.14", "side": "BUY", "hash": "a17ca91bee12129ab4b9e0c240d13a9a821c72b4", "best_bid": "0.03", "best_ask": "0.96"}, {"asset_id": "21704100547466140354297165666970936782748304623711727658787256264308971770660", "price": "0.98", "size": "24.14", "side": "SELL", "hash": "e4402c4d61263fb30e294ac4c065e784beef3e98", "best_bid": "0.04", "best_ask": "0.97"}], "timestamp": "1769384107702", "event_type": "price_change"}}
{"_local_timestamp": "2026-01-25T23:35:08.074408+00:00", "data": {"market": "0xc94bfa171355f6a22f80a52f9770c84a2949ed5d7a80570422eb2fc1733f8de4", "price_changes": [{"asset_id": "51703194422543747759933537669202045196082522982843564888569555625169247328515", "price": "0.01", "size": "206.9", "side": "BUY", "hash": "82be6cd96376497fd7d58ddc3f88af7c6d5e9777", "best_bid": "0.03", "best_ask": "0.96"}, {"asset_id": "21704100547466140354297165666970936782748304623711727658787256264308971770660", "price": "0.99", "size": "206.9", "side": "SELL", "hash": "ca0b053cd33a3cc94dd69102323b82169a37b13c", "best_bid": "0.04", "best_ask": "0.97"}], "timestamp": "1769384107982", "event_type": "price_change"}}
{"_local_timestamp": "2026-01-25T23:35:08.074993+00:00", "data": {"market": "0xc94bfa171355f6a22f80a52f9770c84a2949ed5d7a80570422eb2fc1733f8de4", "price_changes": [{"asset_id": "51703194422543747759933537669202045196082522982843564888569555625169247328515", "price": "0.02", "size": "36.54", "side": "BUY", "hash": "9f6a0af494abc7270c12c1b48a5d36fa0ebfc170", "best_bid": "0.03", "best_ask": "0.96"}, {"asset_id": "21704100547466140354297165666970936782748304623711727658787256264308971770660", "price": "0.98", "size": "36.54", "side": "SELL", "hash": "f37f30796d1154de5fc500da8de44be089b832b9", "best_bid": "0.04", "best_ask": "0.97"}], "timestamp": "1769384107983", "event_type": "price_change"}}
{"_local_timestamp": "2026-01-25T23:35:08.494093+00:00", "data": {"market": "0xb3aff18af4d618f6e903ee3558b5fc0f5f65ed7f92964e27b81f6ca265c3ceaf", "price_changes": [{"asset_id": "113436467246538833628857067139439070417837770117133416171906933520835518780518", "price": "0.01", "size": "192.11", "side": "BUY", "hash": "05d1c8df49cb0953e0d7608dac0b926e885978c9", "best_bid": "0.05", "best_ask": "0.96"}, {"asset_id": "114755525791646733978828936055940043178856369152461473747742470239650220184988", "price": "0.99", "size": "192.11", "side": "SELL", "hash": "7aa28f67b48dff56e108c52b36834864deb401ae", "best_bid": "0.04", "best_ask": "0.95"}], "timestamp": "1769384108423", "event_type": "price_change"}}
{"_local_timestamp": "2026-01-25T23:35:08.801595+00:00", "data": {"market": "0xb3aff18af4d618f6e903ee3558b5fc0f5f65ed7f92964e27b81f6ca265c3ceaf", "price_changes": [{"asset_id": "113436467246538833628857067139439070417837770117133416171906933520835518780518", "price": "0.01", "size": "206.92", "side": "BUY", "hash": "c01b955c64f2eab7b6cffc39f605becdb473492a", "best_bid": "0.05", "best_ask": "0.96"}, {"asset_id": "114755525791646733978828936055940043178856369152461473747742470239650220184988", "price": "0.99", "size": "206.92", "side": "SELL", "hash": "91afddc54d3db769e50860e22fccc49840f7908e", "best_bid": "0.04", "best_ask": "0.95"}], "timestamp": "1769384108738", "event_type": "price_change"}}
{"_local_timestamp": "2026-01-25T23:36:06.052082+00:00", "data": {"market": "0x8df3f4177dccfc02e9f486b6e5cf1911c8cc32012b68969d775be8c950df3d13", "price_changes": [{"asset_id": "31096304467152457634405492337756052692211574978116850207412418661689430008994", "price": "0.04", "size": "29.99", "side": "BUY", "hash": "4252af721c0cc2728247607175cb920d9595f2e4", "best_bid": "0.04", "best_ask": "0.96"}, {"asset_id": "35934855385356806015268668630937319046295720451853877633056917966345903688309", "price": "0.96", "size": "29.99", "side": "SELL", "hash": "200014735142103d1e28e546546d5e58ed894780", "best_bid": "0.04", "best_ask": "0.96"}], "timestamp": "1769384165976", "event_type": "price_change"}}
{"_local_timestamp": "2026-01-25T23:36:06.053126+00:00", "data": {"market": "0xd2088b9dd0032417fc5fd3ad66ef3a6996e5218b5480932d8580770bc808c1bf", "price_changes": [{"asset_id": "82095407864677467172127451138631439651822394922008350223069321810339069691024", "price": "0.04", "size": "29.99", "side": "BUY", "hash": "07ba2f2f5463d04a1f93436d674f493267d99e5d", "best_bid": "0.04", "best_ask": "0.96"}, {"asset_id": "47052930761622718275983190621074422477087002915774010201326359444895553115250", "price": "0.96", "size": "29.99", "side": "SELL", "hash": "12847c28a204aa747f019cdc69d30f9df0ff64c2", "best_bid": "0.04", "best_ask": "0.96"}], "timestamp": "1769384165976", "event_type": "price_change"}}
{"_local_timestamp": "2026-01-25T23:36:06.174878+00:00", "data": {"market": "0xc94bfa171355f6a22f80a52f9770c84a2949ed5d7a80570422eb2fc1733f8de4", "price_changes": [{"asset_id": "51703194422543747759933537669202045196082522982843564888569555625169247328515", "price": "0.04", "size": "29.99", "side": "BUY", "hash": "22234f4f73380690134499bdb1a2bb24443f56ef", "best_bid": "0.04", "best_ask": "0.96"}, {"asset_id": "21704100547466140354297165666970936782748304623711727658787256264308971770660", "price": "0.96", "size": "29.99", "side": "SELL", "hash": "74fd36cafc15297cad3945bfc1c68b2e3f25268f", "best_bid": "0.04", "best_ask": "0.96"}], "timestamp": "1769384166080", "event_type": "price_change"}}
{"_local_timestamp": "2026-01-25T23:36:09.242849+00:00", "data": {"market": "0xc94bfa171355f6a22f80a52f9770c84a2949ed5d7a80570422eb2fc1733f8de4", "price_changes": [{"asset_id": "51703194422543747759933537669202045196082522982843564888569555625169247328515", "price": "0.03", "size": "0", "side": "BUY", "hash": "4587ebad583122ff4b8eec754a7ddf30f94c3151", "best_bid": "0.04", "best_ask": "0.96"}, {"asset_id": "21704100547466140354297165666970936782748304623711727658787256264308971770660", "price": "0.97", "size": "0", "side": "SELL", "hash": "be14e5a6c2d14754f2899773808c4294b341ae82", "best_bid": "0.04", "best_ask": "0.96"}], "timestamp": "1769384169171", "event_type": "price_change"}}
{"_local_timestamp": "2026-01-25T23:36:09.251582+00:00", "data": {"market": "0xd2088b9dd0032417fc5fd3ad66ef3a6996e5218b5480932d8580770bc808c1bf", "price_changes": [{"asset_id": "82095407864677467172127451138631439651822394922008350223069321810339069691024", "price": "0.03", "size": "0", "side": "BUY", "hash": "487210c1859bbe813a886aa3c57ee8abd96cc8fb", "best_bid": "0.04", "best_ask": "0.96"}, {"asset_id": "47052930761622718275983190621074422477087002915774010201326359444895553115250", "price": "0.97", "size": "0", "side": "SELL", "hash": "bdac996db32d243df4e6b8cec07b4abc60c522d7", "best_bid": "0.04", "best_ask": "0.96"}], "timestamp": "1769384169171", "event_type": "price_change"}}
{"_local_timestamp": "2026-01-25T23:36:09.252155+00:00", "data": {"market": "0x8df3f4177dccfc02e9f486b6e5cf1911c8cc32012b68969d775be8c950df3d13", "price_changes": [{"asset_id": "31096304467152457634405492337756052692211574978116850207412418661689430008994", "price": "0.03", "size": "0", "side": "BUY", "hash": "20ee5ac3cc03d1e7cb454952da29ab1616ccdd12", "best_bid": "0.04", "best_ask": "0.96"}, {"asset_id": "35934855385356806015268668630937319046295720451853877633056917966345903688309", "price": "0.97", "size": "0", "side": "SELL", "hash": "994ef89866189c365400aca601dc6a6369ac1a1c", "best_bid": "0.04", "best_ask": "0.96"}], "timestamp": "1769384169172", "event_type": "price_change"}}
{"_local_timestamp": "2026-01-25T23:36:09.687670+00:00", "data": {"market": "0x8df3f4177dccfc02e9f486b6e5cf1911c8cc32012b68969d775be8c950df3d13", "price_changes": [{"asset_id": "31096304467152457634405492337756052692211574978116850207412418661689430008994", "price": "0.05", "size": "5.47", "side": "BUY", "hash": "a1ce125087ae000d69ee6bdd7e87d5a2bfdf7c28", "best_bid": "0.05", "best_ask": "0.96"}, {"asset_id": "35934855385356806015268668630937319046295720451853877633056917966345903688309", "price": "0.95", "size": "5.47", "side": "SELL", "hash": "23c98cdeb406a07b856480f1c6f4cf08c06f65b1", "best_bid": "0.04", "best_ask": "0.95"}], "timestamp": "1769384169614", "event_type": "price_change"}}
{"_local_timestamp": "2026-01-25T23:36:09.688207+00:00", "data": {"market": "0xd2088b9dd0032417fc5fd3ad66ef3a6996e5218b5480932d8580770bc808c1bf", "price_changes": [{"asset_id": "82095407864677467172127451138631439651822394922008350223069321810339069691024", "price": "0.05", "size": "5.47", "side": "BUY", "hash": "527c2cfad45d44df7dead8a3c2a3f289f077e694", "best_bid": "0.05", "best_ask": "0.96"}, {"asset_id": "47052930761622718275983190621074422477087002915774010201326359444895553115250", "price": "0.95", "size": "5.47", "side": "SELL", "hash": "2380b995026d904474d9eb6931fc838ea9774188", "best_bid": "0.04", "best_ask": "0.95"}], "timestamp": "1769384169614", "event_type": "price_change"}}
{"_local_timestamp": "2026-01-25T23:36:09.688672+00:00", "data": {"market": "0xc94bfa171355f6a22f80a52f9770c84a2949ed5d7a80570422eb2fc1733f8de4", "price_changes": [{"asset_id": "51703194422543747759933537669202045196082522982843564888569555625169247328515", "price": "0.05", "size": "5.47", "side": "BUY", "hash": "e0d63b14b8b6cda8f65c44f152d03dd2d8b5f79e", "best_bid": "0.05", "best_ask": "0.96"}, {"asset_id": "21704100547466140354297165666970936782748304623711727658787256264308971770660", "price": "0.95", "size": "5.47", "side": "SELL", "hash": "abbba458425ac32e5a4d3595765b5eced0db08c7", "best_bid": "0.04", "best_ask": "0.95"}], "timestamp": "1769384169614", "event_type": "price_change"}}
{"_local_timestamp": "2026-01-25T23:37:43.747072+00:00", "data": {"market": "0x8df3f4177dccfc02e9f486b6e5cf1911c8cc32012b68969d775be8c950df3d13", "price_changes": [{"asset_id": "31096304467152457634405492337756052692211574978116850207412418661689430008994", "price": "0.04", "size": "0", "side": "BUY", "hash": "8c049ab8974df0e3044518963bbdcfddff346376", "best_bid": "0.05", "best_ask": "0.96"}, {"asset_id": "35934855385356806015268668630937319046295720451853877633056917966345903688309", "price": "0.96", "size": "0", "side": "SELL", "hash": "f47dbc069115124f5bb4e1441b508ece2d688147", "best_bid": "0.04", "best_ask": "0.95"}], "timestamp": "1769384263668", "event_type": "price_change"}}
{"_local_timestamp": "2026-01-25T23:37:43.835924+00:00", "data": {"market": "0xc94bfa171355f6a22f80a52f9770c84a2949ed5d7a80570422eb2fc1733f8de4", "price_changes": [{"asset_id": "51703194422543747759933537669202045196082522982843564888569555625169247328515", "price": "0.04", "size": "0", "side": "BUY", "hash": "87b81199383460e0893cc729ec8491b34a355d21", "best_bid": "0.05", "best_ask": "0.96"}, {"asset_id": "21704100547466140354297165666970936782748304623711727658787256264308971770660", "price": "0.96", "size": "0", "side": "SELL", "hash": "6f046bab177c3d5d50e8a8f67fa9e19469c7fd20", "best_bid": "0.04", "best_ask": "0.95"}], "timestamp": "1769384263764", "event_type": "price_change"}}
{"_local_timestamp": "2026-01-25T23:37:43.836306+00:00", "data": {"market": "0xd2088b9dd0032417fc5fd3ad66ef3a6996e5218b5480932d8580770bc808c1bf", "price_changes": [{"asset_id": "82095407864677467172127451138631439651822394922008350223069321810339069691024", "price": "0.04", "size": "0", "side": "BUY", "hash": "141f8a30b31248fd950e04230b7275cd39326b8d", "best_bid": "0.05", "best_ask": "0.96"}, {"asset_id": "47052930761622718275983190621074422477087002915774010201326359444895553115250", "price": "0.96", "size": "0", "side": "SELL", "hash": "cbaf4c8a83ce9f2740210ddfb663797d11dbc365", "best_bid": "0.04", "best_ask": "0.95"}], "timestamp": "1769384263764", "event_type": "price_change"}}
{"_local_timestamp": "2026-01-25T23:37:46.230343+00:00", "data": {"market": "0x8df3f4177dccfc02e9f486b6e5cf1911c8cc32012b68969d775be8c950df3d13", "price_changes": [{"asset_id": "31096304467152457634405492337756052692211574978116850207412418661689430008994", "price": "0.05", "size": "0", "side": "BUY", "hash": "bcbbf33aa13e708cedbc4e0d599eb33f52297218", "best_bid": "0.02", "best_ask": "0.96"}, {"asset_id": "35934855385356806015268668630937319046295720451853877633056917966345903688309", "price": "0.95", "size": "0", "side": "SELL", "hash": "70cb34486e52c1100f95845cf9a9b2cc6ce6be2a", "best_bid": "0.04", "best_ask": "0.98"}], "timestamp": "1769384266141", "event_type": "price_change"}}
{"_local_timestamp": "2026-01-25T23:37:46.247598+00:00", "data": {"market": "0xd2088b9dd0032417fc5fd3ad66ef3a6996e5218b5480932d8580770bc808c1bf", "price_changes": [{"asset_id": "82095407864677467172127451138631439651822394922008350223069321810339069691024", "price": "0.05", "size": "0", "side": "BUY", "hash": "03b61eaadd2ae7ebda7bc94c6cded411b21ef4f3", "best_bid": "0.02", "best_ask": "0.96"}, {"asset_id": "47052930761622718275983190621074422477087002915774010201326359444895553115250", "price": "0.95", "size": "0", "side": "SELL", "hash": "c3a8d38b71ef202ed43c33b4a56c35c2880aa95f", "best_bid": "0.04", "best_ask": "0.98"}], "timestamp": "1769384266142", "event_type": "price_change"}}
{"_local_timestamp": "2026-01-25T23:37:46.261801+00:00", "data": {"market": "0xc94bfa171355f6a22f80a52f9770c84a2949ed5d7a80570422eb2fc1733f8de4", "price_changes": [{"asset_id": "51703194422543747759933537669202045196082522982843564888569555625169247328515", "price": "0.05", "size": "0", "side": "BUY", "hash": "8597764d44c71ed4dc0fca5267093e55facd6b8f", "best_bid": "0.02", "best_ask": "0.96"}, {"asset_id": "21704100547466140354297165666970936782748304623711727658787256264308971770660", "price": "0.95", "size": "0", "side": "SELL", "hash": "0eae5641b7fcff516eface38ccf15b09ab2a7669", "best_bid": "0.04", "best_ask": "0.98"}], "timestamp": "1769384266142", "event_type": "price_change"}}
{"_local_timestamp": "2026-01-25T23:37:46.536260+00:00", "data": {"market": "0x8df3f4177dccfc02e9f486b6e5cf1911c8cc32012b68969d775be8c950df3d13", "price_changes": [{"asset_id": "31096304467152457634405492337756052692211574978116850207412418661689430008994", "price": "0.03", "size": "5.47", "side": "BUY", "hash": "02643031d78966c2915a5f74e6cc9de0eac94a7c", "best_bid": "0.03", "best_ask": "0.96"}, {"asset_id": "35934855385356806015268668630937319046295720451853877633056917966345903688309", "price": "0.97", "size": "5.47", "side": "SELL", "hash": "20b661ac4e8424838b6eeda28851912c5c1c61e2", "best_bid": "0.04", "best_ask": "0.97"}], "timestamp": "1769384266466", "event_type": "price_change"}}
{"_local_timestamp": "2026-01-25T23:37:46.536883+00:00", "data": {"market": "0xd2088b9dd0032417fc5fd3ad66ef3a6996e5218b5480932d8580770bc808c1bf", "price_changes": [{"asset_id": "82095407864677467172127451138631439651822394922008350223069321810339069691024", "price": "0.03", "size": "5.47", "side": "BUY", "hash": "b69850235c60f72010ec7df4e183c1b8ff7775dd", "best_bid": "0.03", "best_ask": "0.96"}, {"asset_id": "47052930761622718275983190621074422477087002915774010201326359444895553115250", "price": "0.97", "size": "5.47", "side": "SELL", "hash": "3e97195a0713dd602900e71fd4f50118b16f181d", "best_bid": "0.04", "best_ask": "0.97"}], "timestamp": "1769384266466", "event_type": "price_change"}}
{"_local_timestamp": "2026-01-25T23:37:46.587068+00:00", "data": {"market": "0xc94bfa171355f6a22f80a52f9770c84a2949ed5d7a80570422eb2fc1733f8de4", "price_changes": [{"asset_id": "51703194422543747759933537669202045196082522982843564888569555625169247328515", "price": "0.03", "size": "5.47", "side": "BUY", "hash": "3d499530b740dfa265daa7609124fe5211b5325c", "best_bid": "0.03", "best_ask": "0.96"}, {"asset_id": "21704100547466140354297165666970936782748304623711727658787256264308971770660", "price": "0.97", "size": "5.47", "side": "SELL", "hash": "6d37735bcd012166399bc3a1ed7d576479f7c86d", "best_bid": "0.04", "best_ask": "0.97"}], "timestamp": "1769384266521", "event_type": "price_change"}}
