{"_local_timestamp": "2026-01-25T23:41:24.680761+00:00", "data": [{"market": "0x898eba737bf09dc31d2bfef5c13aa80235ae7c39f31fb7eef19fc2a718401f42", "asset_id": "99090274704256391688435927516995648611081735599617585618164075891332670671636", "timestamp": "1769384447778", "hash": "c7c42416e38f1a9c3b1368d22ced6894c3c445bc", "bids": [{"price": "0.01", "size": "200.64"}, {"price": "0.02", "size": "39.67"}, {"price": "0.04", "size": "29.99"}], "asks": [{"price": "0.99", "size": "208.36"}, {"price": "0.98", "size": "25.56"}, {"price": "0.96", "size": "29.99"}, {"price": "0.95", "size": "5.47"}], "event_type": "book", "last_trade_price": ""}, {"market": "0x099c813afda1203f1edd1391f61899aac17b262a975fa9a3e8772962c3896f78", "asset_id": "41872037587708801053258795528437490957648623405497217539896354790798762562744", "timestamp": "1769384409337", "hash": "89b7e8a9978239d823b420b7a716402f6f90788f", "bids": [{"price": "0.01", "size": "200.64"}, {"price": "0.02", "size": "39.67"}, {"price": "0.04", "size": "29.99"}], "asks": [{"price": "0.99", "size": "208.36"}, {"price": "0.98", "size": "25.56"}, {"price": "0.97", "size": "5.47"}], "event_type": "book", "last_trade_price": ""}, {"market": "0xbda67fef4f32c7799022c24eb32cc39367076a5ce38fcbc93aa98b5286818221", "asset_id": "113292614161096370145992562942656892070427430586072688804767428567870051288254", "timestamp": "1769384409768", "hash": "0c3753321e2e1184c7ba485a7bed74d4f653a4e5", "bids": [{"price": "0.01", "size": "259.86"}, {"price": "0.02", "size": "25.56"}, {"price": "0.03", "size": "5.47"}], "asks": [{"price": "0.99", "size": "252.14"}, {"price": "0.98", "size": "39.67"}, {"price": "0.96", "size": "29.99"}], "event_type": "book", "last_trade_price": ""}, {"market": "0xbda67fef4f32c7799022c24eb32cc39367076a5ce38fcbc93aa98b5286818221", "asset_id": "49335587070833840727133240757168974237666662297904924930668602847930920141682", "timestamp": "1769384409768", "hash": "9d310f961d9627c45864542595dccd3f1cd05e28", "bids": [{"price": "0.01", "size": "252.14"}, {"price": "0.02", "size": "39.67"}, {"price": "0.04", "size": "29.99"}], "asks": [{"price": "0.99", "size": "259.86"}, {"price": "0.98", "size": "25.56"}, {"price": "0.97", "size": "5.47"}], "event_type": "book", "last_trade_price": ""}, {"market": "0x396190685e660a78bca448eb205ad0cfa0637df4f7d867106cc65e8111aa121f", "asset_id": "22111539820946386857485074237278188144648128172547259558473558034096604905117", "timestamp": "1769384409768", "hash": "5da76c200c1cd900f38a84db8cee4837e832db4a", "bids": [{"price": "0.01", "size": "200.64"}, {"price": "0.02", "size": "39.67"}, {"price": "0.04", "size": "29.99"}], "asks": [{"price": "0.99", "size": "208.36"}, {"price": "0.98", "size": "25.56"}, {"price": "0.97", "size": "5.47"}], "event_type": "book", "last_trade_price": ""}, {"market": "0xf29f1862f49a83ec2593a7c17857c7db31c0061ce55f977dad30cb2ad1d79113", "asset_id": "58146894366529143678176565264950485800704739099499709785375884580241037836983", "timestamp": "1769384438040", "hash": "796ab5b06d38cfc9e0bab30948bb010f0aaeafce", "bids": [{"price": "0.01", "size": "208.36"}, {"price": "0.02", "size": "25.56"}, {"price": "0.03", "size": "5.47"}], "asks": [{"price": "0.99", "size": "185.64"}, {"price": "0.98", "size": "47.17"}, {"price": "0.61", "size": "10"}], "event_type": "book", "last_trade_price": ""}, {"market": "0x898eba737bf09dc31d2bfef5c13aa80235ae7c39f31fb7eef19fc2a718401f42", "asset_id": "45853713268775142866296879687552531428049838796788466141343832718928715001653", "timestamp": "1769384447778", "hash": "3e0b6f6cd5e6d37cf04c4cbde8b134df1837e8e6", "bids": [{"price": "0.01", "size": "208.36"}, {"price": "0.02", "size": "25.56"}, {"price": "0.04", "size": "29.99"}, {"price": "0.05", "size": "5.47"}], "asks": [{"price": "0.99", "size": "200.64"}, {"price": "0.98", "size": "39.67"}, {"price": "0.96", "size": "29.99"}], "event_type": "book", "last_trade_price": ""}, {"market": "0x099c813afda1203f1edd1391f61899aac17b262a975fa9a3e8772962c3896f78", "asset_id": "73815181862815385989973048655940067101387703671684782874529151163410875811115", "timestamp": "1769384409337", "hash": "d97262085b96f269f48b1e67d5e43d021a8a797c", "bids": [{"price": "0.01", "size": "208.36"}, {"price": "0.02", "size": "25.56"}, {"price": "0.03", "size": "5.47"}], "asks": [{"price": "0.99", "size": "200.64"}, {"price": "0.98", "size": "39.67"}, {"price": "0.96", "size": "29.99"}], "event_type": "book", "last_trade_price": ""}, {"market": "0x396190685e660a78bca448eb205ad0cfa0637df4f7d867106cc65e8111aa121f", "asset_id": "22274752673375276426660441375127428813894835392969874559838915863807369879197", "timestamp": "1769384409768", "hash": "37d6c12800ee851a338013b96d9f4f6c7460fa0d", "bids": [{"price": "0.01", "size": "208.36"}, {"price": "0.02", "size": "25.56"}, {"price": "0.03", "size": "5.47"}], "asks": [{"price": "0.99", "size": "200.64"}, {"price": "0.98", "size": "39.67"}, {"price": "0.96", "size": "29.99"}], "event_type": "book", "last_trade_price": ""}, {"market": "0xf29f1862f49a83ec2593a7c17857c7db31c0061ce55f977dad30cb2ad1d79113", "asset_id": "52300017986913097397952485279030666095090704167360288578768129625753356622765", "timestamp": "1769384438040", "hash": "bf559651e28dfafee12777b4c43600d1c1c264f3", "bids": [{"price": "0.01", "size": "185.64"}, {"price": "0.02", "size": "47.17"}, {"price": "0.39", "size": "10"}], "asks": [{"price": "0.99", "size": "208.36"}, {"price": "0.98", "size": "25.56"}, {"price": "0.97", "size": "5.47"}], "event_type": "book", "last_trade_price": ""}]}
