{"_local_timestamp": "2026-01-25T23:34:26.013950+00:00", "data": [{"market": "0xb902cf3834fad5225e8d58286c767cee514badd918561393e7d716d587465230", "asset_id": "115235547330565289621887153185343153198260997827461547422731251249961128753500", "timestamp": "1769383983645", "hash": "71a9a8cf87f75ca185a11e8143ca6b0ae690e366", "bids": [{"price": "0.01", "size": "21901.59"}, {"price": "0.02", "size": "2200.59"}, {"price": "0.03", "size": "18.99"}, {"price": "0.04", "size": "29.99"}], "asks": [{"price": "0.99", "size": "21902.86"}, {"price": "0.98", "size": "2197.14"}, {"price": "0.97", "size": "20.87"}, {"price": "0.95", "size": "23.99"}, {"price": "0.94", "size": "5.47"}], "event_type": "book", "last_trade_price": ""}, {"market": "0x90c9af63d3a8057c0f16bc8a8afbb15c7cdefb5eea6da57368f966201ab79806", "asset_id": "1678216491759912418684259969807901262117276757541129591397611715243714240966", "timestamp": "1769383982692", "hash": "bf26c791abab5db406ffbf92e737d5a7ec83cd09", "bids": [{"price": "0.01", "size": "21938.98"}, {"price": "0.02", "size": "2190.11"}, {"price": "0.03", "size": "29.18"}, {"price": "0.27", "size": "10"}, {"price": "0.28", "size": "50"}], "asks": [{"price": "0.99", "size": "21938.47"}, {"price": "0.98", "size": "2190.11"}, {"price": "0.97", "size": "29.35"}, {"price": "0.69", "size": "50"}], "event_type": "book", "last_trade_price": ""}, {"market": "0x6b885acfaf7937f28250ea108085e75722f83e57ca1b60ae810e41f152dab260", "asset_id": "64333493695889850799290234121221932834834711640529570983175780910007646162003", "timestamp": "1769383983079", "hash": "274ce8c2bff933e84913521692cfa6d5bfd7a90e", "bids": [{"price": "0.01", "size": "21846.01"}, {"price": "0.02", "size": "2196.56"}, {"price": "0.03", "size": "22.54"}, {"price": "0.05", "size": "23.99"}, {"price": "0.06", "size": "5.47"}], "asks": [{"price": "0.99", "size": "21848.59"}, {"price": "0.98", "size": "2200.59"}, {"price": "0.97", "size": "18.99"}, {"price": "0.96", "size": "29.99"}], "event_type": "book", "last_trade_price": ""}, {"market": "0xe903948bce784f521839bdd04c535d7fd7418a141833350372f002faf43515c3", "asset_id": "72809954497010975026759507317806820004411577712432627670355896253913947813954", "timestamp": "1769383983078", "hash": "67e8f7b727bd5bc265699c46f6528204707fa450", "bids": [{"price": "0.01", "size": "197.82"}, {"price": "0.02", "size": "41.09"}, {"price": "0.04", "size": "29.99"}, {"price": "0.05", "size": "5.47"}], "asks": [{"price": "0.99", "size": "202.04"}, {"price": "0.98", "size": "38.97"}, {"price": "0.96", "size": "29.99"}], "event_type": "book", "last_trade_price": ""}, {"market": "0xe903948bce784f521839bdd04c535d7fd7418a141833350372f002faf43515c3", "asset_id": "111461771774819939776267904406029367026598896527918172063801585844010315897846", "timestamp": "1769383983078", "hash": "b1f532244b3d4795a21e3143296fbeaccbe4f670", "bids": [{"price": "0.01", "size": "202.04"}, {"price": "0.02", "size": "38.97"}, {"price": "0.04", "size": "29.99"}], "asks": [{"price": "0.99", "size": "197.82"}, {"price": "0.98", "size": "41.09"}, {"price": "0.96", "size": "29.99"}, {"price": "0.95", "size": "5.47"}], "event_type": "book", "last_trade_price": ""}, {"market": "0x6b885acfaf7937f28250ea108085e75722f83e57ca1b60ae810e41f152dab260", "asset_id": "4440067261175566805538406764631510911208488973293580872403794004522948300875", "timestamp": "1769383983079", "hash": "aca90b5854f17aca557658724c62950b1fa4405b", "bids": [{"price": "0.01", "size": "21848.59"}, {"price": "0.02", "size": "2200.59"}, {"price": "0.03", "size": "18.99"}, {"price": "0.04", "size": "29.99"}], "asks": [{"price": "0.99", "size": "21846.01"}, {"price": "0.98", "size": "2196.56"}, {"price": "0.97", "size": "22.54"}, {"price": "0.95", "size": "23.99"}, {"price": "0.94", "size": "5.47"}], "event_type": "book", "last_trade_price": ""}, {"market": "0xb902cf3834fad5225e8d58286c767cee514badd918561393e7d716d587465230", "asset_id": "15239708892658361698801551850903083059304967065683358189503437727663677688612", "timestamp": "1769383983645", "hash": "4c11b7c90dd6c991aee16d8403892bed892725b0", "bids": [{"price": "0.01", "size": "21902.86"}, {"price": "0.02", "size": "2197.14"}, {"price": "0.03", "size": "20.87"}, {"price": "0.05", "size": "23.99"}, {"price": "0.06", "size": "5.47"}], "asks": [{"price": "0.99", "size": "21901.59"}, {"price": "0.98", "size": "2200.59"}, {"price": "0.97", "size": "18.99"}, {"price": "0.96", "size": "29.99"}], "event_type": "book", "last_trade_price": ""}, {"market": "0xe0ad5c4c140d2ad47f7645975f9eff593ce86827f8347f5d41b278b7b733563f", "asset_id": "56909617231267933034599202672257827230759558780653111871000505930456978211393", "timestamp": "1769383984952", "hash": "9ebe57b13b4ab220f5cd1bb71a714677f447ff0f", "bids": [{"price": "0.01", "size": "21848.59"}, {"price": "0.02", "size": "2200.59"}, {"price": "0.03", "size": "18.99"}, {"price": "0.04", "size": "29.99"}], "asks": [{"price": "0.99", "size": "21853.45"}, {"price": "0.98", "size": "2202.9"}, {"price": "0.97", "size": "15.83"}, {"price": "0.96", "size": "29.99"}, {"price": "0.95", "size": "5.47"}], "event_type": "book", "last_trade_price": ""}, {"market": "0xe0ad5c4c140d2ad47f7645975f9eff593ce86827f8347f5d41b278b7b733563f", "asset_id": "48253934614151040737342368064863281646686193736726745155679030693782323028044", "timestamp": "1769383984952", "hash": "197a2f8efb6106a2cda68fa6095d3bd10b442a62", "bids": [{"price": "0.01", "size": "21853.45"}, {"price": "0.02", "size": "2202.9"}, {"price": "0.03", "size": "15.83"}, {"price": "0.04", "size": "29.99"}, {"price": "0.05", "size": "5.47"}], "asks": [{"price": "0.99", "size": "21848.59"}, {"price": "0.98", "size": "2200.59"}, {"price": "0.97", "size": "18.99"}, {"price": "0.96", "size": "29.99"}], "event_type": "book", "last_trade_price": ""}, {"market": "0x90c9af63d3a8057c0f16bc8a8afbb15c7cdefb5eea6da57368f966201ab79806", "asset_id": "30739440859233156591604615519848254275355529090264738276291402586121142290851", "timestamp": "1769383982692", "hash": "f25e3d513b7a745c6f9aa50823a6bb4a65ffc760", "bids": [{"price": "0.01", "size": "21938.47"}, {"price": "0.02", "size": "2190.11"}, {"price": "0.03", "size": "29.35"}, {"price": "0.31", "size": "50"}], "asks": [{"price": "0.99", "size": "21938.98"}, {"price": "0.98", "size": "2190.11"}, {"price": "0.97", "size": "29.18"}, {"price": "0.73", "size": "10"}, {"price": "0.72", "size": "50"}], "event_type": "book", "last_trade_price": ""}]}
