{"_local_timestamp": "2026-01-25T23:41:01.034585+00:00", "data": [{"market": "0x02682a05084a43701a3e859db3f03bc7035ea32f4ae3c139855869bbb49062f1", "asset_id": "35192903361091849248940718645499233167215841826837724281530158082247957989629", "timestamp": "1769384437912", "hash": "0a0d3e82e47b7835ae6524ed387a9f31e9b8cbee", "bids": [{"price": "0.01", "size": "62.05"}, {"price": "0.02", "size": "190.48"}, {"price": "0.03", "size": "18.99"}, {"price": "0.04", "size": "29.99"}], "asks": [{"price": "0.99", "size": "69.89"}, {"price": "0.98", "size": "179.03"}, {"price": "0.97", "size": "20.35"}, {"price": "0.96", "size": "5.47"}], "event_type": "book", "last_trade_price": ""}, {"market": "0x19a4d27add00ce27b2a3cf7ca5705ef8aade39a8ece33948e9b2f02c192152be", "asset_id": "71489691980085603195785483996972122116532490472494448024267486667321753208838", "timestamp": "1769384447588", "hash": "52aac022797ca30233919c37d5a86b61667adc7b", "bids": [{"price": "0.01", "size": "62.04"}, {"price": "0.02", "size": "190.48"}, {"price": "0.03", "size": "18.99"}, {"price": "0.04", "size": "29.99"}], "asks": [{"price": "0.99", "size": "67.05"}, {"price": "0.98", "size": "182.48"}, {"price": "0.97", "size": "18.99"}, {"price": "0.95", "size": "23.99"}, {"price": "0.94", "size": "5.47"}], "event_type": "book", "last_trade_price": ""}, {"market": "0xff1e6a0275ae0216a33abece78285de646cdd4ba37dc1d772578538be60329cf", "asset_id": "106561211697967626756310720720604256534170407941019828744583005941010546193812", "timestamp": "1769384266237", "hash": "0228baad4a9e42fe7abc4f99a028af77a212b0f5", "bids": [{"price": "0.01", "size": "58.97"}, {"price": "0.02", "size": "181.14"}, {"price": "0.03", "size": "22.58"}, {"price": "0.04", "size": "5.47"}], "asks": [{"price": "0.99", "size": "61.38"}, {"price": "0.98", "size": "190.17"}, {"price": "0.97", "size": "52.57"}], "event_type": "book", "last_trade_price": ""}, {"market": "0x19a4d27add00ce27b2a3cf7ca5705ef8aade39a8ece33948e9b2f02c192152be", "asset_id": "95172888027281193001519088464175285929338904438226458264353810757936163188044", "timestamp": "1769384447588", "hash": "3ec37541d7d469dd2c3092a764e9744b7148c141", "bids": [{"price": "0.01", "size": "67.05"}, {"price": "0.02", "size": "182.48"}, {"price": "0.03", "size": "18.99"}, {"price": "0.05", "size": "23.99"}, {"price": "0.06", "size": "5.47"}], "asks": [{"price": "0.99", "size": "62.04"}, {"price": "0.98", "size": "190.48"}, {"price": "0.97", "size": "18.99"}, {"price": "0.96", "size": "29.99"}], "event_type": "book", "last_trade_price": ""}, {"market": "0xb4cb0ae16ba9281cdc5a5d20f324d0d0a7753d6116d0d905e0a8742ae8d0c244", "asset_id": "102744846850187161380521503397483870162725714816776510187447472868892066157718", "timestamp": "1769384447588", "hash": "6c8fa69a120569cc720fb6de2fddbda187ef3881", "bids": [{"price": "0.01", "size": "112.04"}, {"price": "0.02", "size": "205.48"}, {"price": "0.03", "size": "18.99"}, {"price": "0.05", "size": "23.99"}, {"price": "0.06", "size": "5.47"}], "asks": [{"price": "0.99", "size": "112.04"}, {"price": "0.98", "size": "215.48"}, {"price": "0.97", "size": "18.99"}, {"price": "0.96", "size": "29.99"}], "event_type": "book", "last_trade_price": ""}, {"market": "0xe34b0bb444471383c90cec5dc69f813a9b3545444de919995ff030dac71248a3", "asset_id": "97700218319543636355981601320594824056628162134390242486220190083801463286044", "timestamp": "1769384437912", "hash": "70cb05cfecab8406a9df8cf10f3e6b04f383233d", "bids": [{"price": "0.01", "size": "69.89"}, {"price": "0.02", "size": "179.03"}, {"price": "0.03", "size": "20.35"}, {"price": "0.04", "size": "5.47"}], "asks": [{"price": "0.99", "size": "62.05"}, {"price": "0.98", "size": "190.48"}, {"price": "0.97", "size": "18.99"}, {"price": "0.96", "size": "29.99"}], "event_type": "book", "last_trade_price": ""}, {"market": "0xc62866c20352813ae054a41ad3f1b92292b5300d7bfc1143e9c6a41823fe5992", "asset_id": "47133502308465006307801302772561127971127968369129604946852551581692421961280", "timestamp": "1769384447588", "hash": "5988007b7313c8afbdf96b75144c244f0acf185e", "bids": [{"price": "0.01", "size": "62.05"}, {"price": "0.02", "size": "190.48"}, {"price": "0.03", "size": "18.99"}, {"price": "0.04", "size": "29.99"}], "asks": [{"price": "0.99", "size": "68.99"}, {"price": "0.98", "size": "179.03"}, {"price": "0.97", "size": "20.65"}, {"price": "0.95", "size": "23.99"}, {"price": "0.94", "size": "5.47"}], "event_type": "book", "last_trade_price": ""}, {"market": "0x02682a05084a43701a3e859db3f03bc7035ea32f4ae3c139855869bbb49062f1", "asset_id": "30887032572101121332187740667215094491657468658291043188830897987016129354142", "timestamp": "1769384437912", "hash": "456f2dd285b9c83ebbe646772b8609e66a9077cf", "bids": [{"price": "0.01", "size": "69.89"}, {"price": "0.02", "size": "179.03"}, {"price": "0.03", "size": "20.35"}, {"price": "0.04", "size": "5.47"}], "asks": [{"price": "0.99", "size": "62.05"}, {"price": "0.98", "size": "190.48"}, {"price": "0.97", "size": "18.99"}, {"price": "0.96", "size": "29.99"}], "event_type": "book", "last_trade_price": ""}, {"market": "0xe34b0bb444471383c90cec5dc69f813a9b3545444de919995ff030dac71248a3", "asset_id": "112017627761537300677970694411480436137463788285461926216623118683376584067380", "timestamp": "1769384437912", "hash": "4c3c2c674afa10599206f32f384c4b899ec3b609", "bids": [{"price": "0.01", "size": "62.05"}, {"price": "0.02", "size": "190.48"}, {"price": "0.03", "size": "18.99"}, {"price": "0.04", "size": "29.99"}], "asks": [{"price": "0.99", "size": "69.89"}, {"price": "0.98", "size": "179.03"}, {"price": "0.97", "size": "20.35"}, {"price": "0.96", "size": "5.47"}], "event_type": "book", "last_trade_price": ""}, {"market": "0x0b3f0b56ce7a1cf75aec197fcb9f7ee8bdf65558ac2ea9971449c3096780d338", "asset_id": "95863417261965127329516942717312259763677678047436515841413814150856225930745", "timestamp": "1769383882976", "hash": "c0d5c751ee55a7da540cf9ced22b2c755d0fae17", "bids": [{"price": "0.01", "size": "48.87"}, {"price": "0.02", "size": "158.22"}, {"price": "0.03", "size": "75"}, {"price": "0.04", "size": "18.66"}, {"price": "0.07", "size": "5"}, {"price": "0.08", "size": "5"}, {"price": "0.15", "size": "25"}], "asks": [{"price": "0.99", "size": "47.32"}, {"price": "0.98", "size": "156.79"}, {"price": "0.97", "size": "84"}, {"price": "0.96", "size": "25.24"}, {"price": "0.8", "size": "3050"}, {"price": "0.79", "size": "50"}], "event_type": "book", "last_trade_price": ""}, {"market": "0xc62866c20352813ae054a41ad3f1b92292b5300d7bfc1143e9c6a41823fe5992", "asset_id": "52759588103937363641506362299958930445030460683736633313225430843238074731373", "timestamp": "1769384447588", "hash": "4366c38b61834e52fb4f43dec5d95e50b48f8a03", "bids": [{"price": "0.01", "size": "68.99"}, {"price": "0.02", "size": "179.03"}, {"price": "0.03", "size": "20.65"}, {"price": "0.05", "size": "23.99"}, {"price": "0.06", "size": "5.47"}], "asks": [{"price": "0.99", "size": "62.05"}, {"price": "0.98", "size": "190.48"}, {"price": "0.97", "size": "18.99"}, {"price": "0.96", "size": "29.99"}], "event_type": "book", "last_trade_price": ""}, {"market": "0xb1dfeeb0162aae13b396bcb58584b03cc46386a821c63008f0446cb68edf0944", "asset_id": "105807781778430202450621182764387831604381299883963754488170834423433351086629", "timestamp": "1769383123102", "hash": "040be9568f77ceec416706638ec787f6ae89bbc9", "bids": [{"price": "0.001", "size": "1073.33"}, {"price": "0.002", "size": "10.55"}, {"price": "0.005", "size": "100"}, {"price": "0.006", "size": "12.56"}, {"price": "0.01", "size": "3745"}, {"price": "0.02", "size": "2250"}, {"price": "0.021", "size": "12.07"}, {"price": "0.066", "size": "1700"}, {"price": "0.081", "size": "1050"}, {"price": "0.082", "size": "7.86"}, {"price": "0.332", "size": "300"}, {"price": "0.35", "size": "10"}, {"price": "0.375", "size": "200"}, {"price": "0.405", "size": "125"}, {"price": "0.435", "size": "75"}, {"price": "0.5", "size": "20"}, {"price": "0.592", "size": "63"}, {"price": "0.6", "size": "5.7"}], "asks": [{"price": "0.999", "size": "1067.99"}, {"price": "0.998", "size": "26.5"}, {"price": "0.995", "size": "100"}, {"price": "0.99", "size": "3740"}, {"price": "0.989", "size": "5.1"}, {"price": "0.98", "size": "2250"}, {"price": "0.979", "size": "7.68"}, {"price": "0.949", "size": "1500"}, {"price": "0.948", "size": "450"}, {"price": "0.947", "size": "13.76"}, {"price": "0.814", "size": "300"}, {"price": "0.79", "size": "2200"}, {"price": "0.78", "size": "10"}, {"price": "0.773", "size": "125"}, {"price": "0.756", "size": "75"}, {"price": "0.68", "size": "131"}, {"price": "0.67", "size": "131"}, {"price": "0.661", "size": "50"}, {"price": "0.658", "size": "142"}, {"price": "0.65", "size": "10"}, {"price": "0.639", "size": "460"}, {"price": "0.629", "size": "5"}, {"price": "0.623", "size": "470"}], "event_type": "book", "last_trade_price": "0.601"}, {"market": "0xd3b44443f0b39d21079f0a72254268aee2103faf72e7b3109d8ae6764d416152", "asset_id": "74195830337912012661209045255656626007077925536496881065075327343195504551863", "timestamp": "1769384447588", "hash": "e4a8fea784a6c3d6a434f2999f0d8a2bcbca760d", "bids": [{"price": "0.01", "size": "68.98"}, {"price": "0.02", "size": "179.03"}, {"price": "0.03", "size": "20.65"}, {"price": "0.05", "size": "23.99"}, {"price": "0.06", "size": "5.47"}], "asks": [{"price": "0.99", "size": "62.05"}, {"price": "0.98", "size": "190.48"}, {"price": "0.97", "size": "18.99"}, {"price": "0.96", "size": "29.99"}], "event_type": "book", "last_trade_price": ""}, {"market": "0xff1e6a0275ae0216a33abece78285de646cdd4ba37dc1d772578538be60329cf", "asset_id": "114506854111387970982269268959966858458499074507684750968073343843315627005834", "timestamp": "1769384266237", "hash": "203eba180347d2f97800e74f6cb95fefe62b427d", "bids": [{"price": "0.01", "size": "61.38"}, {"price": "0.02", "size": "190.17"}, {"price": "0.03", "size": "52.57"}], "asks": [{"price": "0.99", "size": "58.97"}, {"price": "0.98", "size": "181.14"}, {"price": "0.97", "size": "22.58"}, {"price": "0.96", "size": "5.47"}], "event_type": "book", "last_trade_price": ""}, {"market": "0xb1dfeeb0162aae13b396bcb58584b03cc46386a821c63008f0446cb68edf0944", "asset_id": "67990154379603538401421401499393251605484282027318537553294424700792145845644", "timestamp": "1769383123102", "hash": "228e6fc140413ae7155d9d6882b0b06297cd74b3", "bids": [{"price": "0.001", "size": "1067.99"}, {"price": "0.002", "size": "26.5"}, {"price": "0.005", "size": "100"}, {"price": "0.01", "size": "3740"}, {"price": "0.011", "size": "5.1"}, {"price": "0.02", "size": "2250"}, {"price": "0.021", "size": "7.68"}, {"price": "0.051", "size": "1500"}, {"price": "0.052", "size": "450"}, {"price": "0.053", "size": "13.76"}, {"price": "0.186", "size": "300"}, {"price": "0.21", "size": "2200"}, {"price": "0.22", "size": "10"}, {"price": "0.227", "size": "125"}, {"price": "0.244", "size": "75"}, {"price": "0.32", "size": "131"}, {"price": "0.33", "size": "131"}, {"price": "0.339", "size": "50"}, {"price": "0.342", "size": "142"}, {"price": "0.35", "size": "10"}, {"price": "0.361", "size": "460"}, {"price": "0.371", "size": "5"}, {"price": "0.377", "size": "470"}], "asks": [{"price": "0.999", "size": "1073.33"}, {"price": "0.998", "size": "10.55"}, {"price": "0.995", "size": "100"}, {"price": "0.994", "size": "12.56"}, {"price": "0.99", "size": "3745"}, {"price": "0.98", "size": "2250"}, {"price": "0.979", "size": "12.07"}, {"price": "0.934", "size": "1700"}, {"price": "0.919", "size": "1050"}, {"price": "0.918", "size": "7.86"}, {"price": "0.668", "size": "300"}, {"price": "0.65", "size": "10"}, {"price": "0.625", "size": "200"}, {"price": "0.595", "size": "125"}, {"price": "0.565", "size": "75"}, {"price": "0.5", "size": "20"}, {"price": "0.408", "size": "63"}, {"price": "0.4", "size": "5.7"}], "event_type": "book", "last_trade_price": "0.601"}, {"market": "0xd3b44443f0b39d21079f0a72254268aee2103faf72e7b3109d8ae6764d416152", "asset_id": "66916591411271253117011649722470760555098136629103997561616701243019995826796", "timestamp": "1769384447588", "hash": "8117014fd865074024c386135489c696bc3be33e", "bids": [{"price": "0.01", "size": "62.05"}, {"price": "0.02", "size": "190.48"}, {"price": "0.03", "size": "18.99"}, {"price": "0.04", "size": "29.99"}], "asks": [{"price": "0.99", "size": "68.98"}, {"price": "0.98", "size": "179.03"}, {"price": "0.97", "size": "20.65"}, {"price": "0.95", "size": "23.99"}, {"price": "0.94", "size": "5.47"}], "event_type": "book", "last_trade_price": ""}, {"market": "0xd37f59b9c51a3548d7c9740bc25c619c6da8e03acc850023295b8b983ad20527", "asset_id": "86922549432847869502897076242034045799267352097019606723721140333601147624472", "timestamp": "1769384447588", "hash": "64fbd389a230948917f77dce65449114001e1b3b", "bids": [{"price": "0.01", "size": "62.04"}, {"price": "0.02", "size": "190.48"}, {"price": "0.03", "size": "18.99"}, {"price": "0.04", "size": "29.99"}], "asks": [{"price": "0.99", "size": "69.12"}, {"price": "0.98", "size": "178.75"}, {"price": "0.97", "size": "20.79"}, {"price": "0.95", "size": "23.99"}, {"price": "0.94", "size": "5.47"}], "event_type": "book", "last_trade_price": ""}, {"market": "0x1ad9a38d618ce04f30f9da1b23b0c7770045e9e9960a896df4e336ad32f2026c", "asset_id": "66047097802271527843368694275125051025060429048241924434656538796886352507204", "timestamp": "1769381444813", "hash": "2bb22927b0fef6e03163959cf81ffd37452bc524", "bids": [{"price": "0.01", "size": "58.82"}, {"price": "0.02", "size": "158.95"}, {"price": "0.03", "size": "21.09"}, {"price": "0.05", "size": "10000"}], "asks": [{"price": "0.99", "size": "59.8"}, {"price": "0.98", "size": "157.03"}, {"price": "0.97", "size": "12.74"}, {"price": "0.95", "size": "10000"}, {"price": "0.94", "size": "277.55"}], "event_type": "book", "last_trade_price": ""}, {"market": "0xb4cb0ae16ba9281cdc5a5d20f324d0d0a7753d6116d0d905e0a8742ae8d0c244", "asset_id": "37092008225382265270014902992349514323037660984217265301171261275317809758859", "timestamp": "1769384447588", "hash": "a188e00c4126ec213e02ee7bcfc06b38d36b744e", "bids": [{"price": "0.01", "size": "112.04"}, {"price": "0.02", "size": "215.48"}, {"price": "0.03", "size": "18.99"}, {"price": "0.04", "size": "29.99"}], "asks": [{"price": "0.99", "size": "112.04"}, {"price": "0.98", "size": "205.48"}, {"price": "0.97", "size": "18.99"}, {"price": "0.95", "size": "23.99"}, {"price": "0.94", "size": "5.47"}], "event_type": "book", "last_trade_price": ""}, {"market": "0x02cb406686b0e5a2c761b60dba57df5a5aa10de657d8b55c2059de1594262ef8", "asset_id": "17525878431794376842013117355232170057074541567126099913305204894084193326972", "timestamp": "1769384268085", "hash": "b76c9430c19f23dd762e0357b966467c54781494", "bids": [{"price": "0.01", "size": "62.05"}, {"price": "0.02", "size": "190.48"}, {"price": "0.03", "size": "18.99"}, {"price": "0.04", "size": "42.49"}], "asks": [{"price": "0.99", "size": "62.84"}, {"price": "0.98", "size": "177.03"}, {"price": "0.97", "size": "21.03"}, {"price": "0.94", "size": "15.47"}], "event_type": "book", "last_trade_price": ""}, {"market": "0x0b3f0b56ce7a1cf75aec197fcb9f7ee8bdf65558ac2ea9971449c3096780d338", "asset_id": "91619075857964693393392208565070104325869093110027846136624063203645460004241", "timestamp": "1769383882976", "hash": "1e3c50cb26ffbcb1c33ff69505af0056ded1f4c1", "bids": [{"price": "0.01", "size": "47.32"}, {"price": "0.02", "size": "156.79"}, {"price": "0.03", "size": "84"}, {"price": "0.04", "size": "25.24"}, {"price": "0.2", "size": "3050"}, {"price": "0.21", "size": "50"}], "asks": [{"price": "0.99", "size": "48.87"}, {"price": "0.98", "size": "158.22"}, {"price": "0.97", "size": "75"}, {"price": "0.96", "size": "18.66"}, {"price": "0.93", "size": "5"}, {"price": "0.92", "size": "5"}, {"price": "0.85", "size": "25"}], "event_type": "book", "last_trade_price": ""}, {"market": "0x02cb406686b0e5a2c761b60dba57df5a5aa10de657d8b55c2059de1594262ef8", "asset_id": "71618273512612611641687286878012843492831706235643168298378352373515271932764", "timestamp": "1769384268085", "hash": "812918cc7b0333e807dc54097f39761123440cd7", "bids": [{"price": "0.01", "size": "62.84"}, {"price": "0.02", "size": "177.03"}, {"price": "0.03", "size": "21.03"}, {"price": "0.06", "size": "15.47"}], "asks": [{"price": "0.99", "size": "62.05"}, {"price": "0.98", "size": "190.48"}, {"price": "0.97", "size": "18.99"}, {"price": "0.96", "size": "42.49"}], "event_type": "book", "last_trade_price": ""}, {"market": "0x9fa8edb100e017bd5633db881bfd7f39d8feaf23e488562c7863403b75f2b72a", "asset_id": "97737434631321407607330081336176115113173871167799349015045656897989017126587", "timestamp": "1769384447588", "hash": "25b7efd0b67c657bf7afc6b91f670eccc9b19901", "bids": [{"price": "0.01", "size": "111.05"}, {"price": "0.02", "size": "214.48"}, {"price": "0.03", "size": "18.99"}, {"price": "0.04", "size": "29.99"}], "asks": [{"price": "0.99", "size": "119.23"}, {"price": "0.98", "size": "202.94"}, {"price": "0.97", "size": "20.96"}, {"price": "0.95", "size": "23.99"}, {"price": "0.94", "size": "5.47"}], "event_type": "book", "last_trade_price": ""}, {"market": "0x9fa8edb100e017bd5633db881bfd7f39d8feaf23e488562c7863403b75f2b72a", "asset_id": "109451912333674650094373499600078573206027333544803021029937231897917192478306", "timestamp": "1769384447588", "hash": "177fe9a0ccf2003d1b13d56827bc5f1ff5e4a992", "bids": [{"price": "0.01", "size": "119.23"}, {"price": "0.02", "size": "202.94"}, {"price": "0.03", "size": "20.96"}, {"price": "0.05", "size": "23.99"}, {"price": "0.06", "size": "5.47"}], "asks": [{"price": "0.99", "size": "111.05"}, {"price": "0.98", "size": "214.48"}, {"price": "0.97", "size": "18.99"}, {"price": "0.96", "size": "29.99"}], "event_type": "book", "last_trade_price": ""}, {"market": "0xd37f59b9c51a3548d7c9740bc25c619c6da8e03acc850023295b8b983ad20527", "asset_id": "10617636138259507285477245956793545272020397648836479158116719634159970012149", "timestamp": "1769384447588", "hash": "713be3272f185da6d76fd94065ddef1d6c22e3b4", "bids": [{"price": "0.01", "size": "69.12"}, {"price": "0.02", "size": "178.75"}, {"price": "0.03", "size": "20.79"}, {"price": "0.05", "size": "23.99"}, {"price": "0.06", "size": "5.47"}], "asks": [{"price": "0.99", "size": "62.04"}, {"price": "0.98", "size": "190.48"}, {"price": "0.97", "size": "18.99"}, {"price": "0.96", "size": "29.99"}], "event_type": "book", "last_trade_price": ""}, {"market": "0x362912f5cb655b81e79607e953e32f84dac1572753e2391f459e450478265749", "asset_id": "3087755881123905074274619731943137130363325113969580976113246712649699904601", "timestamp": "1769384437912", "hash": "20e8de8e22a8a1c7da7c64b05924be4b5df2315f", "bids": [{"price": "0.01", "size": "62.04"}, {"price": "0.02", "size": "190.48"}, {"price": "0.03", "size": "18.99"}, {"price": "0.04", "size": "29.99"}], "asks": [{"price": "0.99", "size": "69.74"}, {"price": "0.98", "size": "179.03"}, {"price": "0.97", "size": "20.4"}, {"price": "0.96", "size": "5.47"}], "event_type": "book", "last_trade_price": ""}, {"market": "0x1ad9a38d618ce04f30f9da1b23b0c7770045e9e9960a896df4e336ad32f2026c", "asset_id": "24908639899155661575059764798804056969147578681693207123115606445236836521513", "timestamp": "1769381444813", "hash": "28b4c86e82267e63133ef984ecd29a13cff39f95", "bids": [{"price": "0.01", "size": "59.8"}, {"price": "0.02", "size": "157.03"}, {"price": "0.03", "size": "12.74"}, {"price": "0.05", "size": "10000"}, {"price": "0.06", "size": "277.55"}], "asks": [{"price": "0.99", "size": "58.82"}, {"price": "0.98", "size": "158.95"}, {"price": "0.97", "size": "21.09"}, {"price": "0.95", "size": "10000"}], "event_type": "book", "last_trade_price": ""}, {"market": "0x362912f5cb655b81e79607e953e32f84dac1572753e2391f459e450478265749", "asset_id": "111407420641358258640954942754741699488195643075274492825410595934557666593274", "timestamp": "1769384437912", "hash": "b687db649cfb14c7bdc69c6af548386558831b27", "bids": [{"price": "0.01", "size": "69.74"}, {"price": "0.02", "size": "179.03"}, {"price": "0.03", "size": "20.4"}, {"price": "0.04", "size": "5.47"}], "asks": [{"price": "0.99", "size": "62.04"}, {"price": "0.98", "size": "190.48"}, {"price": "0.97", "size": "18.99"}, {"price": "0.96", "size": "29.99"}], "event_type": "book", "last_trade_price": ""}]}
{"_local_timestamp": "2026-01-25T23:42:06.356669+00:00", "data": {"market": "0x19a4d27add00ce27b2a3cf7ca5705ef8aade39a8ece33948e9b2f02c192152be", "price_changes": [{"asset_id": "95172888027281193001519088464175285929338904438226458264353810757936163188044", "price": "0.05", "size": "0", "side": "BUY", "hash": "bcebf57714723594f2218edfa2638265f88b3d72", "best_bid": "0.06", "best_ask": "0.96"}, {"asset_id": "71489691980085603195785483996972122116532490472494448024267486667321753208838", "price": "0.95", "size": "0", "side": "SELL", "hash": "2d0e0313cfbd5fb9f314e83e9dd92d8f2481f001", "best_bid": "0.04", "best_ask": "0.94"}], "timestamp": "1769384526282", "event_type": "price_change"}}
{"_local_timestamp": "2026-01-25T23:42:06.443962+00:00", "data": {"market": "0xd3b44443f0b39d21079f0a72254268aee2103faf72e7b3109d8ae6764d416152", "price_changes": [{"asset_id": "74195830337912012661209045255656626007077925536496881065075327343195504551863", "price": "0.05", "size": "0", "side": "BUY", "hash": "9651960304f52ff018730042f28206ebdec83656", "best_bid": "0.06", "best_ask": "0.96"}, {"asset_id": "66916591411271253117011649722470760555098136629103997561616701243019995826796", "price": "0.95", "size": "0", "side": "SELL", "hash": "ecd658456518a27975b73a6df957676ec66daaf1", "best_bid": "0.04", "best_ask": "0.94"}], "timestamp": "1769384526376", "event_type": "price_change"}}
{"_local_timestamp": "2026-01-25T23:42:06.450975+00:00", "data": {"market": "0xd37f59b9c51a3548d7c9740bc25c619c6da8e03acc850023295b8b983ad20527", "price_changes": [{"asset_id": "10617636138259507285477245956793545272020397648836479158116719634159970012149", "price": "0.05", "size": "0", "side": "BUY", "hash": "45bdda0282c1b34391f994824f968967663daa88", "best_bid": "0.06", "best_ask": "0.96"}, {"asset_id": "86922549432847869502897076242034045799267352097019606723721140333601147624472", "price": "0.95", "size": "0", "side": "SELL", "hash": "d6d613e21d727f9d9b209e46459120aade51cf66", "best_bid": "0.04", "best_ask": "0.94"}], "timestamp": "1769384526376", "event_type": "price_change"}}
{"_local_timestamp": "2026-01-25T23:42:06.451842+00:00", "data": {"market": "0x9fa8edb100e017bd5633db881bfd7f39d8feaf23e488562c7863403b75f2b72a", "price_changes": [{"asset_id": "109451912333674650094373499600078573206027333544803021029937231897917192478306", "price": "0.05", "size": "0", "side": "BUY", "hash": "568bf89c327f6e4e31b5928bb645bc11f63d553c", "best_bid": "0.06", "best_ask": "0.96"}, {"asset_id": "97737434631321407607330081336176115113173871167799349015045656897989017126587", "price": "0.95", "size": "0", "side": "SELL", "hash": "aa9a77fb797de0b4206e53f7e9f316cb51db8afe", "best_bid": "0.04", "best_ask": "0.94"}], "timestamp": "1769384526376", "event_type": "price_change"}}
{"_local_timestamp": "2026-01-25T23:42:06.547869+00:00", "data": {"market": "0xc62866c20352813ae054a41ad3f1b92292b5300d7bfc1143e9c6a41823fe5992", "price_changes": [{"asset_id": "52759588103937363641506362299958930445030460683736633313225430843238074731373", "price": "0.05", "size": "0", "side": "BUY", "hash": "7a48003534565e00ae0ad892df13201413d8f32a", "best_bid": "0.06", "best_ask": "0.96"}, {"asset_id": "47133502308465006307801302772561127971127968369129604946852551581692421961280", "price": "0.95", "size": "0", "side": "SELL", "hash": "5aaf66c011ab57009237e97434f5d055223408f3", "best_bid": "0.04", "best_ask": "0.94"}], "timestamp": "1769384526475", "event_type": "price_change"}}
{"_local_timestamp": "2026-01-25T23:42:06.548647+00:00", "data": {"market": "0xb4cb0ae16ba9281cdc5a5d20f324d0d0a7753d6116d0d905e0a8742ae8d0c244", "price_changes": [{"asset_id": "102744846850187161380521503397483870162725714816776510187447472868892066157718", "price": "0.05", "size": "0", "side": "BUY", "hash": "57827a1b6d8c1bf44e2b9af998ff74156ce6fefa", "best_bid": "0.06", "best_ask": "0.96"}, {"asset_id": "37092008225382265270014902992349514323037660984217265301171261275317809758859", "price": "0.95", "size": "0", "side": "SELL", "hash": "924fab5d0a28245292b81ddace4cc15328689b73", "best_bid": "0.04", "best_ask": "0.94"}], "timestamp": "1769384526475", "event_type": "price_change"}}
{"_local_timestamp": "2026-01-25T23:42:07.534672+00:00", "data": {"market": "0x362912f5cb655b81e79607e953e32f84dac1572753e2391f459e450478265749", "price_changes": [{"asset_id": "111407420641358258640954942754741699488195643075274492825410595934557666593274", "price": "0.05", "size": "23.99", "side": "BUY", "hash": "e01d93312cd7773ee9cdfa1262f71de90ea2a346", "best_bid": "0.05", "best_ask": "0.96"}, {"asset_id": "3087755881123905074274619731943137130363325113969580976113246712649699904601", "price": "0.95", "size": "23.99", "side": "SELL", "hash": "11396fd4faa9e7d45ddf9e1b7d170c24eb97acc1", "best_bid": "0.04", "best_ask": "0.95"}], "timestamp": "1769384527464", "event_type": "price_change"}}
{"_local_timestamp": "2026-01-25T23:42:07.652378+00:00", "data": {"market": "0xe34b0bb444471383c90cec5dc69f813a9b3545444de919995ff030dac71248a3", "price_changes": [{"asset_id": "97700218319543636355981601320594824056628162134390242486220190083801463286044", "price": "0.05", "size": "23.99", "side": "BUY", "hash": "c923b6f456a8458b677b7cd5c94209c3b3017b34", "best_bid": "0.05", "best_ask": "0.96"}, {"asset_id": "112017627761537300677970694411480436137463788285461926216623118683376584067380", "price": "0.95", "size": "23.99", "side": "SELL", "hash": "f5d69524b72bb5f97de0701d40b0b9356d2e2e81", "best_bid": "0.04", "best_ask": "0.95"}], "timestamp": "1769384527566", "event_type": "price_change"}}
{"_local_timestamp": "2026-01-25T23:42:07.653307+00:00", "data": {"market": "0x02682a05084a43701a3e859db3f03bc7035ea32f4ae3c139855869bbb49062f1", "price_changes": [{"asset_id": "30887032572101121332187740667215094491657468658291043188830897987016129354142", "price": "0.05", "size": "23.99", "side": "BUY", "hash": "3ad4bd3be773be2634ab68f6b3b92f2b2191872d", "best_bid": "0.05", "best_ask": "0.96"}, {"asset_id": "35192903361091849248940718645499233167215841826837724281530158082247957989629", "price": "0.95", "size": "23.99", "side": "SELL", "hash": "37b7e54715ccdb970b2a6f18c7b2960748f8a864", "best_bid": "0.04", "best_ask": "0.95"}], "timestamp": "1769384527566", "event_type": "price_change"}}
{"_local_timestamp": "2026-01-25T23:42:10.836659+00:00", "data": {"market": "0xd3b44443f0b39d21079f0a72254268aee2103faf72e7b3109d8ae6764d416152", "price_changes": [{"asset_id": "74195830337912012661209045255656626007077925536496881065075327343195504551863", "price": "0.06", "size": "0", "side": "BUY", "hash": "60721166b6135be2be8308b2e04770b535284710", "best_bid": "0.03", "best_ask": "0.96"}, {"asset_id": "66916591411271253117011649722470760555098136629103997561616701243019995826796", "price": "0.94", "size": "0", "side": "SELL", "hash": "04f62ff3648718eb26c2d0aa256d3030ac497359", "best_bid": "0.04", "best_ask": "0.97"}], "timestamp": "1769384530760", "event_type": "price_change"}}
{"_local_timestamp": "2026-01-25T23:42:10.845127+00:00", "data": {"market": "0xb4cb0ae16ba9281cdc5a5d20f324d0d0a7753d6116d0d905e0a8742ae8d0c244", "price_changes": [{"asset_id": "102744846850187161380521503397483870162725714816776510187447472868892066157718", "price": "0.06", "size": "0", "side": "BUY", "hash": "4763b062f1c6bf37f73698e96a7f2a94c55eb5b3", "best_bid": "0.03", "best_ask": "0.96"}, {"asset_id": "37092008225382265270014902992349514323037660984217265301171261275317809758859", "price": "0.94", "size": "0", "side": "SELL", "hash": "7efd9bb19dbcf55e7f017b03919fbc1a875df4f9", "best_bid": "0.04", "best_ask": "0.97"}], "timestamp": "1769384530760", "event_type": "price_change"}}
{"_local_timestamp": "2026-01-25T23:42:10.853010+00:00", "data": {"market": "0x362912f5cb655b81e79607e953e32f84dac1572753e2391f459e450478265749", "price_changes": [{"asset_id": "111407420641358258640954942754741699488195643075274492825410595934557666593274", "price": "0.04", "size": "0", "side": "BUY", "hash": "b01101c535031a69af6467c889de8aef325b59a5", "best_bid": "0.05", "best_ask": "0.96"}, {"asset_id": "3087755881123905074274619731943137130363325113969580976113246712649699904601", "price": "0.96", "size": "0", "side": "SELL", "hash": "219e74ab22c2c64e2ba87ceb92abb7d43c6a1def", "best_bid": "0.04", "best_ask": "0.95"}], "timestamp": "1769384530760", "event_type": "price_change"}}
{"_local_timestamp": "2026-01-25T23:42:10.853782+00:00", "data": {"market": "0xc62866c20352813ae054a41ad3f1b92292b5300d7bfc1143e9c6a41823fe5992", "price_changes": [{"asset_id": "52759588103937363641506362299958930445030460683736633313225430843238074731373", "price": "0.06", "size": "0", "side": "BUY", "hash": "8915a332a87ff630b5e18614130c400f8bf52035", "best_bid": "0.03", "best_ask": "0.96"}, {"asset_id": "47133502308465006307801302772561127971127968369129604946852551581692421961280", "price": "0.94", "size": "0", "side": "SELL", "hash": "57f12aceeed3b18bf47c7baed5da27187fbbae32", "best_bid": "0.04", "best_ask": "0.97"}], "timestamp": "1769384530761", "event_type": "price_change"}}
{"_local_timestamp": "2026-01-25T23:42:10.861520+00:00", "data": {"market": "0xd37f59b9c51a3548d7c9740bc25c619c6da8e03acc850023295b8b983ad20527", "price_changes": [{"asset_id": "10617636138259507285477245956793545272020397648836479158116719634159970012149", "price": "0.06", "size": "0", "side": "BUY", "hash": "03f65c41f1d6c2842b31f302fbb85618efd8101b", "best_bid": "0.03", "best_ask": "0.96"}, {"asset_id": "86922549432847869502897076242034045799267352097019606723721140333601147624472", "price": "0.94", "size": "0", "side": "SELL", "hash": "9c677fcc03d56bab3f7c309981d152791a8ef364", "best_bid": "0.04", "best_ask": "0.97"}], "timestamp": "1769384530761", "event_type": "price_change"}}
{"_local_timestamp": "2026-01-25T23:42:10.869012+00:00", "data": {"market": "0x19a4d27add00ce27b2a3cf7ca5705ef8aade39a8ece33948e9b2f02c192152be", "price_changes": [{"asset_id": "95172888027281193001519088464175285929338904438226458264353810757936163188044", "price": "0.06", "size": "0", "side": "BUY", "hash": "68056c03b3ea6593abdc8b60ac84a55498b56a06", "best_bid": "0.03", "best_ask": "0.96"}, {"asset_id": "71489691980085603195785483996972122116532490472494448024267486667321753208838", "price": "0.94", "size": "0", "side": "SELL", "hash": "104e535c015d88a9ea866dfebdaab3f6331c696d", "best_bid": "0.04", "best_ask": "0.97"}], "timestamp": "1769384530761", "event_type": "price_change"}}
{"_local_timestamp": "2026-01-25T23:42:10.876796+00:00", "data": {"market": "0xe34b0bb444471383c90cec5dc69f813a9b3545444de919995ff030dac71248a3", "price_changes": [{"asset_id": "97700218319543636355981601320594824056628162134390242486220190083801463286044", "price": "0.04", "size": "0", "side": "BUY", "hash": "68c65291d23a47c7e898a0bdb82fb56c4cc70888", "best_bid": "0.05", "best_ask": "0.96"}, {"asset_id": "112017627761537300677970694411480436137463788285461926216623118683376584067380", "price": "0.96", "size": "0", "side": "SELL", "hash": "dd6cd7083028a3c838285f974d98342cc286acd0", "best_bid": "0.04", "best_ask": "0.95"}], "timestamp": "1769384530761", "event_type": "price_change"}}
{"_local_timestamp": "2026-01-25T23:42:10.892799+00:00", "data": {"market": "0x02682a05084a43701a3e859db3f03bc7035ea32f4ae3c139855869bbb49062f1", "price_changes": [{"asset_id": "30887032572101121332187740667215094491657468658291043188830897987016129354142", "price": "0.04", "size": "0", "side": "BUY", "hash": "9694ff6cb3cb3c05e8804ca613de79f0f86c29a0", "best_bid": "0.05", "best_ask": "0.96"}, {"asset_id": "35192903361091849248940718645499233167215841826837724281530158082247957989629", "price": "0.96", "size": "0", "side": "SELL", "hash": "a9eb5dcddcfdc0bf7ca0fdc8951334650c063895", "best_bid": "0.04", "best_ask": "0.95"}], "timestamp": "1769384530761", "event_type": "price_change"}}
{"_local_timestamp": "2026-01-25T23:42:10.893484+00:00", "data": {"market": "0x9fa8edb100e017bd5633db881bfd7f39d8feaf23e488562c7863403b75f2b72a", "price_changes": [{"asset_id": "109451912333674650094373499600078573206027333544803021029937231897917192478306", "price": "0.06", "size": "0", "side": "BUY", "hash": "fe3cb9e6ef8845c30b438d7c0923c0662e9c4f29", "best_bid": "0.03", "best_ask": "0.96"}, {"asset_id": "97737434631321407607330081336176115113173871167799349015045656897989017126587", "price": "0.94", "size": "0", "side": "SELL", "hash": "8f3afdb897acd743578eb3c66f5678ed918fbe1e", "best_bid": "0.04", "best_ask": "0.97"}], "timestamp": "1769384530761", "event_type": "price_change"}}
{"_local_timestamp": "2026-01-25T23:42:10.920276+00:00", "data": {"market": "0xe34b0bb444471383c90cec5dc69f813a9b3545444de919995ff030dac71248a3", "price_changes": [{"asset_id": "97700218319543636355981601320594824056628162134390242486220190083801463286044", "price": "0.06", "size": "5.47", "side": "BUY", "hash": "c7abafa4e9da6924b313c649d02d6ce262c411eb", "best_bid": "0.06", "best_ask": "0.96"}, {"asset_id": "112017627761537300677970694411480436137463788285461926216623118683376584067380", "price": "0.94", "size": "5.47", "side": "SELL", "hash": "aee8264a43748442f88c4b19db44e44af29146c3", "best_bid": "0.04", "best_ask": "0.94"}], "timestamp": "1769384530852", "event_type": "price_change"}}
{"_local_timestamp": "2026-01-25T23:42:10.980603+00:00", "data": {"market": "0x9fa8edb100e017bd5633db881bfd7f39d8feaf23e488562c7863403b75f2b72a", "price_changes": [{"asset_id": "109451912333674650094373499600078573206027333544803021029937231897917192478306", "price": "0.04", "size": "5.47", "side": "BUY", "hash": "979589745a062043089274eb402975bece0ec84a", "best_bid": "0.04", "best_ask": "0.96"}, {"asset_id": "97737434631321407607330081336176115113173871167799349015045656897989017126587", "price": "0.96", "size": "5.47", "side": "SELL", "hash": "5f1955420dbdbf0d7e0f683cd9c3969e8bf83a07", "best_bid": "0.04", "best_ask": "0.96"}], "timestamp": "1769384530853", "event_type": "price_change"}}
{"_local_timestamp": "2026-01-25T23:42:10.995060+00:00", "data": {"market": "0xb4cb0ae16ba9281cdc5a5d20f324d0d0a7753d6116d0d905e0a8742ae8d0c244", "price_changes": [{"asset_id": "102744846850187161380521503397483870162725714816776510187447472868892066157718", "price": "0.04", "size": "5.47", "side": "BUY", "hash": "4d8ee2ad5900abf04352815a3bd8913983329833", "best_bid": "0.04", "best_ask": "0.96"}, {"asset_id": "37092008225382265270014902992349514323037660984217265301171261275317809758859", "price": "0.96", "size": "5.47", "side": "SELL", "hash": "7519a5653a9f1f3a91d19a591aa37832259cdf19", "best_bid": "0.04", "best_ask": "0.96"}], "timestamp": "1769384530853", "event_type": "price_change"}}
{"_local_timestamp": "2026-01-25T23:42:10.995749+00:00", "data": {"market": "0x362912f5cb655b81e79607e953e32f84dac1572753e2391f459e450478265749", "price_changes": [{"asset_id": "111407420641358258640954942754741699488195643075274492825410595934557666593274", "price": "0.06", "size": "5.47", "side": "BUY", "hash": "ca0b6c4939615faa00f0ee0745cd00c8ba3b0b12", "best_bid": "0.06", "best_ask": "0.96"}, {"asset_id": "3087755881123905074274619731943137130363325113969580976113246712649699904601", "price": "0.94", "size": "5.47", "side": "SELL", "hash": "ae20a4a0fbd9d3257097046f7e159c749e2659f1", "best_bid": "0.04", "best_ask": "0.94"}], "timestamp": "1769384530853", "event_type": "price_change"}}
{"_local_timestamp": "2026-01-25T23:42:10.996770+00:00", "data": {"market": "0xd3b44443f0b39d21079f0a72254268aee2103faf72e7b3109d8ae6764d416152", "price_changes": [{"asset_id": "74195830337912012661209045255656626007077925536496881065075327343195504551863", "price": "0.04", "size": "5.47", "side": "BUY", "hash": "6518c70e5189012e339f4c55b04edfb79925e821", "best_bid": "0.04", "best_ask": "0.96"}, {"asset_id": "66916591411271253117011649722470760555098136629103997561616701243019995826796", "price": "0.96", "size": "5.47", "side": "SELL", "hash": "9fef5da2a3ee3349de2af8c2087219c02fbe09d0", "best_bid": "0.04", "best_ask": "0.96"}], "timestamp": "1769384530853", "event_type": "price_change"}}
{"_local_timestamp": "2026-01-25T23:42:10.997506+00:00", "data": {"market": "0xc62866c20352813ae054a41ad3f1b92292b5300d7bfc1143e9c6a41823fe5992", "price_changes": [{"asset_id": "52759588103937363641506362299958930445030460683736633313225430843238074731373", "price": "0.04", "size": "5.47", "side": "BUY", "hash": "86bf1fb08034d64560ed06f6c4dc1197b61b0e1d", "best_bid": "0.04", "best_ask": "0.96"}, {"asset_id": "47133502308465006307801302772561127971127968369129604946852551581692421961280", "price": "0.96", "size": "5.47", "side": "SELL", "hash": "95fa3b95c642758bd3b9626a039a40a5292fcd54", "best_bid": "0.04", "best_ask": "0.96"}], "timestamp": "1769384530853", "event_type": "price_change"}}
{"_local_timestamp": "2026-01-25T23:42:10.998197+00:00", "data": {"market": "0xd37f59b9c51a3548d7c9740bc25c619c6da8e03acc850023295b8b983ad20527", "price_changes": [{"asset_id": "10617636138259507285477245956793545272020397648836479158116719634159970012149", "price": "0.04", "size": "5.47", "side": "BUY", "hash": "8d1cc0b77dd64203fe74990d464a674379de3031", "best_bid": "0.04", "best_ask": "0.96"}, {"asset_id": "86922549432847869502897076242034045799267352097019606723721140333601147624472", "price": "0.96", "size": "5.47", "side": "SELL", "hash": "737e1b993ab33135c43ed28588c592b25c6c7682", "best_bid": "0.04", "best_ask": "0.96"}], "timestamp": "1769384530853", "event_type": "price_change"}}
{"_local_timestamp": "2026-01-25T23:42:10.998763+00:00", "data": {"market": "0x19a4d27add00ce27b2a3cf7ca5705ef8aade39a8ece33948e9b2f02c192152be", "price_changes": [{"asset_id": "95172888027281193001519088464175285929338904438226458264353810757936163188044", "price": "0.04", "size": "5.47", "side": "BUY", "hash": "3c42411113d7402d7a5d261baf77e81737597c3c", "best_bid": "0.04", "best_ask": "0.96"}, {"asset_id": "71489691980085603195785483996972122116532490472494448024267486667321753208838", "price": "0.96", "size": "5.47", "side": "SELL", "hash": "8a4e52771e0c3b3a89e14f6d866133f85506812f", "best_bid": "0.04", "best_ask": "0.96"}], "timestamp": "1769384530853", "event_type": "price_change"}}
{"_local_timestamp": "2026-01-25T23:42:10.999343+00:00", "data": {"market": "0x02682a05084a43701a3e859db3f03bc7035ea32f4ae3c139855869bbb49062f1", "price_changes": [{"asset_id": "30887032572101121332187740667215094491657468658291043188830897987016129354142", "price": "0.06", "size": "5.47", "side": "BUY", "hash": "ef0e119de3288cfc1d0a5f7840daa49fd52094da", "best_bid": "0.06", "best_ask": "0.96"}, {"asset_id": "35192903361091849248940718645499233167215841826837724281530158082247957989629", "price": "0.94", "size": "5.47", "side": "SELL", "hash": "46c54caee07c40e037844e79b5f1f361e61888e7", "best_bid": "0.04", "best_ask": "0.94"}], "timestamp": "1769384530853", "event_type": "price_change"}}
{"_local_timestamp": "2026-01-25T23:43:25.769512+00:00", "data": {"market": "0xe34b0bb444471383c90cec5dc69f813a9b3545444de919995ff030dac71248a3", "price_changes": [{"asset_id": "97700218319543636355981601320594824056628162134390242486220190083801463286044", "price": "0.01", "size": "54.18", "side": "BUY", "hash": "2dd5d32b488c0f4e3c4f6aa0bd3bb18cf834dbb7", "best_bid": "0.06", "best_ask": "0.96"}, {"asset_id": "112017627761537300677970694411480436137463788285461926216623118683376584067380", "price": "0.99", "size": "54.18", "side": "SELL", "hash": "6955140eb6c6e0d14cf1ff42e9162e7a31304dea", "best_bid": "0.04", "best_ask": "0.94"}], "timestamp": "1769384605630", "event_type": "price_change"}}
{"_local_timestamp": "2026-01-25T23:43:25.770764+00:00", "data": {"market": "0xe34b0bb444471383c90cec5dc69f813a9b3545444de919995ff030dac71248a3", "price_changes": [{"asset_id": "97700218319543636355981601320594824056628162134390242486220190083801463286044", "price": "0.03", "size": "12.74", "side": "BUY", "hash": "2dd5d32b488c0f4e3c4f6aa0bd3bb18cf834dbb7", "best_bid": "0.06", "best_ask": "0.96"}, {"asset_id": "112017627761537300677970694411480436137463788285461926216623118683376584067380", "price": "0.97", "size": "12.74", "side": "SELL", "hash": "6955140eb6c6e0d14cf1ff42e9162e7a31304dea", "best_bid": "0.04", "best_ask": "0.94"}], "timestamp": "1769384605630", "event_type": "price_change"}}
{"_local_timestamp": "2026-01-25T23:43:26.076705+00:00", "data": {"market": "0xe34b0bb444471383c90cec5dc69f813a9b3545444de919995ff030dac71248a3", "price_changes": [{"asset_id": "97700218319543636355981601320594824056628162134390242486220190083801463286044", "price": "0.06", "size": "10.95", "side": "BUY", "hash": "498a86f4c8f3001363707d1c011a67850db0353a", "best_bid": "0.06", "best_ask": "0.96"}, {"asset_id": "112017627761537300677970694411480436137463788285461926216623118683376584067380", "price": "0.94", "size": "10.95", "side": "SELL", "hash": "b94652438f23216ea2dcd84feb49c8d4996f0850", "best_bid": "0.04", "best_ask": "0.94"}], "timestamp": "1769384605930", "event_type": "price_change"}}
{"_local_timestamp": "2026-01-25T23:43:26.078676+00:00", "data": {"market": "0xe34b0bb444471383c90cec5dc69f813a9b3545444de919995ff030dac71248a3", "price_changes": [{"asset_id": "97700218319543636355981601320594824056628162134390242486220190083801463286044", "price": "0.01", "size": "59.8", "side": "BUY", "hash": "486bda71514ec7f143d2bb224e52c0001603c0bd", "best_bid": "0.06", "best_ask": "0.96"}, {"asset_id": "112017627761537300677970694411480436137463788285461926216623118683376584067380", "price": "0.99", "size": "59.8", "side": "SELL", "hash": "64cb448a1f9a6f25faaaa750291747f86faaf113", "best_bid": "0.04", "best_ask": "0.94"}], "timestamp": "1769384605930", "event_type": "price_change"}}
{"_local_timestamp": "2026-01-25T23:43:29.965798+00:00", "data": {"market": "0x02682a05084a43701a3e859db3f03bc7035ea32f4ae3c139855869bbb49062f1", "price_changes": [{"asset_id": "30887032572101121332187740667215094491657468658291043188830897987016129354142", "price": "0.01", "size": "54.19", "side": "BUY", "hash": "7b2267d62d80cecd014e437720c70b9c52e42407", "best_bid": "0.06", "best_ask": "0.96"}, {"asset_id": "35192903361091849248940718645499233167215841826837724281530158082247957989629", "price": "0.99", "size": "54.19", "side": "SELL", "hash": "efd0e15cab9a3f48c50860db2c34925f6780cb0c", "best_bid": "0.04", "best_ask": "0.94"}], "timestamp": "1769384609829", "event_type": "price_change"}}
{"_local_timestamp": "2026-01-25T23:43:29.966721+00:00", "data": {"market": "0x02682a05084a43701a3e859db3f03bc7035ea32f4ae3c139855869bbb49062f1", "price_changes": [{"asset_id": "30887032572101121332187740667215094491657468658291043188830897987016129354142", "price": "0.03", "size": "12.74", "side": "BUY", "hash": "7b2267d62d80cecd014e437720c70b9c52e42407", "best_bid": "0.06", "best_ask": "0.96"}, {"asset_id": "35192903361091849248940718645499233167215841826837724281530158082247957989629", "price": "0.97", "size": "12.74", "side": "SELL", "hash": "efd0e15cab9a3f48c50860db2c34925f6780cb0c", "best_bid": "0.04", "best_ask": "0.94"}], "timestamp": "1769384609829", "event_type": "price_change"}}
{"_local_timestamp": "2026-01-25T23:43:30.194321+00:00", "data": {"market": "0x02682a05084a43701a3e859db3f03bc7035ea32f4ae3c139855869bbb49062f1", "price_changes": [{"asset_id": "30887032572101121332187740667215094491657468658291043188830897987016129354142", "price": "0.06", "size": "10.95", "side": "BUY", "hash": "954dd59842d162e5dcb923a79f3e969435a3124e", "best_bid": "0.06", "best_ask": "0.96"}, {"asset_id": "35192903361091849248940718645499233167215841826837724281530158082247957989629", "price": "0.94", "size": "10.95", "side": "SELL", "hash": "414400632386b8196954514957dfd1384666b081", "best_bid": "0.04", "best_ask": "0.94"}], "timestamp": "1769384610041", "event_type": "price_change"}}
{"_local_timestamp": "2026-01-25T23:43:30.199568+00:00", "data": {"market": "0x02682a05084a43701a3e859db3f03bc7035ea32f4ae3c139855869bbb49062f1", "price_changes": [{"asset_id": "30887032572101121332187740667215094491657468658291043188830897987016129354142", "price": "0.01", "size": "59.8", "side": "BUY", "hash": "a78feaf758f5a3638141931ef8d1351e1511a9dd", "best_bid": "0.06", "best_ask": "0.96"}, {"asset_id": "35192903361091849248940718645499233167215841826837724281530158082247957989629", "price": "0.99", "size": "59.8", "side": "SELL", "hash": "ec58c6a249524eb17942316a55bc39a2d85856b7", "best_bid": "0.04", "best_ask": "0.94"}], "timestamp": "1769384610045", "event_type": "price_change"}}
{"_local_timestamp": "2026-01-25T23:43:30.401960+00:00", "data": {"market": "0x362912f5cb655b81e79607e953e32f84dac1572753e2391f459e450478265749", "price_changes": [{"asset_id": "111407420641358258640954942754741699488195643075274492825410595934557666593274", "price": "0.01", "size": "51.27", "side": "BUY", "hash": "eda6da23f7082cbad64a58b36327490f11c2023b", "best_bid": "0.06", "best_ask": "0.96"}, {"asset_id": "3087755881123905074274619731943137130363325113969580976113246712649699904601", "price": "0.99", "size": "51.27", "side": "SELL", "hash": "6d0f3c9d978e8c0cb21775abf3578ee77f0c5b8a", "best_bid": "0.04", "best_ask": "0.94"}], "timestamp": "1769384610264", "event_type": "price_change"}}
{"_local_timestamp": "2026-01-25T23:43:30.403574+00:00", "data": {"market": "0x362912f5cb655b81e79607e953e32f84dac1572753e2391f459e450478265749", "price_changes": [{"asset_id": "111407420641358258640954942754741699488195643075274492825410595934557666593274", "price": "0.03", "size": "9.75", "side": "BUY", "hash": "eda6da23f7082cbad64a58b36327490f11c2023b", "best_bid": "0.06", "best_ask": "0.96"}, {"asset_id": "3087755881123905074274619731943137130363325113969580976113246712649699904601", "price": "0.97", "size": "9.75", "side": "SELL", "hash": "6d0f3c9d978e8c0cb21775abf3578ee77f0c5b8a", "best_bid": "0.04", "best_ask": "0.94"}], "timestamp": "1769384610264", "event_type": "price_change"}}
{"_local_timestamp": "2026-01-25T23:43:30.819879+00:00", "data": {"market": "0x362912f5cb655b81e79607e953e32f84dac1572753e2391f459e450478265749", "price_changes": [{"asset_id": "111407420641358258640954942754741699488195643075274492825410595934557666593274", "price": "0.01", "size": "61.65", "side": "BUY", "hash": "2959652c90977360016600a38bc692e48268e917", "best_bid": "0.06", "best_ask": "0.96"}, {"asset_id": "3087755881123905074274619731943137130363325113969580976113246712649699904601", "price": "0.99", "size": "61.65", "side": "SELL", "hash": "0cf2d73f8b90adbb86f35ab3cee0e78279439cb7", "best_bid": "0.04", "best_ask": "0.94"}], "timestamp": "1769384610698", "event_type": "price_change"}}
{"_local_timestamp": "2026-01-25T23:43:30.826419+00:00", "data": {"market": "0x362912f5cb655b81e79607e953e32f84dac1572753e2391f459e450478265749", "price_changes": [{"asset_id": "111407420641358258640954942754741699488195643075274492825410595934557666593274", "price": "0.06", "size": "12.14", "side": "BUY", "hash": "07c5ffccad0254baa04c73a1c35590d9ed05d798", "best_bid": "0.06", "best_ask": "0.96"}, {"asset_id": "3087755881123905074274619731943137130363325113969580976113246712649699904601", "price": "0.94", "size": "12.14", "side": "SELL", "hash": "5eece000981826a3a8dd30a87f3e8b721422a7ad", "best_bid": "0.04", "best_ask": "0.94"}], "timestamp": "1769384610699", "event_type": "price_change"}}
{"_local_timestamp": "2026-01-25T23:43:34.950239+00:00", "data": {"market": "0xe34b0bb444471383c90cec5dc69f813a9b3545444de919995ff030dac71248a3", "price_changes": [{"asset_id": "97700218319543636355981601320594824056628162134390242486220190083801463286044", "price": "0.05", "size": "0", "side": "BUY", "hash": "1b4cc761a6bd200932c551bc5664f74a875b5985", "best_bid": "0.06", "best_ask": "0.96"}, {"asset_id": "112017627761537300677970694411480436137463788285461926216623118683376584067380", "price": "0.95", "size": "0", "side": "SELL", "hash": "82492b8eeb5000f1a5b5d34da109335fe87626f9", "best_bid": "0.04", "best_ask": "0.94"}], "timestamp": "1769384614822", "event_type": "price_change"}}
{"_local_timestamp": "2026-01-25T23:43:34.951052+00:00", "data": {"market": "0x02682a05084a43701a3e859db3f03bc7035ea32f4ae3c139855869bbb49062f1", "price_changes": [{"asset_id": "30887032572101121332187740667215094491657468658291043188830897987016129354142", "price": "0.05", "size": "0", "side": "BUY", "hash": "e7975a129fdbc72bb3d729726656e76fb356fac0", "best_bid": "0.06", "best_ask": "0.96"}, {"asset_id": "35192903361091849248940718645499233167215841826837724281530158082247957989629", "price": "0.95", "size": "0", "side": "SELL", "hash": "325c755f084d088916ca9045c8a52e2c846cf80b", "best_bid": "0.04", "best_ask": "0.94"}], "timestamp": "1769384614822", "event_type": "price_change"}}
{"_local_timestamp": "2026-01-25T23:43:34.951729+00:00", "data": {"market": "0x362912f5cb655b81e79607e953e32f84dac1572753e2391f459e450478265749", "price_changes": [{"asset_id": "111407420641358258640954942754741699488195643075274492825410595934557666593274", "price": "0.05", "size": "0", "side": "BUY", "hash": "3bc3edf902797bf8570564dfd16e6ff89e01b2fa", "best_bid": "0.06", "best_ask": "0.96"}, {"asset_id": "3087755881123905074274619731943137130363325113969580976113246712649699904601", "price": "0.95", "size": "0", "side": "SELL", "hash": "ad1dee7fb041a2a0c8f839159ab447309e6a7663", "best_bid": "0.04", "best_ask": "0.94"}], "timestamp": "1769384614822", "event_type": "price_change"}}
{"_local_timestamp": "2026-01-25T23:43:35.646650+00:00", "data": {"market": "0xd37f59b9c51a3548d7c9740bc25c619c6da8e03acc850023295b8b983ad20527", "price_changes": [{"asset_id": "10617636138259507285477245956793545272020397648836479158116719634159970012149", "price": "0.05", "size": "23.99", "side": "BUY", "hash": "f78858bf95ce6fe31edbf43359d9eec359cf3cb8", "best_bid": "0.05", "best_ask": "0.96"}, {"asset_id": "86922549432847869502897076242034045799267352097019606723721140333601147624472", "price": "0.95", "size": "23.99", "side": "SELL", "hash": "b5fd86cb875fe4ebba7168941268e8fa29f0852e", "best_bid": "0.04", "best_ask": "0.95"}], "timestamp": "1769384615508", "event_type": "price_change"}}
{"_local_timestamp": "2026-01-25T23:43:35.768465+00:00", "data": {"market": "0x19a4d27add00ce27b2a3cf7ca5705ef8aade39a8ece33948e9b2f02c192152be", "price_changes": [{"asset_id": "95172888027281193001519088464175285929338904438226458264353810757936163188044", "price": "0.05", "size": "23.99", "side": "BUY", "hash": "5686f45d0809ae89195589d2453e4a22a2e14a82", "best_bid": "0.05", "best_ask": "0.96"}, {"asset_id": "71489691980085603195785483996972122116532490472494448024267486667321753208838", "price": "0.95", "size": "23.99", "side": "SELL", "hash": "c8d05f835b72954631196f085c61ed6fabd0d1ed", "best_bid": "0.04", "best_ask": "0.95"}], "timestamp": "1769384615601", "event_type": "price_change"}}
{"_local_timestamp": "2026-01-25T23:43:35.769881+00:00", "data": {"market": "0x9fa8edb100e017bd5633db881bfd7f39d8feaf23e488562c7863403b75f2b72a", "price_changes": [{"asset_id": "109451912333674650094373499600078573206027333544803021029937231897917192478306", "price": "0.05", "size": "23.99", "side": "BUY", "hash": "b1f159e707e4e85d5c55360216b1ef3909109ca4", "best_bid": "0.05", "best_ask": "0.96"}, {"asset_id": "97737434631321407607330081336176115113173871167799349015045656897989017126587", "price": "0.95", "size": "23.99", "side": "SELL", "hash": "a8c6d1356c5b362610da5b58d4b2cb8957d53d05", "best_bid": "0.04", "best_ask": "0.95"}], "timestamp": "1769384615601", "event_type": "price_change"}}
{"_local_timestamp": "2026-01-25T23:43:35.770548+00:00", "data": {"market": "0xd3b44443f0b39d21079f0a72254268aee2103faf72e7b3109d8ae6764d416152", "price_changes": [{"asset_id": "74195830337912012661209045255656626007077925536496881065075327343195504551863", "price": "0.05", "size": "23.99", "side": "BUY", "hash": "9ce00c59fa5090b48e2d274380434b6cd3cba699", "best_bid": "0.05", "best_ask": "0.96"}, {"asset_id": "66916591411271253117011649722470760555098136629103997561616701243019995826796", "price": "0.95", "size": "23.99", "side": "SELL", "hash": "cb2675db4fbd3d393e8069be3437a7def412ff7a", "best_bid": "0.04", "best_ask": "0.95"}], "timestamp": "1769384615601", "event_type": "price_change"}}
{"_local_timestamp": "2026-01-25T23:43:35.830472+00:00", "data": {"market": "0xff1e6a0275ae0216a33abece78285de646cdd4ba37dc1d772578538be60329cf", "price_changes": [{"asset_id": "106561211697967626756310720720604256534170407941019828744583005941010546193812", "price": "0.05", "size": "23.99", "side": "BUY", "hash": "45a135090d413f2fb93843ff5f9a29b884adfc66", "best_bid": "0.05", "best_ask": "0.97"}, {"asset_id": "114506854111387970982269268959966858458499074507684750968073343843315627005834", "price": "0.95", "size": "23.99", "side": "SELL", "hash": "b4fd25998886bbc243ea2434cc6a077b8262fd6b", "best_bid": "0.03", "best_ask": "0.95"}], "timestamp": "1769384615698", "event_type": "price_change"}}
{"_local_timestamp": "2026-01-25T23:43:35.838957+00:00", "data": {"market": "0xc62866c20352813ae054a41ad3f1b92292b5300d7bfc1143e9c6a41823fe5992", "price_changes": [{"asset_id": "52759588103937363641506362299958930445030460683736633313225430843238074731373", "price": "0.05", "size": "23.99", "side": "BUY", "hash": "369c13c41bb5190828d8b589e9537bf5392d1118", "best_bid": "0.05", "best_ask": "0.96"}, {"asset_id": "47133502308465006307801302772561127971127968369129604946852551581692421961280", "price": "0.95", "size": "23.99", "side": "SELL", "hash": "fa6c74235f5c1b6628054c480db8cff1dd86ddc5", "best_bid": "0.04", "best_ask": "0.95"}], "timestamp": "1769384615698", "event_type": "price_change"}}
{"_local_timestamp": "2026-01-25T23:43:36.047242+00:00", "data": {"market": "0xb4cb0ae16ba9281cdc5a5d20f324d0d0a7753d6116d0d905e0a8742ae8d0c244", "price_changes": [{"asset_id": "102744846850187161380521503397483870162725714816776510187447472868892066157718", "price": "0.05", "size": "23.99", "side": "BUY", "hash": "63ee074356d88913cec7a446812d49a58c1fa26f", "best_bid": "0.05", "best_ask": "0.96"}, {"asset_id": "37092008225382265270014902992349514323037660984217265301171261275317809758859", "price": "0.95", "size": "23.99", "side": "SELL", "hash": "70325bcc6e1b93d0267b92d03e4509fa824500d7", "best_bid": "0.04", "best_ask": "0.95"}], "timestamp": "1769384615895", "event_type": "price_change"}}
{"_local_timestamp": "2026-01-25T23:43:39.942659+00:00", "data": {"market": "0xff1e6a0275ae0216a33abece78285de646cdd4ba37dc1d772578538be60329cf", "price_changes": [{"asset_id": "106561211697967626756310720720604256534170407941019828744583005941010546193812", "price": "0.04", "size": "0", "side": "BUY", "hash": "4e925832719245622577fb86d9be0051e4a20847", "best_bid": "0.05", "best_ask": "0.97"}, {"asset_id": "114506854111387970982269268959966858458499074507684750968073343843315627005834", "price": "0.96", "size": "0", "side": "SELL", "hash": "81c32fde32794b6d4ab9487e51d9635cae77566e", "best_bid": "0.03", "best_ask": "0.95"}], "timestamp": "1769384619812", "event_type": "price_change"}}
{"_local_timestamp": "2026-01-25T23:43:39.943409+00:00", "data": {"market": "0xd3b44443f0b39d21079f0a72254268aee2103faf72e7b3109d8ae6764d416152", "price_changes": [{"asset_id": "74195830337912012661209045255656626007077925536496881065075327343195504551863", "price": "0.04", "size": "0", "side": "BUY", "hash": "49c02ab451ce8365ecb1f346dfd0f2c0ebf0047f", "best_bid": "0.05", "best_ask": "0.96"}, {"asset_id": "66916591411271253117011649722470760555098136629103997561616701243019995826796", "price": "0.96", "size": "0", "side": "SELL", "hash": "3049556b28f7c9381a1f483c7f0cee7354f98937", "best_bid": "0.04", "best_ask": "0.95"}], "timestamp": "1769384619813", "event_type": "price_change"}}
{"_local_timestamp": "2026-01-25T23:43:39.944047+00:00", "data": {"market": "0xb4cb0ae16ba9281cdc5a5d20f324d0d0a7753d6116d0d905e0a8742ae8d0c244", "price_changes": [{"asset_id": "102744846850187161380521503397483870162725714816776510187447472868892066157718", "price": "0.04", "size": "0", "side": "BUY", "hash": "205a178793993f5ca9d53a3d1503b237ca3754e5", "best_bid": "0.05", "best_ask": "0.96"}, {"asset_id": "37092008225382265270014902992349514323037660984217265301171261275317809758859", "price": "0.96", "size": "0", "side": "SELL", "hash": "f2adb9efbf210827176c449dbda13726f1b61cbc", "best_bid": "0.04", "best_ask": "0.95"}], "timestamp": "1769384619812", "event_type": "price_change"}}
{"_local_timestamp": "2026-01-25T23:43:39.947274+00:00", "data": {"market": "0xc62866c20352813ae054a41ad3f1b92292b5300d7bfc1143e9c6a41823fe5992", "price_changes": [{"asset_id": "52759588103937363641506362299958930445030460683736633313225430843238074731373", "price": "0.04", "size": "0", "side": "BUY", "hash": "5903a460f71de808a9332a5ddc57a6848616f772", "best_bid": "0.05", "best_ask": "0.96"}, {"asset_id": "47133502308465006307801302772561127971127968369129604946852551581692421961280", "price": "0.96", "size": "0", "side": "SELL", "hash": "7e10cab3e9d45d122ff8045a05cb0ce739ee38d4", "best_bid": "0.04", "best_ask": "0.95"}], "timestamp": "1769384619813", "event_type": "price_change"}}
{"_local_timestamp": "2026-01-25T23:43:39.948927+00:00", "data": {"market": "0x19a4d27add00ce27b2a3cf7ca5705ef8aade39a8ece33948e9b2f02c192152be", "price_changes": [{"asset_id": "95172888027281193001519088464175285929338904438226458264353810757936163188044", "price": "0.04", "size": "0", "side": "BUY", "hash": "8caffea145e759f14a9f8f927f88971d86db4961", "best_bid": "0.05", "best_ask": "0.96"}, {"asset_id": "71489691980085603195785483996972122116532490472494448024267486667321753208838", "price": "0.96", "size": "0", "side": "SELL", "hash": "049b4327edf15813e2b7b4f918c7606578671b30", "best_bid": "0.04", "best_ask": "0.95"}], "timestamp": "1769384619813", "event_type": "price_change"}}
{"_local_timestamp": "2026-01-25T23:43:39.953179+00:00", "data": {"market": "0xd37f59b9c51a3548d7c9740bc25c619c6da8e03acc850023295b8b983ad20527", "price_changes": [{"asset_id": "10617636138259507285477245956793545272020397648836479158116719634159970012149", "price": "0.04", "size": "0", "side": "BUY", "hash": "cb816e517794585a13f576a534b2ee272949cd74", "best_bid": "0.05", "best_ask": "0.96"}, {"asset_id": "86922549432847869502897076242034045799267352097019606723721140333601147624472", "price": "0.96", "size": "0", "side": "SELL", "hash": "6e026493c80928908e8d8434b136e78b5d78afdd", "best_bid": "0.04", "best_ask": "0.95"}], "timestamp": "1769384619812", "event_type": "price_change"}}
{"_local_timestamp": "2026-01-25T23:43:39.960782+00:00", "data": {"market": "0x9fa8edb100e017bd5633db881bfd7f39d8feaf23e488562c7863403b75f2b72a", "price_changes": [{"asset_id": "109451912333674650094373499600078573206027333544803021029937231897917192478306", "price": "0.04", "size": "0", "side": "BUY", "hash": "6eda7117a119c76f270f29b72b90c6f71d18dea8", "best_bid": "0.05", "best_ask": "0.96"}, {"asset_id": "97737434631321407607330081336176115113173871167799349015045656897989017126587", "price": "0.96", "size": "0", "side": "SELL", "hash": "d0bb869b9e91f4aaec632de35c49800e18f1a9f2", "best_bid": "0.04", "best_ask": "0.95"}], "timestamp": "1769384619813", "event_type": "price_change"}}
{"_local_timestamp": "2026-01-25T23:43:40.030642+00:00", "data": {"market": "0xff1e6a0275ae0216a33abece78285de646cdd4ba37dc1d772578538be60329cf", "price_changes": [{"asset_id": "106561211697967626756310720720604256534170407941019828744583005941010546193812", "price": "0.06", "size": "5.47", "side": "BUY", "hash": "447aae0c00e194a923428230aa5062925db3d7c2", "best_bid": "0.06", "best_ask": "0.97"}, {"asset_id": "114506854111387970982269268959966858458499074507684750968073343843315627005834", "price": "0.94", "size": "5.47", "side": "SELL", "hash": "63c0d92526bc653470d49612f59202bb052e3c99", "best_bid": "0.03", "best_ask": "0.94"}], "timestamp": "1769384619897", "event_type": "price_change"}}
{"_local_timestamp": "2026-01-25T23:43:40.031375+00:00", "data": {"market": "0xd3b44443f0b39d21079f0a72254268aee2103faf72e7b3109d8ae6764d416152", "price_changes": [{"asset_id": "74195830337912012661209045255656626007077925536496881065075327343195504551863", "price": "0.06", "size": "5.47", "side": "BUY", "hash": "2dcfe6e2238dd9933f070f2f4687520ac8a65271", "best_bid": "0.06", "best_ask": "0.96"}, {"asset_id": "66916591411271253117011649722470760555098136629103997561616701243019995826796", "price": "0.94", "size": "5.47", "side": "SELL", "hash": "7c564a548ce512ada7c08f630c87fc004714791b", "best_bid": "0.04", "best_ask": "0.94"}], "timestamp": "1769384619897", "event_type": "price_change"}}
{"_local_timestamp": "2026-01-25T23:43:40.032018+00:00", "data": {"market": "0x9fa8edb100e017bd5633db881bfd7f39d8feaf23e488562c7863403b75f2b72a", "price_changes": [{"asset_id": "109451912333674650094373499600078573206027333544803021029937231897917192478306", "price": "0.06", "size": "5.47", "side": "BUY", "hash": "f725d16bfdcbfe6d20dc1384b8e49e92a2aa446e", "best_bid": "0.06", "best_ask": "0.96"}, {"asset_id": "97737434631321407607330081336176115113173871167799349015045656897989017126587", "price": "0.94", "size": "5.47", "side": "SELL", "hash": "0409a206f777c9d6c6ae3e5eb3a54fa8152e6c7a", "best_bid": "0.04", "best_ask": "0.94"}], "timestamp": "1769384619897", "event_type": "price_change"}}
{"_local_timestamp": "2026-01-25T23:43:40.139126+00:00", "data": {"market": "0xb4cb0ae16ba9281cdc5a5d20f324d0d0a7753d6116d0d905e0a8742ae8d0c244", "price_changes": [{"asset_id": "102744846850187161380521503397483870162725714816776510187447472868892066157718", "price": "0.06", "size": "5.47", "side": "BUY", "hash": "73cc7520734e2be4025573100c531cd2994b4fb3", "best_bid": "0.06", "best_ask": "0.96"}, {"asset_id": "37092008225382265270014902992349514323037660984217265301171261275317809758859", "price": "0.94", "size": "5.47", "side": "SELL", "hash": "4079ae7666c289ed66b7f0c57a68a1a226ba1c72", "best_bid": "0.04", "best_ask": "0.94"}], "timestamp": "1769384619897", "event_type": "price_change"}}
{"_local_timestamp": "2026-01-25T23:43:40.140646+00:00", "data": {"market": "0xc62866c20352813ae054a41ad3f1b92292b5300d7bfc1143e9c6a41823fe5992", "price_changes": [{"asset_id": "52759588103937363641506362299958930445030460683736633313225430843238074731373", "price": "0.06", "size": "5.47", "side": "BUY", "hash": "c68b8523459853bd44932f44f8a21ccd357d8b92", "best_bid": "0.06", "best_ask": "0.96"}, {"asset_id": "47133502308465006307801302772561127971127968369129604946852551581692421961280", "price": "0.94", "size": "5.47", "side": "SELL", "hash": "e610b956f0c8ca0e816324b47e99cd99f599d068", "best_bid": "0.04", "best_ask": "0.94"}], "timestamp": "1769384619897", "event_type": "price_change"}}
{"_local_timestamp": "2026-01-25T23:43:40.141459+00:00", "data": {"market": "0x19a4d27add00ce27b2a3cf7ca5705ef8aade39a8ece33948e9b2f02c192152be", "price_changes": [{"asset_id": "95172888027281193001519088464175285929338904438226458264353810757936163188044", "price": "0.06", "size": "5.47", "side": "BUY", "hash": "fcc0a92f14a4a89aef8042a9cfa10ea5b5f06c59", "best_bid": "0.06", "best_ask": "0.96"}, {"asset_id": "71489691980085603195785483996972122116532490472494448024267486667321753208838", "price": "0.94", "size": "5.47", "side": "SELL", "hash": "80d7e38d749075c420706097adb0821edc99ae4b", "best_bid": "0.04", "best_ask": "0.94"}], "timestamp": "1769384619897", "event_type": "price_change"}}
{"_local_timestamp": "2026-01-25T23:43:40.142247+00:00", "data": {"market": "0xd37f59b9c51a3548d7c9740bc25c619c6da8e03acc850023295b8b983ad20527", "price_changes": [{"asset_id": "10617636138259507285477245956793545272020397648836479158116719634159970012149", "price": "0.06", "size": "5.47", "side": "BUY", "hash": "6bb061e5de33b73fa91701bf3a031802d1b1169f", "best_bid": "0.06", "best_ask": "0.96"}, {"asset_id": "86922549432847869502897076242034045799267352097019606723721140333601147624472", "price": "0.94", "size": "5.47", "side": "SELL", "hash": "1cd749085bd63d501f0e83866c26d5e2c08a372b", "best_bid": "0.04", "best_ask": "0.94"}], "timestamp": "1769384619897", "event_type": "price_change"}}
{"_local_timestamp": "2026-01-25T23:45:09.549322+00:00", "data": {"market": "0xd3b44443f0b39d21079f0a72254268aee2103faf72e7b3109d8ae6764d416152", "price_changes": [{"asset_id": "74195830337912012661209045255656626007077925536496881065075327343195504551863", "price": "0.05", "size": "0", "side": "BUY", "hash": "c4fc337a08c106ded7d4ad231787676f4d657532", "best_bid": "0.06", "best_ask": "0.96"}, {"asset_id": "66916591411271253117011649722470760555098136629103997561616701243019995826796", "price": "0.95", "size": "0", "side": "SELL", "hash": "2fbd7662ae81360e01153553581a8087e28b5a1c", "best_bid": "0.04", "best_ask": "0.94"}], "timestamp": "1769384709470", "event_type": "price_change"}}
{"_local_timestamp": "2026-01-25T23:45:09.550658+00:00", "data": {"market": "0x9fa8edb100e017bd5633db881bfd7f39d8feaf23e488562c7863403b75f2b72a", "price_changes": [{"asset_id": "109451912333674650094373499600078573206027333544803021029937231897917192478306", "price": "0.05", "size": "0", "side": "BUY", "hash": "278570b171015074c46b2df441a61477d361e023", "best_bid": "0.06", "best_ask": "0.96"}, {"asset_id": "97737434631321407607330081336176115113173871167799349015045656897989017126587", "price": "0.95", "size": "0", "side": "SELL", "hash": "1e53b14d4b648ef1ccc461852076e6fdd7717434", "best_bid": "0.04", "best_ask": "0.94"}], "timestamp": "1769384709470", "event_type": "price_change"}}
{"_local_timestamp": "2026-01-25T23:45:09.551324+00:00", "data": {"market": "0x19a4d27add00ce27b2a3cf7ca5705ef8aade39a8ece33948e9b2f02c192152be", "price_changes": [{"asset_id": "95172888027281193001519088464175285929338904438226458264353810757936163188044", "price": "0.05", "size": "0", "side": "BUY", "hash": "0ef1ab95b3c2cf2b2ca22d2ff6a0e1078d8a70b8", "best_bid": "0.06", "best_ask": "0.96"}, {"asset_id": "71489691980085603195785483996972122116532490472494448024267486667321753208838", "price": "0.95", "size": "0", "side": "SELL", "hash": "66df1a6b23da67f0be2f9027dc2f791e68cb5563", "best_bid": "0.04", "best_ask": "0.94"}], "timestamp": "1769384709470", "event_type": "price_change"}}
{"_local_timestamp": "2026-01-25T23:45:09.634490+00:00", "data": {"market": "0xd37f59b9c51a3548d7c9740bc25c619c6da8e03acc850023295b8b983ad20527", "price_changes": [{"asset_id": "10617636138259507285477245956793545272020397648836479158116719634159970012149", "price": "0.05", "size": "0", "side": "BUY", "hash": "bbd446e675ae17df4ad2de50f1706014b175c335", "best_bid": "0.06", "best_ask": "0.96"}, {"asset_id": "86922549432847869502897076242034045799267352097019606723721140333601147624472", "price": "0.95", "size": "0", "side": "SELL", "hash": "8ec62b7ef32ca442a4c9b551282360704d29fb05", "best_bid": "0.04", "best_ask": "0.94"}], "timestamp": "1769384709563", "event_type": "price_change"}}
{"_local_timestamp": "2026-01-25T23:45:09.635280+00:00", "data": {"market": "0xff1e6a0275ae0216a33abece78285de646cdd4ba37dc1d772578538be60329cf", "price_changes": [{"asset_id": "106561211697967626756310720720604256534170407941019828744583005941010546193812", "price": "0.05", "size": "0", "side": "BUY", "hash": "0dd2527db25d385d192a6060202e6624d11d4f68", "best_bid": "0.06", "best_ask": "0.97"}, {"asset_id": "114506854111387970982269268959966858458499074507684750968073343843315627005834", "price": "0.95", "size": "0", "side": "SELL", "hash": "fa96a67e475af326100f5bda64f15544b658e2d3", "best_bid": "0.03", "best_ask": "0.94"}], "timestamp": "1769384709563", "event_type": "price_change"}}
{"_local_timestamp": "2026-01-25T23:45:09.739848+00:00", "data": {"market": "0xc62866c20352813ae054a41ad3f1b92292b5300d7bfc1143e9c6a41823fe5992", "price_changes": [{"asset_id": "52759588103937363641506362299958930445030460683736633313225430843238074731373", "price": "0.05", "size": "0", "side": "BUY", "hash": "007dc6b52a64f49f5d7851fa533ca391dc7b7f08", "best_bid": "0.06", "best_ask": "0.96"}, {"asset_id": "47133502308465006307801302772561127971127968369129604946852551581692421961280", "price": "0.95", "size": "0", "side": "SELL", "hash": "e07db7c8c7433c28f37872726e322238c467c1a8", "best_bid": "0.04", "best_ask": "0.94"}], "timestamp": "1769384709664", "event_type": "price_change"}}
{"_local_timestamp": "2026-01-25T23:45:09.740595+00:00", "data": {"market": "0xb4cb0ae16ba9281cdc5a5d20f324d0d0a7753d6116d0d905e0a8742ae8d0c244", "price_changes": [{"asset_id": "102744846850187161380521503397483870162725714816776510187447472868892066157718", "price": "0.05", "size": "0", "side": "BUY", "hash": "49cf3b1d03cc396517af4abc8018560b3e1cf8c6", "best_bid": "0.06", "best_ask": "0.96"}, {"asset_id": "37092008225382265270014902992349514323037660984217265301171261275317809758859", "price": "0.95", "size": "0", "side": "SELL", "hash": "65c06f2ecb6c8e19c1d73ef4f9aa4dc3ed578d2f", "best_bid": "0.04", "best_ask": "0.94"}], "timestamp": "1769384709664", "event_type": "price_change"}}
{"_local_timestamp": "2026-01-25T23:45:11.855696+00:00", "data": {"market": "0xb4cb0ae16ba9281cdc5a5d20f324d0d0a7753d6116d0d905e0a8742ae8d0c244", "price_changes": [{"asset_id": "102744846850187161380521503397483870162725714816776510187447472868892066157718", "price": "0.06", "size": "0", "side": "BUY", "hash": "f315d5099de01d513b619661fbc0cc4187227882", "best_bid": "0.03", "best_ask": "0.96"}, {"asset_id": "37092008225382265270014902992349514323037660984217265301171261275317809758859", "price": "0.94", "size": "0", "side": "SELL", "hash": "b2ac048cf613f126fd9b8166792e5f7fdff55662", "best_bid": "0.04", "best_ask": "0.97"}], "timestamp": "1769384711771", "event_type": "price_change"}}
{"_local_timestamp": "2026-01-25T23:45:11.856546+00:00", "data": {"market": "0x19a4d27add00ce27b2a3cf7ca5705ef8aade39a8ece33948e9b2f02c192152be", "price_changes": [{"asset_id": "95172888027281193001519088464175285929338904438226458264353810757936163188044", "price": "0.06", "size": "0", "side": "BUY", "hash": "39be7d3c4cfab9d0038a34235d7a42b7624a82f1", "best_bid": "0.03", "best_ask": "0.96"}, {"asset_id": "71489691980085603195785483996972122116532490472494448024267486667321753208838", "price": "0.94", "size": "0", "side": "SELL", "hash": "4cb014dd5b6472562a77a83ce97ef3b60981e3f4", "best_bid": "0.04", "best_ask": "0.97"}], "timestamp": "1769384711771", "event_type": "price_change"}}
{"_local_timestamp": "2026-01-25T23:45:11.857389+00:00", "data": {"market": "0x9fa8edb100e017bd5633db881bfd7f39d8feaf23e488562c7863403b75f2b72a", "price_changes": [{"asset_id": "109451912333674650094373499600078573206027333544803021029937231897917192478306", "price": "0.06", "size": "0", "side": "BUY", "hash": "931086c1bd0923ea0bb30ad4552d94381876d2cf", "best_bid": "0.03", "best_ask": "0.96"}, {"asset_id": "97737434631321407607330081336176115113173871167799349015045656897989017126587", "price": "0.94", "size": "0", "side": "SELL", "hash": "002948fef1ba7d02941819e4db0e22e50002c426", "best_bid": "0.04", "best_ask": "0.97"}], "timestamp": "1769384711771", "event_type": "price_change"}}
{"_local_timestamp": "2026-01-25T23:45:11.863833+00:00", "data": {"market": "0xd3b44443f0b39d21079f0a72254268aee2103faf72e7b3109d8ae6764d416152", "price_changes": [{"asset_id": "74195830337912012661209045255656626007077925536496881065075327343195504551863", "price": "0.06", "size": "0", "side": "BUY", "hash": "c04dc194556a3c76365fc756220b489ba426e9e9", "best_bid": "0.03", "best_ask": "0.96"}, {"asset_id": "66916591411271253117011649722470760555098136629103997561616701243019995826796", "price": "0.94", "size": "0", "side": "SELL", "hash": "6e65d8b9f6e5f4c2160f518835bb23777890037d", "best_bid": "0.04", "best_ask": "0.97"}], "timestamp": "1769384711771", "event_type": "price_change"}}
{"_local_timestamp": "2026-01-25T23:45:11.864599+00:00", "data": {"market": "0xc62866c20352813ae054a41ad3f1b92292b5300d7bfc1143e9c6a41823fe5992", "price_changes": [{"asset_id": "52759588103937363641506362299958930445030460683736633313225430843238074731373", "price": "0.06", "size": "0", "side": "BUY", "hash": "a99155fe028b83c7081a6c28b434e102bfb97143", "best_bid": "0.03", "best_ask": "0.96"}, {"asset_id": "47133502308465006307801302772561127971127968369129604946852551581692421961280", "price": "0.94", "size": "0", "side": "SELL", "hash": "87a7661d7486798ce0040807452a31170c03ce6f", "best_bid": "0.04", "best_ask": "0.97"}], "timestamp": "1769384711772", "event_type": "price_change"}}
{"_local_timestamp": "2026-01-25T23:45:11.865401+00:00", "data": {"market": "0xd37f59b9c51a3548d7c9740bc25c619c6da8e03acc850023295b8b983ad20527", "price_changes": [{"asset_id": "10617636138259507285477245956793545272020397648836479158116719634159970012149", "price": "0.06", "size": "0", "side": "BUY", "hash": "d3837216cef4951bfc66a60278caf70cb38d5c5e", "best_bid": "0.03", "best_ask": "0.96"}, {"asset_id": "86922549432847869502897076242034045799267352097019606723721140333601147624472", "price": "0.94", "size": "0", "side": "SELL", "hash": "ede7afd2ff032a62877d392cd532522b0181b7ae", "best_bid": "0.04", "best_ask": "0.97"}], "timestamp": "1769384711771", "event_type": "price_change"}}
{"_local_timestamp": "2026-01-25T23:45:11.869460+00:00", "data": {"market": "0xff1e6a0275ae0216a33abece78285de646cdd4ba37dc1d772578538be60329cf", "price_changes": [{"asset_id": "106561211697967626756310720720604256534170407941019828744583005941010546193812", "price": "0.06", "size": "0", "side": "BUY", "hash": "339064513ef56ce0fced41ec0ac6b1a9aa5a5342", "best_bid": "0.03", "best_ask": "0.97"}, {"asset_id": "114506854111387970982269268959966858458499074507684750968073343843315627005834", "price": "0.94", "size": "0", "side": "SELL", "hash": "706d955ecc4815b6bdc36f5e99fbdfcbff7bb7be", "best_bid": "0.03", "best_ask": "0.97"}], "timestamp": "1769384711772", "event_type": "price_change"}}
{"_local_timestamp": "2026-01-25T23:45:11.961213+00:00", "data": {"market": "0xd37f59b9c51a3548d7c9740bc25c619c6da8e03acc850023295b8b983ad20527", "price_changes": [{"asset_id": "10617636138259507285477245956793545272020397648836479158116719634159970012149", "price": "0.04", "size": "5.47", "side": "BUY", "hash": "1d6bf1b88ae2e1efaa690254ac11550d60ada457", "best_bid": "0.04", "best_ask": "0.96"}, {"asset_id": "86922549432847869502897076242034045799267352097019606723721140333601147624472", "price": "0.96", "size": "5.47", "side": "SELL", "hash": "6db10a936a93bd464277b50344f4e24d85d43ee9", "best_bid": "0.04", "best_ask": "0.96"}], "timestamp": "1769384711886", "event_type": "price_change"}}
{"_local_timestamp": "2026-01-25T23:45:11.963038+00:00", "data": {"market": "0xb4cb0ae16ba9281cdc5a5d20f324d0d0a7753d6116d0d905e0a8742ae8d0c244", "price_changes": [{"asset_id": "102744846850187161380521503397483870162725714816776510187447472868892066157718", "price": "0.04", "size": "5.47", "side": "BUY", "hash": "99efbf4475822d15fc4d503ac888ad8f57c81b48", "best_bid": "0.04", "best_ask": "0.96"}, {"asset_id": "37092008225382265270014902992349514323037660984217265301171261275317809758859", "price": "0.96", "size": "5.47", "side": "SELL", "hash": "b5ff8e1b3933e6893e1c27eaee6f255bf6b78a63", "best_bid": "0.04", "best_ask": "0.96"}], "timestamp": "1769384711886", "event_type": "price_change"}}
{"_local_timestamp": "2026-01-25T23:45:11.963783+00:00", "data": {"market": "0xff1e6a0275ae0216a33abece78285de646cdd4ba37dc1d772578538be60329cf", "price_changes": [{"asset_id": "106561211697967626756310720720604256534170407941019828744583005941010546193812", "price": "0.04", "size": "5.47", "side": "BUY", "hash": "bcd8375eb9b8eea78f07ea6fd01a6196271d3711", "best_bid": "0.04", "best_ask": "0.97"}, {"asset_id": "114506854111387970982269268959966858458499074507684750968073343843315627005834", "price": "0.96", "size": "5.47", "side": "SELL", "hash": "23bc1244a8cfc1577845802238f8f0f4b9a45a9d", "best_bid": "0.03", "best_ask": "0.96"}], "timestamp": "1769384711886", "event_type": "price_change"}}
{"_local_timestamp": "2026-01-25T23:45:11.964498+00:00", "data": {"market": "0x19a4d27add00ce27b2a3cf7ca5705ef8aade39a8ece33948e9b2f02c192152be", "price_changes": [{"asset_id": "95172888027281193001519088464175285929338904438226458264353810757936163188044", "price": "0.04", "size": "5.47", "side": "BUY", "hash": "4350cef5fb7729c28ec95b91f5db4305d3cce247", "best_bid": "0.04", "best_ask": "0.96"}, {"asset_id": "71489691980085603195785483996972122116532490472494448024267486667321753208838", "price": "0.96", "size": "5.47", "side": "SELL", "hash": "dd8bacb4e4d74d2e078c8b71f776b148a3edb31d", "best_bid": "0.04", "best_ask": "0.96"}], "timestamp": "1769384711886", "event_type": "price_change"}}
{"_local_timestamp": "2026-01-25T23:45:11.965192+00:00", "data": {"market": "0xc62866c20352813ae054a41ad3f1b92292b5300d7bfc1143e9c6a41823fe5992", "price_changes": [{"asset_id": "52759588103937363641506362299958930445030460683736633313225430843238074731373", "price": "0.04", "size": "5.47", "side": "BUY", "hash": "538743ebfb8aee0d67ff88ffbb142b0719349409", "best_bid": "0.04", "best_ask": "0.96"}, {"asset_id": "47133502308465006307801302772561127971127968369129604946852551581692421961280", "price": "0.96", "size": "5.47", "side": "SELL", "hash": "c7d4fc50805eaa085a7a21ddf93fd559a0c1e06c", "best_bid": "0.04", "best_ask": "0.96"}], "timestamp": "1769384711886", "event_type": "price_change"}}
{"_local_timestamp": "2026-01-25T23:45:11.965866+00:00", "data": {"market": "0xd3b44443f0b39d21079f0a72254268aee2103faf72e7b3109d8ae6764d416152", "price_changes": [{"asset_id": "74195830337912012661209045255656626007077925536496881065075327343195504551863", "price": "0.04", "size": "5.47", "side": "BUY", "hash": "14437fb2bf6329860f7afaa0fabb44bff50e4b97", "best_bid": "0.04", "best_ask": "0.96"}, {"asset_id": "66916591411271253117011649722470760555098136629103997561616701243019995826796", "price": "0.96", "size": "5.47", "side": "SELL", "hash": "0759087944c4830ac7a7ccbe57d217be26cb9e80", "best_bid": "0.04", "best_ask": "0.96"}], "timestamp": "1769384711886", "event_type": "price_change"}}
{"_local_timestamp": "2026-01-25T23:45:12.027102+00:00", "data": {"market": "0x9fa8edb100e017bd5633db881bfd7f39d8feaf23e488562c7863403b75f2b72a", "price_changes": [{"asset_id": "109451912333674650094373499600078573206027333544803021029937231897917192478306", "price": "0.04", "size": "5.47", "side": "BUY", "hash": "39eb28896bef9e52cb648a5cf911327557de49c7", "best_bid": "0.04", "best_ask": "0.96"}, {"asset_id": "97737434631321407607330081336176115113173871167799349015045656897989017126587", "price": "0.96", "size": "5.47", "side": "SELL", "hash": "35288bfe5bf2682833cfe4bbae4d4ba644af7172", "best_bid": "0.04", "best_ask": "0.96"}], "timestamp": "1769384711886", "event_type": "price_change"}}
{"_local_timestamp": "2026-01-25T23:46:04.628589+00:00", "data": {"market": "0x362912f5cb655b81e79607e953e32f84dac1572753e2391f459e450478265749", "price_changes": [{"asset_id": "111407420641358258640954942754741699488195643075274492825410595934557666593274", "price": "0.06", "size": "5.47", "side": "BUY", "hash": "aac99865e56d9ce63a2850ec07443f774df5fe08", "best_bid": "0.06", "best_ask": "0.96"}, {"asset_id": "3087755881123905074274619731943137130363325113969580976113246712649699904601", "price": "0.94", "size": "5.47", "side": "SELL", "hash": "530784733f5b64e40977dfb518ff133fd5879887", "best_bid": "0.04", "best_ask": "0.94"}], "timestamp": "1769384764554", "event_type": "price_change"}}
{"_local_timestamp": "2026-01-25T23:46:04.629389+00:00", "data": {"market": "0xff1e6a0275ae0216a33abece78285de646cdd4ba37dc1d772578538be60329cf", "price_changes": [{"asset_id": "106561211697967626756310720720604256534170407941019828744583005941010546193812", "price": "0.03", "size": "12.36", "side": "BUY", "hash": "70321eccfa371e7a6560427601a9c3b11b17e0a6", "best_bid": "0.04", "best_ask": "0.97"}, {"asset_id": "114506854111387970982269268959966858458499074507684750968073343843315627005834", "price": "0.97", "size": "12.36", "side": "SELL", "hash": "10431cc6066182ef8ee2d99cab6682dfe2f5bc4f", "best_bid": "0.03", "best_ask": "0.96"}], "timestamp": "1769384764554", "event_type": "price_change"}}
{"_local_timestamp": "2026-01-25T23:46:04.630103+00:00", "data": {"market": "0x02cb406686b0e5a2c761b60dba57df5a5aa10de657d8b55c2059de1594262ef8", "price_changes": [{"asset_id": "71618273512612611641687286878012843492831706235643168298378352373515271932764", "price": "0.01", "size": "48.04", "side": "BUY", "hash": "6cd2d0af6610e5a6fe53fadb34626cdcf36d8364", "best_bid": "0.06", "best_ask": "0.96"}, {"asset_id": "17525878431794376842013117355232170057074541567126099913305204894084193326972", "price": "0.99", "size": "48.04", "side": "SELL", "hash": "52be7150814bcbdca3f99b2ec0e4d5ad983d9bdb", "best_bid": "0.04", "best_ask": "0.94"}], "timestamp": "1769384764554", "event_type": "price_change"}}
{"_local_timestamp": "2026-01-25T23:46:05.051925+00:00", "data": {"market": "0x9fa8edb100e017bd5633db881bfd7f39d8feaf23e488562c7863403b75f2b72a", "price_changes": [{"asset_id": "109451912333674650094373499600078573206027333544803021029937231897917192478306", "price": "0.01", "size": "105.98", "side": "BUY", "hash": "238f360dd82bb0bec47d47d86cd3dcd1bb7fd9ae", "best_bid": "0.04", "best_ask": "0.96"}, {"asset_id": "97737434631321407607330081336176115113173871167799349015045656897989017126587", "price": "0.99", "size": "105.98", "side": "SELL", "hash": "002cbe3516c13facc592788a63cc9a015bc26d8a", "best_bid": "0.04", "best_ask": "0.96"}], "timestamp": "1769384764982", "event_type": "price_change"}}
{"_local_timestamp": "2026-01-25T23:46:05.064179+00:00", "data": {"market": "0x02682a05084a43701a3e859db3f03bc7035ea32f4ae3c139855869bbb49062f1", "price_changes": [{"asset_id": "30887032572101121332187740667215094491657468658291043188830897987016129354142", "price": "0.06", "size": "5.47", "side": "BUY", "hash": "3ba88c69e096c6cb0d6a7bb4019279ec92248692", "best_bid": "0.06", "best_ask": "0.96"}, {"asset_id": "35192903361091849248940718645499233167215841826837724281530158082247957989629", "price": "0.94", "size": "5.47", "side": "SELL", "hash": "9d6efe4b8dcb6c5cbcaa21d8ddf31c881a538b69", "best_bid": "0.04", "best_ask": "0.94"}], "timestamp": "1769384764982", "event_type": "price_change"}}
{"_local_timestamp": "2026-01-25T23:46:06.529524+00:00", "data": {"market": "0x9fa8edb100e017bd5633db881bfd7f39d8feaf23e488562c7863403b75f2b72a", "price_changes": [{"asset_id": "109451912333674650094373499600078573206027333544803021029937231897917192478306", "price": "0.01", "size": "119.23", "side": "BUY", "hash": "2a0ebb01ada4b54d8d49a439057843d6f4df2d75", "best_bid": "0.04", "best_ask": "0.96"}, {"asset_id": "97737434631321407607330081336176115113173871167799349015045656897989017126587", "price": "0.99", "size": "119.23", "side": "SELL", "hash": "efbbf4baff695af171ad2bd1ba8eef875a536fe0", "best_bid": "0.04", "best_ask": "0.96"}], "timestamp": "1769384766458", "event_type": "price_change"}}
{"_local_timestamp": "2026-01-25T23:46:06.530452+00:00", "data": {"market": "0x02682a05084a43701a3e859db3f03bc7035ea32f4ae3c139855869bbb49062f1", "price_changes": [{"asset_id": "30887032572101121332187740667215094491657468658291043188830897987016129354142", "price": "0.03", "size": "23.71", "side": "BUY", "hash": "5611311a8ecdcddc8a7d0282ebf117f3c6e21c83", "best_bid": "0.06", "best_ask": "0.96"}, {"asset_id": "35192903361091849248940718645499233167215841826837724281530158082247957989629", "price": "0.97", "size": "23.71", "side": "SELL", "hash": "92dd35c13079dc725fe80ab90e04414dd0d8cfbb", "best_bid": "0.04", "best_ask": "0.94"}], "timestamp": "1769384766458", "event_type": "price_change"}}
{"_local_timestamp": "2026-01-25T23:46:06.721002+00:00", "data": {"market": "0xe34b0bb444471383c90cec5dc69f813a9b3545444de919995ff030dac71248a3", "price_changes": [{"asset_id": "97700218319543636355981601320594824056628162134390242486220190083801463286044", "price": "0.06", "size": "5.47", "side": "BUY", "hash": "95f2df91de8600ffd1f87e893f6a3ef876c69da9", "best_bid": "0.06", "best_ask": "0.96"}, {"asset_id": "112017627761537300677970694411480436137463788285461926216623118683376584067380", "price": "0.94", "size": "5.47", "side": "SELL", "hash": "2791db65acef94b6f4ef84542f3587d5a1945673", "best_bid": "0.04", "best_ask": "0.94"}], "timestamp": "1769384766650", "event_type": "price_change"}}
{"_local_timestamp": "2026-01-25T23:46:07.810188+00:00", "data": {"market": "0xff1e6a0275ae0216a33abece78285de646cdd4ba37dc1d772578538be60329cf", "price_changes": [{"asset_id": "106561211697967626756310720720604256534170407941019828744583005941010546193812", "price": "0.01", "size": "67.82", "side": "BUY", "hash": "4bda12cc41c07d6e36b06571729585e03966fc71", "best_bid": "0.04", "best_ask": "0.97"}, {"asset_id": "114506854111387970982269268959966858458499074507684750968073343843315627005834", "price": "0.99", "size": "67.82", "side": "SELL", "hash": "5564aba89a468a0b17c1a1e69ba2a6bd7bebf93c", "best_bid": "0.03", "best_ask": "0.96"}], "timestamp": "1769384767739", "event_type": "price_change"}}
{"_local_timestamp": "2026-01-25T23:46:07.811058+00:00", "data": {"market": "0x362912f5cb655b81e79607e953e32f84dac1572753e2391f459e450478265749", "price_changes": [{"asset_id": "111407420641358258640954942754741699488195643075274492825410595934557666593274", "price": "0.03", "size": "23.09", "side": "BUY", "hash": "9c625cab9634d9a79ae6f3520d8afe40c5d13eea", "best_bid": "0.06", "best_ask": "0.96"}, {"asset_id": "3087755881123905074274619731943137130363325113969580976113246712649699904601", "price": "0.97", "size": "23.09", "side": "SELL", "hash": "2c0bca7859ebb69e54b164deb378224125309eab", "best_bid": "0.04", "best_ask": "0.94"}], "timestamp": "1769384767739", "event_type": "price_change"}}
{"_local_timestamp": "2026-01-25T23:46:07.811808+00:00", "data": {"market": "0x02cb406686b0e5a2c761b60dba57df5a5aa10de657d8b55c2059de1594262ef8", "price_changes": [{"asset_id": "71618273512612611641687286878012843492831706235643168298378352373515271932764", "price": "0.01", "size": "62.84", "side": "BUY", "hash": "f62d7be42c1899119282e5f293796a7ea64d9c07", "best_bid": "0.06", "best_ask": "0.96"}, {"asset_id": "17525878431794376842013117355232170057074541567126099913305204894084193326972", "price": "0.99", "size": "62.84", "side": "SELL", "hash": "70827a58b98cc46f97cc822488e410d2a8a98820", "best_bid": "0.04", "best_ask": "0.94"}], "timestamp": "1769384767739", "event_type": "price_change"}}
{"_local_timestamp": "2026-01-25T23:46:07.819115+00:00", "data": {"market": "0xff1e6a0275ae0216a33abece78285de646cdd4ba37dc1d772578538be60329cf", "price_changes": [{"asset_id": "106561211697967626756310720720604256534170407941019828744583005941010546193812", "price": "0.03", "size": "19.63", "side": "BUY", "hash": "c57ec438ebf23a652e5b7831634daa47b19c7179", "best_bid": "0.04", "best_ask": "0.97"}, {"asset_id": "114506854111387970982269268959966858458499074507684750968073343843315627005834", "price": "0.97", "size": "19.63", "side": "SELL", "hash": "9f872a4c2d364374e2eba0bc7a734cc5b854be2f", "best_bid": "0.03", "best_ask": "0.96"}], "timestamp": "1769384767739", "event_type": "price_change"}}
{"_local_timestamp": "2026-01-25T23:46:07.819933+00:00", "data": {"market": "0xe34b0bb444471383c90cec5dc69f813a9b3545444de919995ff030dac71248a3", "price_changes": [{"asset_id": "97700218319543636355981601320594824056628162134390242486220190083801463286044", "price": "0.03", "size": "23.71", "side": "BUY", "hash": "3419d02a32f300016de6576f8aba50f9c6e60d9c", "best_bid": "0.06", "best_ask": "0.96"}, {"asset_id": "112017627761537300677970694411480436137463788285461926216623118683376584067380", "price": "0.97", "size": "23.71", "side": "SELL", "hash": "446f19fb06de05c60b6603cd6565ec289cf03729", "best_bid": "0.04", "best_ask": "0.94"}], "timestamp": "1769384767741", "event_type": "price_change"}}
{"_local_timestamp": "2026-01-25T23:46:09.427951+00:00", "data": {"market": "0x362912f5cb655b81e79607e953e32f84dac1572753e2391f459e450478265749", "price_changes": [{"asset_id": "111407420641358258640954942754741699488195643075274492825410595934557666593274", "price": "0.06", "size": "0", "side": "BUY", "hash": "747c50106ad1091dfc862e4cbc72c0878ee20b32", "best_bid": "0.03", "best_ask": "0.96"}, {"asset_id": "3087755881123905074274619731943137130363325113969580976113246712649699904601", "price": "0.94", "size": "0", "side": "SELL", "hash": "41a7b9c62c4b01194470177494c418e71dc58dc2", "best_bid": "0.04", "best_ask": "0.97"}], "timestamp": "1769384769354", "event_type": "price_change"}}
{"_local_timestamp": "2026-01-25T23:46:09.439899+00:00", "data": {"market": "0x02682a05084a43701a3e859db3f03bc7035ea32f4ae3c139855869bbb49062f1", "price_changes": [{"asset_id": "30887032572101121332187740667215094491657468658291043188830897987016129354142", "price": "0.06", "size": "0", "side": "BUY", "hash": "4d41fd6e31f8700390d89c92e74ac4be5aab9412", "best_bid": "0.03", "best_ask": "0.96"}, {"asset_id": "35192903361091849248940718645499233167215841826837724281530158082247957989629", "price": "0.94", "size": "0", "side": "SELL", "hash": "978424e1ad561aa9ff97bb1e7ed51d056edc8093", "best_bid": "0.04", "best_ask": "0.97"}], "timestamp": "1769384769354", "event_type": "price_change"}}
{"_local_timestamp": "2026-01-25T23:46:09.440697+00:00", "data": {"market": "0xe34b0bb444471383c90cec5dc69f813a9b3545444de919995ff030dac71248a3", "price_changes": [{"asset_id": "97700218319543636355981601320594824056628162134390242486220190083801463286044", "price": "0.06", "size": "0", "side": "BUY", "hash": "ebfec8a531e6fb52d06f30ec4b389109f21f0527", "best_bid": "0.03", "best_ask": "0.96"}, {"asset_id": "112017627761537300677970694411480436137463788285461926216623118683376584067380", "price": "0.94", "size": "0", "side": "SELL", "hash": "e080d60204ea88cb3c073499c3c57b3690823178", "best_bid": "0.04", "best_ask": "0.97"}], "timestamp": "1769384769354", "event_type": "price_change"}}
{"_local_timestamp": "2026-01-25T23:46:09.477037+00:00", "data": {"market": "0xe34b0bb444471383c90cec5dc69f813a9b3545444de919995ff030dac71248a3", "price_changes": [{"asset_id": "97700218319543636355981601320594824056628162134390242486220190083801463286044", "price": "0.04", "size": "5.47", "side": "BUY", "hash": "dfbcac83163c5af71249dfa9c7a7ebe5de5e0e62", "best_bid": "0.04", "best_ask": "0.96"}, {"asset_id": "112017627761537300677970694411480436137463788285461926216623118683376584067380", "price": "0.96", "size": "5.47", "side": "SELL", "hash": "b3de2d28ec9561dcd84086863dff97fc8e8bb279", "best_bid": "0.04", "best_ask": "0.96"}], "timestamp": "1769384769396", "event_type": "price_change"}}
{"_local_timestamp": "2026-01-25T23:46:09.477961+00:00", "data": {"market": "0x362912f5cb655b81e79607e953e32f84dac1572753e2391f459e450478265749", "price_changes": [{"asset_id": "111407420641358258640954942754741699488195643075274492825410595934557666593274", "price": "0.04", "size": "5.47", "side": "BUY", "hash": "b9537a7ef0082e911a17c1735684acf92585c2c9", "best_bid": "0.04", "best_ask": "0.96"}, {"asset_id": "3087755881123905074274619731943137130363325113969580976113246712649699904601", "price": "0.96", "size": "5.47", "side": "SELL", "hash": "ce30fb74ea787ef7b3728884f5d93b12ec811a26", "best_bid": "0.04", "best_ask": "0.96"}], "timestamp": "1769384769397", "event_type": "price_change"}}
{"_local_timestamp": "2026-01-25T23:46:09.478746+00:00", "data": {"market": "0x02682a05084a43701a3e859db3f03bc7035ea32f4ae3c139855869bbb49062f1", "price_changes": [{"asset_id": "30887032572101121332187740667215094491657468658291043188830897987016129354142", "price": "0.04", "size": "5.47", "side": "BUY", "hash": "1e9bbc0beb34918fa378038527aeef1cc65713df", "best_bid": "0.04", "best_ask": "0.96"}, {"asset_id": "35192903361091849248940718645499233167215841826837724281530158082247957989629", "price": "0.96", "size": "5.47", "side": "SELL", "hash": "c294fa7aba15d43a47bad0eb7e8137b39b69d168", "best_bid": "0.04", "best_ask": "0.96"}], "timestamp": "1769384769396", "event_type": "price_change"}}
{"_local_timestamp": "2026-01-25T23:46:48.528110+00:00", "data": {"market": "0x9fa8edb100e017bd5633db881bfd7f39d8feaf23e488562c7863403b75f2b72a", "price_changes": [{"asset_id": "109451912333674650094373499600078573206027333544803021029937231897917192478306", "price": "0.05", "size": "23.99", "side": "BUY", "hash": "1e16dd3af1daafd1bc8afaa2d049d5f65c9f9d33", "best_bid": "0.05", "best_ask": "0.96"}, {"asset_id": "97737434631321407607330081336176115113173871167799349015045656897989017126587", "price": "0.95", "size": "23.99", "side": "SELL", "hash": "6dcc606a7285f456c2749a01e070c683a6caa436", "best_bid": "0.04", "best_ask": "0.95"}], "timestamp": "1769384808445", "event_type": "price_change"}}
{"_local_timestamp": "2026-01-25T23:46:48.621455+00:00", "data": {"market": "0xd3b44443f0b39d21079f0a72254268aee2103faf72e7b3109d8ae6764d416152", "price_changes": [{"asset_id": "74195830337912012661209045255656626007077925536496881065075327343195504551863", "price": "0.05", "size": "23.99", "side": "BUY", "hash": "b353d4038e53e981c1e13d47d2a3f0c333651390", "best_bid": "0.05", "best_ask": "0.96"}, {"asset_id": "66916591411271253117011649722470760555098136629103997561616701243019995826796", "price": "0.95", "size": "23.99", "side": "SELL", "hash": "08c3d614aa662cee33c33fdc4128bf0301616104", "best_bid": "0.04", "best_ask": "0.95"}], "timestamp": "1769384808540", "event_type": "price_change"}}
{"_local_timestamp": "2026-01-25T23:46:48.622275+00:00", "data": {"market": "0x19a4d27add00ce27b2a3cf7ca5705ef8aade39a8ece33948e9b2f02c192152be", "price_changes": [{"asset_id": "95172888027281193001519088464175285929338904438226458264353810757936163188044", "price": "0.05", "size": "23.99", "side": "BUY", "hash": "319c5711143029dde046b873c1497d012ec786ca", "best_bid": "0.05", "best_ask": "0.96"}, {"asset_id": "71489691980085603195785483996972122116532490472494448024267486667321753208838", "price": "0.95", "size": "23.99", "side": "SELL", "hash": "27e57519f98029189b22057968da57d05425f653", "best_bid": "0.04", "best_ask": "0.95"}], "timestamp": "1769384808540", "event_type": "price_change"}}
{"_local_timestamp": "2026-01-25T23:46:48.710452+00:00", "data": {"market": "0xff1e6a0275ae0216a33abece78285de646cdd4ba37dc1d772578538be60329cf", "price_changes": [{"asset_id": "106561211697967626756310720720604256534170407941019828744583005941010546193812", "price": "0.05", "size": "23.99", "side": "BUY", "hash": "e59c09c41f8c0854ab2b773cf11398c2fc7686c3", "best_bid": "0.05", "best_ask": "0.97"}, {"asset_id": "114506854111387970982269268959966858458499074507684750968073343843315627005834", "price": "0.95", "size": "23.99", "side": "SELL", "hash": "da266b3ca2a2c39742d49e0df8549cbcb6a82522", "best_bid": "0.03", "best_ask": "0.95"}], "timestamp": "1769384808638", "event_type": "price_change"}}
{"_local_timestamp": "2026-01-25T23:46:48.711377+00:00", "data": {"market": "0xd37f59b9c51a3548d7c9740bc25c619c6da8e03acc850023295b8b983ad20527", "price_changes": [{"asset_id": "10617636138259507285477245956793545272020397648836479158116719634159970012149", "price": "0.05", "size": "23.99", "side": "BUY", "hash": "ab435086f62161922ef74c29c3e66f7d885c62f4", "best_bid": "0.05", "best_ask": "0.96"}, {"asset_id": "86922549432847869502897076242034045799267352097019606723721140333601147624472", "price": "0.95", "size": "23.99", "side": "SELL", "hash": "1bd807d8afd4f4bad52767a2891c225b1918879a", "best_bid": "0.04", "best_ask": "0.95"}], "timestamp": "1769384808638", "event_type": "price_change"}}
{"_local_timestamp": "2026-01-25T23:46:48.712220+00:00", "data": {"market": "0xc62866c20352813ae054a41ad3f1b92292b5300d7bfc1143e9c6a41823fe5992", "price_changes": [{"asset_id": "52759588103937363641506362299958930445030460683736633313225430843238074731373", "price": "0.05", "size": "23.99", "side": "BUY", "hash": "297fdac66272ddd0d8b54ff0f839a90b8bb7fdd0", "best_bid": "0.05", "best_ask": "0.96"}, {"asset_id": "47133502308465006307801302772561127971127968369129604946852551581692421961280", "price": "0.95", "size": "23.99", "side": "SELL", "hash": "2323a454bc1fe75afb123d91b9100565a5d14403", "best_bid": "0.04", "best_ask": "0.95"}], "timestamp": "1769384808638", "event_type": "price_change"}}
{"_local_timestamp": "2026-01-25T23:46:48.819657+00:00", "data": {"market": "0xb4cb0ae16ba9281cdc5a5d20f324d0d0a7753d6116d0d905e0a8742ae8d0c244", "price_changes": [{"asset_id": "102744846850187161380521503397483870162725714816776510187447472868892066157718", "price": "0.05", "size": "23.99", "side": "BUY", "hash": "3a7ed6db1a619c91cf5a648f8c049468a43aeb95", "best_bid": "0.05", "best_ask": "0.96"}, {"asset_id": "37092008225382265270014902992349514323037660984217265301171261275317809758859", "price": "0.95", "size": "23.99", "side": "SELL", "hash": "30320e774317e955ef8e0e660c3171cec7fe391b", "best_bid": "0.04", "best_ask": "0.95"}], "timestamp": "1769384808734", "event_type": "price_change"}}
{"_local_timestamp": "2026-01-25T23:46:54.010896+00:00", "data": {"market": "0xd37f59b9c51a3548d7c9740bc25c619c6da8e03acc850023295b8b983ad20527", "price_changes": [{"asset_id": "10617636138259507285477245956793545272020397648836479158116719634159970012149", "price": "0.04", "size": "0", "side": "BUY", "hash": "70b3791d989ad084b93e45752bddf2e4c2fa79f9", "best_bid": "0.05", "best_ask": "0.96"}, {"asset_id": "86922549432847869502897076242034045799267352097019606723721140333601147624472", "price": "0.96", "size": "0", "side": "SELL", "hash": "4b66c1d926d11081fb19cba1fa1da8af5746fa7f", "best_bid": "0.04", "best_ask": "0.95"}], "timestamp": "1769384813939", "event_type": "price_change"}}
{"_local_timestamp": "2026-01-25T23:46:54.011984+00:00", "data": {"market": "0x19a4d27add00ce27b2a3cf7ca5705ef8aade39a8ece33948e9b2f02c192152be", "price_changes": [{"asset_id": "95172888027281193001519088464175285929338904438226458264353810757936163188044", "price": "0.04", "size": "0", "side": "BUY", "hash": "4deb643b5b4a8b18b38ef8b498b5ea5c62dad1b9", "best_bid": "0.05", "best_ask": "0.96"}, {"asset_id": "71489691980085603195785483996972122116532490472494448024267486667321753208838", "price": "0.96", "size": "0", "side": "SELL", "hash": "1a7cb23a3744812954695cfdab5702534665abae", "best_bid": "0.04", "best_ask": "0.95"}], "timestamp": "1769384813939", "event_type": "price_change"}}
{"_local_timestamp": "2026-01-25T23:46:54.018418+00:00", "data": {"market": "0xb4cb0ae16ba9281cdc5a5d20f324d0d0a7753d6116d0d905e0a8742ae8d0c244", "price_changes": [{"asset_id": "102744846850187161380521503397483870162725714816776510187447472868892066157718", "price": "0.04", "size": "0", "side": "BUY", "hash": "35427d943711a6659888b84824c35d69b9275a71", "best_bid": "0.05", "best_ask": "0.96"}, {"asset_id": "37092008225382265270014902992349514323037660984217265301171261275317809758859", "price": "0.96", "size": "0", "side": "SELL", "hash": "3ac3416bf23739e0adf585eceb0f213cf59d1f17", "best_bid": "0.04", "best_ask": "0.95"}], "timestamp": "1769384813939", "event_type": "price_change"}}
{"_local_timestamp": "2026-01-25T23:46:54.019226+00:00", "data": {"market": "0xff1e6a0275ae0216a33abece78285de646cdd4ba37dc1d772578538be60329cf", "price_changes": [{"asset_id": "106561211697967626756310720720604256534170407941019828744583005941010546193812", "price": "0.04", "size": "0", "side": "BUY", "hash": "a226d5ebeee4b29ecd7bff7b30c8c7ba67820335", "best_bid": "0.05", "best_ask": "0.97"}, {"asset_id": "114506854111387970982269268959966858458499074507684750968073343843315627005834", "price": "0.96", "size": "0", "side": "SELL", "hash": "91316cc595461863c9b5615a0ea1f25ea7fcc996", "best_bid": "0.03", "best_ask": "0.95"}], "timestamp": "1769384813940", "event_type": "price_change"}}
