{"_local_timestamp": "2026-01-25T23:34:26.738011+00:00", "data": [{"market": "0xa1bc05f31c4c688cb52f5e9144c1e5ef9692227c39723fee8e6e5abab43c868b", "asset_id": "97741533568019197953524749149770039166252820950051290758309272983592402137647", "timestamp": "1769383980528", "hash": "2a9f028e515e8068b91234f457f29db226b0214f", "bids": [{"price": "0.01", "size": "21818.59"}, {"price": "0.02", "size": "20.46"}, {"price": "0.03", "size": "2440.11"}, {"price": "0.04", "size": "2199.36"}], "asks": [{"price": "0.99", "size": "21811.34"}, {"price": "0.98", "size": "42.6"}, {"price": "0.94", "size": "2440.11"}, {"price": "0.93", "size": "2195.58"}], "event_type": "book", "last_trade_price": ""}, {"market": "0x32b83d1a72c35a07821b0e7bbfca05dd7e7ebfd9f4158a744039643e32ed5754", "asset_id": "112618011469937692184236712510244615096761968056393293053562997614055173198004", "timestamp": "1769383980527", "hash": "d2d29da14a5de9c2264a02dda8e78a07bda0fb4a", "bids": [{"price": "0.01", "size": "21823.45"}, {"price": "0.02", "size": "100.79"}, {"price": "0.03", "size": "21.3"}], "asks": [{"price": "0.99", "size": "21818.59"}, {"price": "0.98", "size": "20.46"}, {"price": "0.97", "size": "2440.11"}, {"price": "0.96", "size": "2199.36"}], "event_type": "book", "last_trade_price": ""}, {"market": "0x32b83d1a72c35a07821b0e7bbfca05dd7e7ebfd9f4158a744039643e32ed5754", "asset_id": "49680737282718904424916527358370463451824260663314663633866290346455393068077", "timestamp": "1769383980527", "hash": "6bffea513965cc650109baa42662bd200600df2c", "bids": [{"price": "0.01", "size": "21818.59"}, {"price": "0.02", "size": "20.46"}, {"price": "0.03", "size": "2440.11"}, {"price": "0.04", "size": "2199.36"}], "asks": [{"price": "0.99", "size": "21823.45"}, {"price": "0.98", "size": "100.79"}, {"price": "0.97", "size": "21.3"}], "event_type": "book", "last_trade_price": ""}, {"market": "0xa1bc05f31c4c688cb52f5e9144c1e5ef9692227c39723fee8e6e5abab43c868b", "asset_id": "78015779281746386037161990124168898250194555020458832342258163532340846773719", "timestamp": "1769383980528", "hash": "8578028ea39e96e674e11db2539a59e0f4160424", "bids": [{"price": "0.01", "size": "21811.34"}, {"price": "0.02", "size": "42.6"}, {"price": "0.06", "size": "2440.11"}, {"price": "0.07", "size": "2195.58"}], "asks": [{"price": "0.99", "size": "21818.59"}, {"price": "0.98", "size": "20.46"}, {"price": "0.97", "size": "2440.11"}, {"price": "0.96", "size": "2199.36"}], "event_type": "book", "last_trade_price": ""}, {"market": "0x8a0434543e4c75cc5a3ca4030fae917b27f2688d1f944dbf5a0ab103f02cd87b", "asset_id": "22723199202242776433708572487726482017678344865926532422423792925492991700568", "timestamp": "1769383985990", "hash": "60c09ff35d960070f9b457ba294bc8580a3680fe", "bids": [{"price": "0.01", "size": "11254.67"}, {"price": "0.02", "size": "1007.96"}, {"price": "0.03", "size": "8757.33"}, {"price": "0.04", "size": "19456.44"}, {"price": "0.05", "size": "15.7"}, {"price": "0.13", "size": "300"}, {"price": "0.15", "size": "2390.11"}, {"price": "0.16", "size": "2315.11"}, {"price": "0.17", "size": "75"}, {"price": "0.24", "size": "8.5"}, {"price": "0.32", "size": "10"}, {"price": "0.35", "size": "50"}], "asks": [{"price": "0.99", "size": "15252.19"}, {"price": "0.98", "size": "8463.17"}, {"price": "0.96", "size": "20.58"}, {"price": "0.89", "size": "300"}, {"price": "0.87", "size": "200"}, {"price": "0.86", "size": "125"}, {"price": "0.85", "size": "75"}, {"price": "0.83", "size": "2490.11"}, {"price": "0.82", "size": "2190.11"}, {"price": "0.77", "size": "8.5"}, {"price": "0.71", "size": "50"}], "event_type": "book", "last_trade_price": ""}, {"market": "0xe32380d07b9131167f71ec4b1c9021e8aeb0e83e4cc5c7144a5c936725364d31", "asset_id": "44808645485728137319765386368086316865764970986436798311165303940386292530195", "timestamp": "1769379731064", "hash": "711965994a8f9623c32c1507b3a7faa47770f898", "bids": [{"price": "0.01", "size": "176.9"}, {"price": "0.02", "size": "104.79"}, {"price": "0.03", "size": "15.83"}], "asks": [{"price": "0.99", "size": "176.9"}, {"price": "0.98", "size": "100.79"}, {"price": "0.97", "size": "21.3"}], "event_type": "book", "last_trade_price": ""}, {"market": "0x8a0434543e4c75cc5a3ca4030fae917b27f2688d1f944dbf5a0ab103f02cd87b", "asset_id": "33401233153977449772131225210242646548930727284116760234560609029374878344271", "timestamp": "1769383985990", "hash": "4f2f51b8976446e66d3e4051b9d44b4b24f52e4f", "bids": [{"price": "0.01", "size": "15252.19"}, {"price": "0.02", "size": "8463.17"}, {"price": "0.04", "size": "20.58"}, {"price": "0.11", "size": "300"}, {"price": "0.13", "size": "200"}, {"price": "0.14", "size": "125"}, {"price": "0.15", "size": "75"}, {"price": "0.17", "size": "2490.11"}, {"price": "0.18", "size": "2190.11"}, {"price": "0.23", "size": "8.5"}, {"price": "0.29", "size": "50"}], "asks": [{"price": "0.99", "size": "11254.67"}, {"price": "0.98", "size": "1007.96"}, {"price": "0.97", "size": "8757.33"}, {"price": "0.96", "size": "19456.44"}, {"price": "0.95", "size": "15.7"}, {"price": "0.87", "size": "300"}, {"price": "0.85", "size": "2390.11"}, {"price": "0.84", "size": "2315.11"}, {"price": "0.83", "size": "75"}, {"price": "0.76", "size": "8.5"}, {"price": "0.68", "size": "10"}, {"price": "0.65", "size": "50"}], "event_type": "book", "last_trade_price": ""}, {"market": "0x658d77aa283216e681f3ceba0cbc5e8ba84e9cf9fd0948d71bded51047a0f4fa", "asset_id": "36828571532597720162588915130763801079437895233021381847714504178871963643196", "timestamp": "1769383980527", "hash": "c5e7fe0613b62ad2bb46472b7984cc6a2af754f7", "bids": [{"price": "0.01", "size": "21818.59"}, {"price": "0.02", "size": "20.46"}, {"price": "0.03", "size": "2440.11"}, {"price": "0.04", "size": "2199.36"}], "asks": [{"price": "0.99", "size": "21823.45"}, {"price": "0.98", "size": "100.79"}, {"price": "0.97", "size": "21.3"}], "event_type": "book", "last_trade_price": ""}, {"market": "0x658d77aa283216e681f3ceba0cbc5e8ba84e9cf9fd0948d71bded51047a0f4fa", "asset_id": "71137130698175248342284861786470190587645486148704660576894594639547573101895", "timestamp": "1769383980527", "hash": "84c6a7d0cfbaa173a319efe77bf8e623f7485062", "bids": [{"price": "0.01", "size": "21823.45"}, {"price": "0.02", "size": "100.79"}, {"price": "0.03", "size": "21.3"}], "asks": [{"price": "0.99", "size": "21818.59"}, {"price": "0.98", "size": "20.46"}, {"price": "0.97", "size": "2440.11"}, {"price": "0.96", "size": "2199.36"}], "event_type": "book", "last_trade_price": ""}, {"market": "0xe32380d07b9131167f71ec4b1c9021e8aeb0e83e4cc5c7144a5c936725364d31", "asset_id": "40785024404651500366934012781978416620428041365560716745743296597239417211065", "timestamp": "1769379731064", "hash": "39e84e34b201d1deb74799e46e3db8d33103c8b8", "bids": [{"price": "0.01", "size": "176.9"}, {"price": "0.02", "size": "100.79"}, {"price": "0.03", "size": "21.3"}], "asks": [{"price": "0.99", "size": "176.9"}, {"price": "0.98", "size": "104.79"}, {"price": "0.97", "size": "15.83"}], "event_type": "book", "last_trade_price": ""}]}
{"_local_timestamp": "2026-01-25T23:34:49.526658+00:00", "data": {"market": "0x8a0434543e4c75cc5a3ca4030fae917b27f2688d1f944dbf5a0ab103f02cd87b", "price_changes": [{"asset_id": "33401233153977449772131225210242646548930727284116760234560609029374878344271", "price": "0.02", "size": "8457.33", "side": "BUY", "hash": "ca034ab903a0c1beba74252312fbc381cfbbe1b3", "best_bid": "0.29", "best_ask": "0.65"}, {"asset_id": "22723199202242776433708572487726482017678344865926532422423792925492991700568", "price": "0.98", "size": "8457.33", "side": "SELL", "hash": "c07e3bd894dbddaf5ea3671f0d4e0ed2726abc35", "best_bid": "0.35", "best_ask": "0.71"}], "timestamp": "1769384089415", "event_type": "price_change"}}
{"_local_timestamp": "2026-01-25T23:34:49.527543+00:00", "data": {"market": "0x8a0434543e4c75cc5a3ca4030fae917b27f2688d1f944dbf5a0ab103f02cd87b", "price_changes": [{"asset_id": "33401233153977449772131225210242646548930727284116760234560609029374878344271", "price": "0.04", "size": "0", "side": "BUY", "hash": "ca034ab903a0c1beba74252312fbc381cfbbe1b3", "best_bid": "0.29", "best_ask": "0.65"}, {"asset_id": "22723199202242776433708572487726482017678344865926532422423792925492991700568", "price": "0.96", "size": "0", "side": "SELL", "hash": "c07e3bd894dbddaf5ea3671f0d4e0ed2726abc35", "best_bid": "0.35", "best_ask": "0.71"}], "timestamp": "1769384089415", "event_type": "price_change"}}
{"_local_timestamp": "2026-01-25T23:34:49.527844+00:00", "data": {"market": "0x8a0434543e4c75cc5a3ca4030fae917b27f2688d1f944dbf5a0ab103f02cd87b", "price_changes": [{"asset_id": "33401233153977449772131225210242646548930727284116760234560609029374878344271", "price": "0.02", "size": "0", "side": "BUY", "hash": "2baa85e7d475305f09ab95193530ac8be34995b2", "best_bid": "0.29", "best_ask": "0.65"}, {"asset_id": "22723199202242776433708572487726482017678344865926532422423792925492991700568", "price": "0.98", "size": "0", "side": "SELL", "hash": "50cb1df0389da88f310bbbd84849ebe35c187bd3", "best_bid": "0.35", "best_ask": "0.71"}], "timestamp": "1769384089449", "event_type": "price_change"}}
{"_local_timestamp": "2026-01-25T23:34:49.528091+00:00", "data": {"market": "0x8a0434543e4c75cc5a3ca4030fae917b27f2688d1f944dbf5a0ab103f02cd87b", "price_changes": [{"asset_id": "22723199202242776433708572487726482017678344865926532422423792925492991700568", "price": "0.04", "size": "0", "side": "BUY", "hash": "9ad7f61214a89376ba1701c0acbf9f928d04d082", "best_bid": "0.35", "best_ask": "0.71"}, {"asset_id": "33401233153977449772131225210242646548930727284116760234560609029374878344271", "price": "0.96", "size": "0", "side": "SELL", "hash": "0352c5c64792b6f372746d57b823cb0d479c8e13", "best_bid": "0.29", "best_ask": "0.65"}], "timestamp": "1769384089449", "event_type": "price_change"}}
{"_local_timestamp": "2026-01-25T23:34:49.548765+00:00", "data": {"market": "0x8a0434543e4c75cc5a3ca4030fae917b27f2688d1f944dbf5a0ab103f02cd87b", "price_changes": [{"asset_id": "33401233153977449772131225210242646548930727284116760234560609029374878344271", "price": "0.01", "size": "17442.3", "side": "BUY", "hash": "e306ddd950aaaca4c2cf1bfd81028761ac158481", "best_bid": "0.29", "best_ask": "0.65"}, {"asset_id": "22723199202242776433708572487726482017678344865926532422423792925492991700568", "price": "0.99", "size": "17442.3", "side": "SELL", "hash": "b762a38ab310ccd754860b7d2f60cb499e7c6a29", "best_bid": "0.35", "best_ask": "0.71"}], "timestamp": "1769384089474", "event_type": "price_change"}}
{"_local_timestamp": "2026-01-25T23:34:49.549112+00:00", "data": {"market": "0x8a0434543e4c75cc5a3ca4030fae917b27f2688d1f944dbf5a0ab103f02cd87b", "price_changes": [{"asset_id": "33401233153977449772131225210242646548930727284116760234560609029374878344271", "price": "0.01", "size": "19712.41", "side": "BUY", "hash": "f3b5cdac27ae85d139798c26177fe6196297e443", "best_bid": "0.29", "best_ask": "0.65"}, {"asset_id": "22723199202242776433708572487726482017678344865926532422423792925492991700568", "price": "0.99", "size": "19712.41", "side": "SELL", "hash": "788c366a0a12078a0d0fc23675cf7525d1fc7d7b", "best_bid": "0.35", "best_ask": "0.71"}], "timestamp": "1769384089476", "event_type": "price_change"}}
{"_local_timestamp": "2026-01-25T23:34:49.788549+00:00", "data": {"market": "0x8a0434543e4c75cc5a3ca4030fae917b27f2688d1f944dbf5a0ab103f02cd87b", "price_changes": [{"asset_id": "33401233153977449772131225210242646548930727284116760234560609029374878344271", "price": "0.02", "size": "3997.11", "side": "BUY", "hash": "ef0cbb0e60839017992fed5cf44cd0637ae303a4", "best_bid": "0.29", "best_ask": "0.65"}, {"asset_id": "22723199202242776433708572487726482017678344865926532422423792925492991700568", "price": "0.98", "size": "3997.11", "side": "SELL", "hash": "96bb8194a8d14f619557fc4d952d4708c71d0ec3", "best_bid": "0.35", "best_ask": "0.71"}], "timestamp": "1769384089723", "event_type": "price_change"}}
{"_local_timestamp": "2026-01-25T23:34:49.788955+00:00", "data": {"market": "0x8a0434543e4c75cc5a3ca4030fae917b27f2688d1f944dbf5a0ab103f02cd87b", "price_changes": [{"asset_id": "33401233153977449772131225210242646548930727284116760234560609029374878344271", "price": "0.02", "size": "14996.22", "side": "BUY", "hash": "321cdb4fa026936c382762601232674257adfa84", "best_bid": "0.29", "best_ask": "0.65"}, {"asset_id": "22723199202242776433708572487726482017678344865926532422423792925492991700568", "price": "0.98", "size": "14996.22", "side": "SELL", "hash": "ea55a9870eee989f73ca19461414416ab622104f", "best_bid": "0.35", "best_ask": "0.71"}], "timestamp": "1769384089725", "event_type": "price_change"}}
{"_local_timestamp": "2026-01-25T23:34:49.860646+00:00", "data": {"market": "0x8a0434543e4c75cc5a3ca4030fae917b27f2688d1f944dbf5a0ab103f02cd87b", "price_changes": [{"asset_id": "33401233153977449772131225210242646548930727284116760234560609029374878344271", "price": "0.02", "size": "15043.23", "side": "BUY", "hash": "361a630dcfceb146efd4dec2ec8d5354d8965706", "best_bid": "0.29", "best_ask": "0.65"}, {"asset_id": "22723199202242776433708572487726482017678344865926532422423792925492991700568", "price": "0.98", "size": "15043.23", "side": "SELL", "hash": "de782043acec6de51604b3db197e69258cc30441", "best_bid": "0.35", "best_ask": "0.71"}], "timestamp": "1769384089786", "event_type": "price_change"}}
{"_local_timestamp": "2026-01-25T23:35:07.189848+00:00", "data": {"market": "0x8a0434543e4c75cc5a3ca4030fae917b27f2688d1f944dbf5a0ab103f02cd87b", "price_changes": [{"asset_id": "22723199202242776433708572487726482017678344865926532422423792925492991700568", "price": "0.03", "size": "9057.33", "side": "BUY", "hash": "db33040779fc24f4cfc0d1e4c143fca86a35055d", "best_bid": "0.35", "best_ask": "0.71"}, {"asset_id": "33401233153977449772131225210242646548930727284116760234560609029374878344271", "price": "0.97", "size": "9057.33", "side": "SELL", "hash": "2a66ee4ca2a952fce6a1c94458dc4cea6643fb01", "best_bid": "0.29", "best_ask": "0.65"}], "timestamp": "1769384106993", "event_type": "price_change"}}
{"_local_timestamp": "2026-01-25T23:35:07.262641+00:00", "data": {"market": "0x8a0434543e4c75cc5a3ca4030fae917b27f2688d1f944dbf5a0ab103f02cd87b", "price_changes": [{"asset_id": "33401233153977449772131225210242646548930727284116760234560609029374878344271", "price": "0.02", "size": "47.01", "side": "BUY", "hash": "284dcad3861c0d860c5a068f27ad3ba817515aef", "best_bid": "0.29", "best_ask": "0.65"}, {"asset_id": "22723199202242776433708572487726482017678344865926532422423792925492991700568", "price": "0.98", "size": "47.01", "side": "SELL", "hash": "11fd403c7863f43e48233abf2d3d3ffdb18bc2e2", "best_bid": "0.35", "best_ask": "0.71"}], "timestamp": "1769384107037", "event_type": "price_change"}}
{"_local_timestamp": "2026-01-25T23:35:07.304886+00:00", "data": {"market": "0x8a0434543e4c75cc5a3ca4030fae917b27f2688d1f944dbf5a0ab103f02cd87b", "price_changes": [{"asset_id": "22723199202242776433708572487726482017678344865926532422423792925492991700568", "price": "0.04", "size": "2270.11", "side": "BUY", "hash": "407d9467c6429640be8a37a30c2043b770280b65", "best_bid": "0.35", "best_ask": "0.71"}, {"asset_id": "33401233153977449772131225210242646548930727284116760234560609029374878344271", "price": "0.96", "size": "2270.11", "side": "SELL", "hash": "35a2b515410e78be844eba35cdc16c5ad2eb831a", "best_bid": "0.29", "best_ask": "0.65"}], "timestamp": "1769384107112", "event_type": "price_change"}}
{"_local_timestamp": "2026-01-25T23:35:07.305256+00:00", "data": {"market": "0x8a0434543e4c75cc5a3ca4030fae917b27f2688d1f944dbf5a0ab103f02cd87b", "price_changes": [{"asset_id": "22723199202242776433708572487726482017678344865926532422423792925492991700568", "price": "0.04", "size": "6267.22", "side": "BUY", "hash": "6174838f5d1c400d189757f3bff37d4aea3de9ae", "best_bid": "0.35", "best_ask": "0.71"}, {"asset_id": "33401233153977449772131225210242646548930727284116760234560609029374878344271", "price": "0.96", "size": "6267.22", "side": "SELL", "hash": "a3b40abd25512cce05c831d3236feb7a6ffb2479", "best_bid": "0.29", "best_ask": "0.65"}], "timestamp": "1769384107112", "event_type": "price_change"}}
{"_local_timestamp": "2026-01-25T23:35:07.305686+00:00", "data": {"market": "0x8a0434543e4c75cc5a3ca4030fae917b27f2688d1f944dbf5a0ab103f02cd87b", "price_changes": [{"asset_id": "22723199202242776433708572487726482017678344865926532422423792925492991700568", "price": "0.04", "size": "8457.33", "side": "BUY", "hash": "a390b42ce0a0552078c9153351cd8f3145a04341", "best_bid": "0.35", "best_ask": "0.71"}, {"asset_id": "33401233153977449772131225210242646548930727284116760234560609029374878344271", "price": "0.96", "size": "8457.33", "side": "SELL", "hash": "3a29506099e6cb5a6744368c4f421677f5d96907", "best_bid": "0.29", "best_ask": "0.65"}], "timestamp": "1769384107113", "event_type": "price_change"}}
{"_local_timestamp": "2026-01-25T23:35:18.243875+00:00", "data": {"market": "0x8a0434543e4c75cc5a3ca4030fae917b27f2688d1f944dbf5a0ab103f02cd87b", "price_changes": [{"asset_id": "22723199202242776433708572487726482017678344865926532422423792925492991700568", "price": "0.03", "size": "8757.33", "side": "BUY", "hash": "fa85503d1db58d57400910e3f5728b369eb02637", "best_bid": "0.35", "best_ask": "0.71"}, {"asset_id": "33401233153977449772131225210242646548930727284116760234560609029374878344271", "price": "0.97", "size": "8757.33", "side": "SELL", "hash": "9a683ec8112d49bb85057ce222e4f186f13570a3", "best_bid": "0.29", "best_ask": "0.65"}], "timestamp": "1769384118011", "event_type": "price_change"}}
{"_local_timestamp": "2026-01-25T23:35:18.455971+00:00", "data": {"market": "0x8a0434543e4c75cc5a3ca4030fae917b27f2688d1f944dbf5a0ab103f02cd87b", "price_changes": [{"asset_id": "33401233153977449772131225210242646548930727284116760234560609029374878344271", "price": "0.01", "size": "20112.41", "side": "BUY", "hash": "d85705563420c77872a40880545cba69634a1654", "best_bid": "0.29", "best_ask": "0.65"}, {"asset_id": "22723199202242776433708572487726482017678344865926532422423792925492991700568", "price": "0.99", "size": "20112.41", "side": "SELL", "hash": "d7e4b587daa8d36e3b049ddb73eb51f1ab540bf4", "best_bid": "0.35", "best_ask": "0.71"}], "timestamp": "1769384118251", "event_type": "price_change"}}
{"_local_timestamp": "2026-01-25T23:35:18.507921+00:00", "data": {"market": "0x8a0434543e4c75cc5a3ca4030fae917b27f2688d1f944dbf5a0ab103f02cd87b", "price_changes": [{"asset_id": "33401233153977449772131225210242646548930727284116760234560609029374878344271", "price": "0.02", "size": "2237.12", "side": "BUY", "hash": "cc2c45b3d2e385e0482ea2a64974fe945d1820a3", "best_bid": "0.29", "best_ask": "0.65"}, {"asset_id": "22723199202242776433708572487726482017678344865926532422423792925492991700568", "price": "0.98", "size": "2237.12", "side": "SELL", "hash": "0a08ef0abba053b463f333260e3403a82bd68484", "best_bid": "0.35", "best_ask": "0.71"}], "timestamp": "1769384118296", "event_type": "price_change"}}
{"_local_timestamp": "2026-01-25T23:35:18.508341+00:00", "data": {"market": "0x8a0434543e4c75cc5a3ca4030fae917b27f2688d1f944dbf5a0ab103f02cd87b", "price_changes": [{"asset_id": "33401233153977449772131225210242646548930727284116760234560609029374878344271", "price": "0.02", "size": "6234.23", "side": "BUY", "hash": "5b8ec0ee4003f5042c560344498fc190ebdeda1b", "best_bid": "0.29", "best_ask": "0.65"}, {"asset_id": "22723199202242776433708572487726482017678344865926532422423792925492991700568", "price": "0.98", "size": "6234.23", "side": "SELL", "hash": "2721c974e8204ab35988683865737db6f57411fd", "best_bid": "0.35", "best_ask": "0.71"}], "timestamp": "1769384118296", "event_type": "price_change"}}
{"_local_timestamp": "2026-01-25T23:35:18.508637+00:00", "data": {"market": "0x8a0434543e4c75cc5a3ca4030fae917b27f2688d1f944dbf5a0ab103f02cd87b", "price_changes": [{"asset_id": "33401233153977449772131225210242646548930727284116760234560609029374878344271", "price": "0.02", "size": "8504.34", "side": "BUY", "hash": "73ff9eda1a8d5f43cba83a9f7cc173837b1178c3", "best_bid": "0.29", "best_ask": "0.65"}, {"asset_id": "22723199202242776433708572487726482017678344865926532422423792925492991700568", "price": "0.98", "size": "8504.34", "side": "SELL", "hash": "709729bae2e963a0eae4d2de97a65af27746f600", "best_bid": "0.35", "best_ask": "0.71"}], "timestamp": "1769384118297", "event_type": "price_change"}}
{"_local_timestamp": "2026-01-25T23:35:18.730882+00:00", "data": {"market": "0x8a0434543e4c75cc5a3ca4030fae917b27f2688d1f944dbf5a0ab103f02cd87b", "price_changes": [{"asset_id": "33401233153977449772131225210242646548930727284116760234560609029374878344271", "price": "0.03", "size": "10999.11", "side": "BUY", "hash": "5adf611a82d12764a64f1d0655115dcc27610f5a", "best_bid": "0.29", "best_ask": "0.65"}, {"asset_id": "22723199202242776433708572487726482017678344865926532422423792925492991700568", "price": "0.97", "size": "10999.11", "side": "SELL", "hash": "49b81ac310d95a2632c740830fe55355bdb420a8", "best_bid": "0.35", "best_ask": "0.71"}], "timestamp": "1769384118526", "event_type": "price_change"}}
{"_local_timestamp": "2026-01-25T23:35:29.995221+00:00", "data": {"market": "0x8a0434543e4c75cc5a3ca4030fae917b27f2688d1f944dbf5a0ab103f02cd87b", "price_changes": [{"asset_id": "33401233153977449772131225210242646548930727284116760234560609029374878344271", "price": "0.01", "size": "19712.41", "side": "BUY", "hash": "afd8068b61b7695c44c0feb4faf22ed7628c2417", "best_bid": "0.29", "best_ask": "0.65"}, {"asset_id": "22723199202242776433708572487726482017678344865926532422423792925492991700568", "price": "0.99", "size": "19712.41", "side": "SELL", "hash": "9a427ad6cd64f9036693fd9bad38bcbd2bdac5f2", "best_bid": "0.35", "best_ask": "0.71"}], "timestamp": "1769384129761", "event_type": "price_change"}}
{"_local_timestamp": "2026-01-25T23:35:30.099841+00:00", "data": {"market": "0x8a0434543e4c75cc5a3ca4030fae917b27f2688d1f944dbf5a0ab103f02cd87b", "price_changes": [{"asset_id": "33401233153977449772131225210242646548930727284116760234560609029374878344271", "price": "0.03", "size": "0", "side": "BUY", "hash": "902908da640d058912027724d2002599c8f211ac", "best_bid": "0.29", "best_ask": "0.65"}, {"asset_id": "22723199202242776433708572487726482017678344865926532422423792925492991700568", "price": "0.97", "size": "0", "side": "SELL", "hash": "f84a767906b144e24c5a34e3520bf5659e1bd01e", "best_bid": "0.35", "best_ask": "0.71"}], "timestamp": "1769384129862", "event_type": "price_change"}}
{"_local_timestamp": "2026-01-25T23:35:30.100354+00:00", "data": {"market": "0x8a0434543e4c75cc5a3ca4030fae917b27f2688d1f944dbf5a0ab103f02cd87b", "price_changes": [{"asset_id": "22723199202242776433708572487726482017678344865926532422423792925492991700568", "price": "0.04", "size": "0", "side": "BUY", "hash": "699263098d33d0c2c109b1aca06d5f079583d210", "best_bid": "0.35", "best_ask": "0.71"}, {"asset_id": "33401233153977449772131225210242646548930727284116760234560609029374878344271", "price": "0.96", "size": "0", "side": "SELL", "hash": "e5093770a730838a1ecd0dc68cfdd3c803ba0227", "best_bid": "0.29", "best_ask": "0.65"}], "timestamp": "1769384129862", "event_type": "price_change"}}
{"_local_timestamp": "2026-01-25T23:35:41.276427+00:00", "data": {"market": "0x8a0434543e4c75cc5a3ca4030fae917b27f2688d1f944dbf5a0ab103f02cd87b", "price_changes": [{"asset_id": "22723199202242776433708572487726482017678344865926532422423792925492991700568", "price": "0.03", "size": "9057.33", "side": "BUY", "hash": "2d0777c6e519a90decea2fd5bb51b0cccd8627a6", "best_bid": "0.35", "best_ask": "0.71"}, {"asset_id": "33401233153977449772131225210242646548930727284116760234560609029374878344271", "price": "0.97", "size": "9057.33", "side": "SELL", "hash": "53e302c294f7fdb84829ec959450ef755953b5e8", "best_bid": "0.29", "best_ask": "0.65"}], "timestamp": "1769384141211", "event_type": "price_change"}}
{"_local_timestamp": "2026-01-25T23:35:41.307147+00:00", "data": {"market": "0x8a0434543e4c75cc5a3ca4030fae917b27f2688d1f944dbf5a0ab103f02cd87b", "price_changes": [{"asset_id": "33401233153977449772131225210242646548930727284116760234560609029374878344271", "price": "0.02", "size": "6314.23", "side": "BUY", "hash": "cff0a92ea312d4f55de60dab84be24ffb4337756", "best_bid": "0.29", "best_ask": "0.65"}, {"asset_id": "22723199202242776433708572487726482017678344865926532422423792925492991700568", "price": "0.98", "size": "6314.23", "side": "SELL", "hash": "c815fab5c50a6a9368ae131d112ad17aae1d497d", "best_bid": "0.35", "best_ask": "0.71"}], "timestamp": "1769384141245", "event_type": "price_change"}}
{"_local_timestamp": "2026-01-25T23:35:41.378728+00:00", "data": {"market": "0x8a0434543e4c75cc5a3ca4030fae917b27f2688d1f944dbf5a0ab103f02cd87b", "price_changes": [{"asset_id": "22723199202242776433708572487726482017678344865926532422423792925492991700568", "price": "0.04", "size": "2270.11", "side": "BUY", "hash": "f57e924a67a1ad6ddc453c98b38fe4acd5f21f66", "best_bid": "0.35", "best_ask": "0.71"}, {"asset_id": "33401233153977449772131225210242646548930727284116760234560609029374878344271", "price": "0.96", "size": "2270.11", "side": "SELL", "hash": "ed8e78c746050d25908ec4488c7f9ea137341acc", "best_bid": "0.29", "best_ask": "0.65"}], "timestamp": "1769384141259", "event_type": "price_change"}}
{"_local_timestamp": "2026-01-25T23:35:41.379252+00:00", "data": {"market": "0x8a0434543e4c75cc5a3ca4030fae917b27f2688d1f944dbf5a0ab103f02cd87b", "price_changes": [{"asset_id": "22723199202242776433708572487726482017678344865926532422423792925492991700568", "price": "0.04", "size": "4460.22", "side": "BUY", "hash": "158e353285ee47f9090dfa067ae4b1b404ecf0dd", "best_bid": "0.35", "best_ask": "0.71"}, {"asset_id": "33401233153977449772131225210242646548930727284116760234560609029374878344271", "price": "0.96", "size": "4460.22", "side": "SELL", "hash": "c292ee5a81edc951a289fe7fa591d50c62f20b78", "best_bid": "0.29", "best_ask": "0.65"}], "timestamp": "1769384141260", "event_type": "price_change"}}
{"_local_timestamp": "2026-01-25T23:35:41.379634+00:00", "data": {"market": "0x8a0434543e4c75cc5a3ca4030fae917b27f2688d1f944dbf5a0ab103f02cd87b", "price_changes": [{"asset_id": "22723199202242776433708572487726482017678344865926532422423792925492991700568", "price": "0.04", "size": "8457.33", "side": "BUY", "hash": "e04fee25b4c487d0ce876faa79c975292f04a523", "best_bid": "0.35", "best_ask": "0.71"}, {"asset_id": "33401233153977449772131225210242646548930727284116760234560609029374878344271", "price": "0.96", "size": "8457.33", "side": "SELL", "hash": "bddc9556d77ab0ce356a8253990f5caeb1cc9619", "best_bid": "0.29", "best_ask": "0.65"}], "timestamp": "1769384141261", "event_type": "price_change"}}
{"_local_timestamp": "2026-01-25T23:35:41.411655+00:00", "data": {"market": "0x8a0434543e4c75cc5a3ca4030fae917b27f2688d1f944dbf5a0ab103f02cd87b", "price_changes": [{"asset_id": "33401233153977449772131225210242646548930727284116760234560609029374878344271", "price": "0.02", "size": "47.01", "side": "BUY", "hash": "8a6d541b7e782798927e86bc305241c2d5b04837", "best_bid": "0.29", "best_ask": "0.65"}, {"asset_id": "22723199202242776433708572487726482017678344865926532422423792925492991700568", "price": "0.98", "size": "47.01", "side": "SELL", "hash": "23fc5a3392267f5fff10044df3ad5a1b8c743f20", "best_bid": "0.35", "best_ask": "0.71"}], "timestamp": "1769384141330", "event_type": "price_change"}}
{"_local_timestamp": "2026-01-25T23:35:41.581997+00:00", "data": {"market": "0x8a0434543e4c75cc5a3ca4030fae917b27f2688d1f944dbf5a0ab103f02cd87b", "price_changes": [{"asset_id": "33401233153977449772131225210242646548930727284116760234560609029374878344271", "price": "0.03", "size": "10999.11", "side": "BUY", "hash": "936caad8c1992559b4d386ee5e35a28cf763210a", "best_bid": "0.29", "best_ask": "0.65"}, {"asset_id": "22723199202242776433708572487726482017678344865926532422423792925492991700568", "price": "0.97", "size": "10999.11", "side": "SELL", "hash": "57a5c972cc217826955292cb6dcc9fb40a92c0c6", "best_bid": "0.35", "best_ask": "0.71"}], "timestamp": "1769384141489", "event_type": "price_change"}}
{"_local_timestamp": "2026-01-25T23:35:53.734743+00:00", "data": {"market": "0x8a0434543e4c75cc5a3ca4030fae917b27f2688d1f944dbf5a0ab103f02cd87b", "price_changes": [{"asset_id": "22723199202242776433708572487726482017678344865926532422423792925492991700568", "price": "0.03", "size": "8757.33", "side": "BUY", "hash": "83f4586ae97b9504d8e1090168922ed6e8f5d5e7", "best_bid": "0.35", "best_ask": "0.71"}, {"asset_id": "33401233153977449772131225210242646548930727284116760234560609029374878344271", "price": "0.97", "size": "8757.33", "side": "SELL", "hash": "6a3a96f889b7d82ab87e71a013e30cf0390225b9", "best_bid": "0.29", "best_ask": "0.65"}], "timestamp": "1769384153662", "event_type": "price_change"}}
{"_local_timestamp": "2026-01-25T23:35:53.831296+00:00", "data": {"market": "0x8a0434543e4c75cc5a3ca4030fae917b27f2688d1f944dbf5a0ab103f02cd87b", "price_changes": [{"asset_id": "33401233153977449772131225210242646548930727284116760234560609029374878344271", "price": "0.03", "size": "0", "side": "BUY", "hash": "d734ffc19600147fe94eee43495134f02e7011f7", "best_bid": "0.29", "best_ask": "0.65"}, {"asset_id": "22723199202242776433708572487726482017678344865926532422423792925492991700568", "price": "0.97", "size": "0", "side": "SELL", "hash": "68a7343d462574fac9eb723aca0a51e3f67dfee8", "best_bid": "0.35", "best_ask": "0.71"}], "timestamp": "1769384153735", "event_type": "price_change"}}
{"_local_timestamp": "2026-01-25T23:36:06.342091+00:00", "data": {"market": "0x8a0434543e4c75cc5a3ca4030fae917b27f2688d1f944dbf5a0ab103f02cd87b", "price_changes": [{"asset_id": "33401233153977449772131225210242646548930727284116760234560609029374878344271", "price": "0.01", "size": "20112.41", "side": "BUY", "hash": "a1693544eb1f62a892a589251497577c9bfc7f26", "best_bid": "0.29", "best_ask": "0.65"}, {"asset_id": "22723199202242776433708572487726482017678344865926532422423792925492991700568", "price": "0.99", "size": "20112.41", "side": "SELL", "hash": "6eafe1674bfbc77a0e9fa7ee6aa224653fcf6ee1", "best_bid": "0.35", "best_ask": "0.71"}], "timestamp": "1769384166276", "event_type": "price_change"}}
{"_local_timestamp": "2026-01-25T23:36:06.410708+00:00", "data": {"market": "0x8a0434543e4c75cc5a3ca4030fae917b27f2688d1f944dbf5a0ab103f02cd87b", "price_changes": [{"asset_id": "22723199202242776433708572487726482017678344865926532422423792925492991700568", "price": "0.04", "size": "0", "side": "BUY", "hash": "47004b47b759999b9811b1d702421d555dc1e8b6", "best_bid": "0.35", "best_ask": "0.71"}, {"asset_id": "33401233153977449772131225210242646548930727284116760234560609029374878344271", "price": "0.96", "size": "0", "side": "SELL", "hash": "5992e637a2dc3f4ae58ab8d524c24f0ed9e8fbc5", "best_bid": "0.29", "best_ask": "0.65"}], "timestamp": "1769384166343", "event_type": "price_change"}}
{"_local_timestamp": "2026-01-25T23:36:06.614937+00:00", "data": {"market": "0x8a0434543e4c75cc5a3ca4030fae917b27f2688d1f944dbf5a0ab103f02cd87b", "price_changes": [{"asset_id": "33401233153977449772131225210242646548930727284116760234560609029374878344271", "price": "0.02", "size": "2237.12", "side": "BUY", "hash": "0e54b69ca8cc8266dcf5696959a502fda4821182", "best_bid": "0.29", "best_ask": "0.65"}, {"asset_id": "22723199202242776433708572487726482017678344865926532422423792925492991700568", "price": "0.98", "size": "2237.12", "side": "SELL", "hash": "cbd68486c6a372593d567bf2c338beee4b4ce5c5", "best_bid": "0.35", "best_ask": "0.71"}], "timestamp": "1769384166544", "event_type": "price_change"}}
{"_local_timestamp": "2026-01-25T23:36:06.615365+00:00", "data": {"market": "0x8a0434543e4c75cc5a3ca4030fae917b27f2688d1f944dbf5a0ab103f02cd87b", "price_changes": [{"asset_id": "33401233153977449772131225210242646548930727284116760234560609029374878344271", "price": "0.02", "size": "6234.23", "side": "BUY", "hash": "fa12a9ed6458c7b89a47338150f7e21b0201950f", "best_bid": "0.29", "best_ask": "0.65"}, {"asset_id": "22723199202242776433708572487726482017678344865926532422423792925492991700568", "price": "0.98", "size": "6234.23", "side": "SELL", "hash": "2efa26f05666591da568fd7486dbca81fe53b82e", "best_bid": "0.35", "best_ask": "0.71"}], "timestamp": "1769384166545", "event_type": "price_change"}}
{"_local_timestamp": "2026-01-25T23:36:06.615890+00:00", "data": {"market": "0x8a0434543e4c75cc5a3ca4030fae917b27f2688d1f944dbf5a0ab103f02cd87b", "price_changes": [{"asset_id": "33401233153977449772131225210242646548930727284116760234560609029374878344271", "price": "0.02", "size": "8504.34", "side": "BUY", "hash": "f4a7b42a85dbcd5da440d96f2b4860c2840f63dc", "best_bid": "0.29", "best_ask": "0.65"}, {"asset_id": "22723199202242776433708572487726482017678344865926532422423792925492991700568", "price": "0.98", "size": "8504.34", "side": "SELL", "hash": "c4911bd2b1694e6c844aba0a576cf8523f2e53ed", "best_bid": "0.35", "best_ask": "0.71"}], "timestamp": "1769384166546", "event_type": "price_change"}}
{"_local_timestamp": "2026-01-25T23:36:18.118953+00:00", "data": {"market": "0x8a0434543e4c75cc5a3ca4030fae917b27f2688d1f944dbf5a0ab103f02cd87b", "price_changes": [{"asset_id": "33401233153977449772131225210242646548930727284116760234560609029374878344271", "price": "0.01", "size": "19712.41", "side": "BUY", "hash": "eb8912288bba6d0d9342f47b6e12020c240e53d9", "best_bid": "0.29", "best_ask": "0.65"}, {"asset_id": "22723199202242776433708572487726482017678344865926532422423792925492991700568", "price": "0.99", "size": "19712.41", "side": "SELL", "hash": "d4c5b296d73d3f0cfd4132e5087273539a599972", "best_bid": "0.35", "best_ask": "0.71"}], "timestamp": "1769384178037", "event_type": "price_change"}}
{"_local_timestamp": "2026-01-25T23:36:18.343845+00:00", "data": {"market": "0x8a0434543e4c75cc5a3ca4030fae917b27f2688d1f944dbf5a0ab103f02cd87b", "price_changes": [{"asset_id": "22723199202242776433708572487726482017678344865926532422423792925492991700568", "price": "0.03", "size": "9057.33", "side": "BUY", "hash": "8e8a59e181df1a0d5fadf3084a48d939746ffd1f", "best_bid": "0.35", "best_ask": "0.71"}, {"asset_id": "33401233153977449772131225210242646548930727284116760234560609029374878344271", "price": "0.97", "size": "9057.33", "side": "SELL", "hash": "90df31684b6d36e90320a5262af7461b1c67e227", "best_bid": "0.29", "best_ask": "0.65"}], "timestamp": "1769384178279", "event_type": "price_change"}}
{"_local_timestamp": "2026-01-25T23:36:18.423657+00:00", "data": {"market": "0x8a0434543e4c75cc5a3ca4030fae917b27f2688d1f944dbf5a0ab103f02cd87b", "price_changes": [{"asset_id": "22723199202242776433708572487726482017678344865926532422423792925492991700568", "price": "0.04", "size": "2190.11", "side": "BUY", "hash": "5b3dea533fc4ce86a6bf3699614b07ea8322a1c8", "best_bid": "0.35", "best_ask": "0.71"}, {"asset_id": "33401233153977449772131225210242646548930727284116760234560609029374878344271", "price": "0.96", "size": "2190.11", "side": "SELL", "hash": "f02afca53234f60d95ec7a2e91f2a162f4b47991", "best_bid": "0.29", "best_ask": "0.65"}], "timestamp": "1769384178353", "event_type": "price_change"}}
{"_local_timestamp": "2026-01-25T23:36:18.424089+00:00", "data": {"market": "0x8a0434543e4c75cc5a3ca4030fae917b27f2688d1f944dbf5a0ab103f02cd87b", "price_changes": [{"asset_id": "22723199202242776433708572487726482017678344865926532422423792925492991700568", "price": "0.04", "size": "4460.22", "side": "BUY", "hash": "f65647ba652acdb0a32af0daf1c1af88265fa15f", "best_bid": "0.35", "best_ask": "0.71"}, {"asset_id": "33401233153977449772131225210242646548930727284116760234560609029374878344271", "price": "0.96", "size": "4460.22", "side": "SELL", "hash": "1a062e60ebe073570cee9afb0e75273f93d496dd", "best_bid": "0.29", "best_ask": "0.65"}], "timestamp": "1769384178354", "event_type": "price_change"}}
{"_local_timestamp": "2026-01-25T23:36:18.424571+00:00", "data": {"market": "0x8a0434543e4c75cc5a3ca4030fae917b27f2688d1f944dbf5a0ab103f02cd87b", "price_changes": [{"asset_id": "22723199202242776433708572487726482017678344865926532422423792925492991700568", "price": "0.04", "size": "8457.33", "side": "BUY", "hash": "b91a045e9d0e83a1e288a527272e0f3d2116bd12", "best_bid": "0.35", "best_ask": "0.71"}, {"asset_id": "33401233153977449772131225210242646548930727284116760234560609029374878344271", "price": "0.96", "size": "8457.33", "side": "SELL", "hash": "b498e0ce1f4aafae20d9764e73094aac0a8b2986", "best_bid": "0.29", "best_ask": "0.65"}], "timestamp": "1769384178354", "event_type": "price_change"}}
{"_local_timestamp": "2026-01-25T23:36:18.559719+00:00", "data": {"market": "0x8a0434543e4c75cc5a3ca4030fae917b27f2688d1f944dbf5a0ab103f02cd87b", "price_changes": [{"asset_id": "22723199202242776433708572487726482017678344865926532422423792925492991700568", "price": "0.05", "size": "11014.81", "side": "BUY", "hash": "9013566acf9b6c0a3bcdf1d92b6f50aebe4ea381", "best_bid": "0.35", "best_ask": "0.71"}, {"asset_id": "33401233153977449772131225210242646548930727284116760234560609029374878344271", "price": "0.95", "size": "11014.81", "side": "SELL", "hash": "eef30888fac7be8fd3845886f243accb3bca5a7c", "best_bid": "0.29", "best_ask": "0.65"}], "timestamp": "1769384178495", "event_type": "price_change"}}
{"_local_timestamp": "2026-01-25T23:36:30.435040+00:00", "data": {"market": "0x8a0434543e4c75cc5a3ca4030fae917b27f2688d1f944dbf5a0ab103f02cd87b", "price_changes": [{"asset_id": "22723199202242776433708572487726482017678344865926532422423792925492991700568", "price": "0.03", "size": "8757.33", "side": "BUY", "hash": "eceeb2b003f6641456fc2a73b936432c3505026b", "best_bid": "0.35", "best_ask": "0.71"}, {"asset_id": "33401233153977449772131225210242646548930727284116760234560609029374878344271", "price": "0.97", "size": "8757.33", "side": "SELL", "hash": "bd151b3c64d2ae1961fbf6b56dd73a14f86d5d88", "best_bid": "0.29", "best_ask": "0.65"}], "timestamp": "1769384190358", "event_type": "price_change"}}
{"_local_timestamp": "2026-01-25T23:36:30.475165+00:00", "data": {"market": "0x8a0434543e4c75cc5a3ca4030fae917b27f2688d1f944dbf5a0ab103f02cd87b", "price_changes": [{"asset_id": "22723199202242776433708572487726482017678344865926532422423792925492991700568", "price": "0.05", "size": "15.7", "side": "BUY", "hash": "bbda54291c987ae1d9b9dd2166357bcac2d1e6a8", "best_bid": "0.35", "best_ask": "0.71"}, {"asset_id": "33401233153977449772131225210242646548930727284116760234560609029374878344271", "price": "0.95", "size": "15.7", "side": "SELL", "hash": "cbfcc3d364ce37f8635168d0f03a4057923ae9d1", "best_bid": "0.29", "best_ask": "0.65"}], "timestamp": "1769384190403", "event_type": "price_change"}}
{"_local_timestamp": "2026-01-25T23:36:30.486309+00:00", "data": {"market": "0x8a0434543e4c75cc5a3ca4030fae917b27f2688d1f944dbf5a0ab103f02cd87b", "price_changes": [{"asset_id": "33401233153977449772131225210242646548930727284116760234560609029374878344271", "price": "0.02", "size": "47.01", "side": "BUY", "hash": "ac7aae92854712ad4559c003d0908e4a30ab2c38", "best_bid": "0.29", "best_ask": "0.65"}, {"asset_id": "22723199202242776433708572487726482017678344865926532422423792925492991700568", "price": "0.98", "size": "47.01", "side": "SELL", "hash": "0ea7f3d1f06f5ddbd521519aeed59a34e406b9de", "best_bid": "0.35", "best_ask": "0.71"}], "timestamp": "1769384190404", "event_type": "price_change"}}
{"_local_timestamp": "2026-01-25T23:36:30.547507+00:00", "data": {"market": "0x8a0434543e4c75cc5a3ca4030fae917b27f2688d1f944dbf5a0ab103f02cd87b", "price_changes": [{"asset_id": "33401233153977449772131225210242646548930727284116760234560609029374878344271", "price": "0.03", "size": "10999.11", "side": "BUY", "hash": "163e8043d0e4c8211245a6a8a8948c10cd8ee832", "best_bid": "0.29", "best_ask": "0.65"}, {"asset_id": "22723199202242776433708572487726482017678344865926532422423792925492991700568", "price": "0.97", "size": "10999.11", "side": "SELL", "hash": "e1d63e89bdede066ef58731479121ba3fbb7b72c", "best_bid": "0.35", "best_ask": "0.71"}], "timestamp": "1769384190461", "event_type": "price_change"}}
{"_local_timestamp": "2026-01-25T23:36:30.547968+00:00", "data": {"market": "0x8a0434543e4c75cc5a3ca4030fae917b27f2688d1f944dbf5a0ab103f02cd87b", "price_changes": [{"asset_id": "33401233153977449772131225210242646548930727284116760234560609029374878344271", "price": "0.03", "size": "13189.22", "side": "BUY", "hash": "f153832c80de3887b3c40dff1689d219f3d3e0c1", "best_bid": "0.29", "best_ask": "0.65"}, {"asset_id": "22723199202242776433708572487726482017678344865926532422423792925492991700568", "price": "0.97", "size": "13189.22", "side": "SELL", "hash": "8347b12fc9caad173993a2b7a5aa784ebd533343", "best_bid": "0.35", "best_ask": "0.71"}], "timestamp": "1769384190463", "event_type": "price_change"}}
{"_local_timestamp": "2026-01-25T23:36:30.548337+00:00", "data": {"market": "0x8a0434543e4c75cc5a3ca4030fae917b27f2688d1f944dbf5a0ab103f02cd87b", "price_changes": [{"asset_id": "33401233153977449772131225210242646548930727284116760234560609029374878344271", "price": "0.03", "size": "17186.33", "side": "BUY", "hash": "ded9c0c87bf80c4e5224948396a5a9539b86d916", "best_bid": "0.29", "best_ask": "0.65"}, {"asset_id": "22723199202242776433708572487726482017678344865926532422423792925492991700568", "price": "0.97", "size": "17186.33", "side": "SELL", "hash": "a3b2628d2dbc6017c0d02a6948c7424872d07178", "best_bid": "0.35", "best_ask": "0.71"}], "timestamp": "1769384190463", "event_type": "price_change"}}
{"_local_timestamp": "2026-01-25T23:36:30.548767+00:00", "data": {"market": "0x8a0434543e4c75cc5a3ca4030fae917b27f2688d1f944dbf5a0ab103f02cd87b", "price_changes": [{"asset_id": "33401233153977449772131225210242646548930727284116760234560609029374878344271", "price": "0.03", "size": "19456.44", "side": "BUY", "hash": "c797e1485e78be9ae4a641f0ae3d249c883406ba", "best_bid": "0.29", "best_ask": "0.65"}, {"asset_id": "22723199202242776433708572487726482017678344865926532422423792925492991700568", "price": "0.97", "size": "19456.44", "side": "SELL", "hash": "3ae736fa6bc691014dd6708af752faa4867663fa", "best_bid": "0.35", "best_ask": "0.71"}], "timestamp": "1769384190464", "event_type": "price_change"}}
