{"_local_timestamp": "2026-01-25T23:41:32.185154+00:00", "data": [{"market": "0x8a0434543e4c75cc5a3ca4030fae917b27f2688d1f944dbf5a0ab103f02cd87b", "asset_id": "22723199202242776433708572487726482017678344865926532422423792925492991700568", "timestamp": "1769384471854", "hash": "8fef0731db822bdcf371c6523a565408ae06b67e", "bids": [{"price": "0.01", "size": "19712"}, {"price": "0.02", "size": "8804.55"}, {"price": "0.13", "size": "300"}, {"price": "0.15", "size": "200"}, {"price": "0.16", "size": "125"}, {"price": "0.17", "size": "2565.11"}, {"price": "0.18", "size": "2190.11"}, {"price": "0.24", "size": "8.5"}, {"price": "0.32", "size": "10"}, {"price": "0.35", "size": "50"}], "asks": [{"price": "0.99", "size": "19718.68"}, {"price": "0.98", "size": "8457.33"}, {"price": "0.97", "size": "29.25"}, {"price": "0.89", "size": "300"}, {"price": "0.87", "size": "200"}, {"price": "0.86", "size": "125"}, {"price": "0.85", "size": "75"}, {"price": "0.81", "size": "2490.11"}, {"price": "0.8", "size": "2190.11"}, {"price": "0.77", "size": "8.5"}, {"price": "0.71", "size": "50"}], "event_type": "book", "last_trade_price": ""}, {"market": "0x658d77aa283216e681f3ceba0cbc5e8ba84e9cf9fd0948d71bded51047a0f4fa", "asset_id": "71137130698175248342284861786470190587645486148704660576894594639547573101895", "timestamp": "1769383980527", "hash": "84c6a7d0cfbaa173a319efe77bf8e623f7485062", "bids": [{"price": "0.01", "size": "21823.45"}, {"price": "0.02", "size": "100.79"}, {"price": "0.03", "size": "21.3"}], "asks": [{"price": "0.99", "size": "21818.59"}, {"price": "0.98", "size": "20.46"}, {"price": "0.97", "size": "2440.11"}, {"price": "0.96", "size": "2199.36"}], "event_type": "book", "last_trade_price": ""}, {"market": "0x658d77aa283216e681f3ceba0cbc5e8ba84e9cf9fd0948d71bded51047a0f4fa", "asset_id": "36828571532597720162588915130763801079437895233021381847714504178871963643196", "timestamp": "1769383980527", "hash": "c5e7fe0613b62ad2bb46472b7984cc6a2af754f7", "bids": [{"price": "0.01", "size": "21818.59"}, {"price": "0.02", "size": "20.46"}, {"price": "0.03", "size": "2440.11"}, {"price": "0.04", "size": "2199.36"}], "asks": [{"price": "0.99", "size": "21823.45"}, {"price": "0.98", "size": "100.79"}, {"price": "0.97", "size": "21.3"}], "event_type": "book", "last_trade_price": ""}, {"market": "0xe32380d07b9131167f71ec4b1c9021e8aeb0e83e4cc5c7144a5c936725364d31", "asset_id": "44808645485728137319765386368086316865764970986436798311165303940386292530195", "timestamp": "1769379731064", "hash": "711965994a8f9623c32c1507b3a7faa47770f898", "bids": [{"price": "0.01", "size": "176.9"}, {"price": "0.02", "size": "104.79"}, {"price": "0.03", "size": "15.83"}], "asks": [{"price": "0.99", "size": "176.9"}, {"price": "0.98", "size": "100.79"}, {"price": "0.97", "size": "21.3"}], "event_type": "book", "last_trade_price": ""}, {"market": "0xa1bc05f31c4c688cb52f5e9144c1e5ef9692227c39723fee8e6e5abab43c868b", "asset_id": "97741533568019197953524749149770039166252820950051290758309272983592402137647", "timestamp": "1769383980528", "hash": "2a9f028e515e8068b91234f457f29db226b0214f", "bids": [{"price": "0.01", "size": "21818.59"}, {"price": "0.02", "size": "20.46"}, {"price": "0.03", "size": "2440.11"}, {"price": "0.04", "size": "2199.36"}], "asks": [{"price": "0.99", "size": "21811.34"}, {"price": "0.98", "size": "42.6"}, {"price": "0.94", "size": "2440.11"}, {"price": "0.93", "size": "2195.58"}], "event_type": "book", "last_trade_price": ""}, {"market": "0x8a0434543e4c75cc5a3ca4030fae917b27f2688d1f944dbf5a0ab103f02cd87b", "asset_id": "33401233153977449772131225210242646548930727284116760234560609029374878344271", "timestamp": "1769384471854", "hash": "dc508222e5047de0b287b5538cbb4ad1d4b252d6", "bids": [{"price": "0.01", "size": "19718.68"}, {"price": "0.02", "size": "8457.33"}, {"price": "0.03", "size": "29.25"}, {"price": "0.11", "size": "300"}, {"price": "0.13", "size": "200"}, {"price": "0.14", "size": "125"}, {"price": "0.15", "size": "75"}, {"price": "0.19", "size": "2490.11"}, {"price": "0.2", "size": "2190.11"}, {"price": "0.23", "size": "8.5"}, {"price": "0.29", "size": "50"}], "asks": [{"price": "0.99", "size": "19712"}, {"price": "0.98", "size": "8804.55"}, {"price": "0.87", "size": "300"}, {"price": "0.85", "size": "200"}, {"price": "0.84", "size": "125"}, {"price": "0.83", "size": "2565.11"}, {"price": "0.82", "size": "2190.11"}, {"price": "0.76", "size": "8.5"}, {"price": "0.68", "size": "10"}, {"price": "0.65", "size": "50"}], "event_type": "book", "last_trade_price": ""}, {"market": "0x32b83d1a72c35a07821b0e7bbfca05dd7e7ebfd9f4158a744039643e32ed5754", "asset_id": "112618011469937692184236712510244615096761968056393293053562997614055173198004", "timestamp": "1769383980527", "hash": "d2d29da14a5de9c2264a02dda8e78a07bda0fb4a", "bids": [{"price": "0.01", "size": "21823.45"}, {"price": "0.02", "size": "100.79"}, {"price": "0.03", "size": "21.3"}], "asks": [{"price": "0.99", "size": "21818.59"}, {"price": "0.98", "size": "20.46"}, {"price": "0.97", "size": "2440.11"}, {"price": "0.96", "size": "2199.36"}], "event_type": "book", "last_trade_price": ""}, {"market": "0xe32380d07b9131167f71ec4b1c9021e8aeb0e83e4cc5c7144a5c936725364d31", "asset_id": "40785024404651500366934012781978416620428041365560716745743296597239417211065", "timestamp": "1769379731064", "hash": "39e84e34b201d1deb74799e46e3db8d33103c8b8", "bids": [{"price": "0.01", "size": "176.9"}, {"price": "0.02", "size": "100.79"}, {"price": "0.03", "size": "21.3"}], "asks": [{"price": "0.99", "size": "176.9"}, {"price": "0.98", "size": "104.79"}, {"price": "0.97", "size": "15.83"}], "event_type": "book", "last_trade_price": ""}, {"market": "0x32b83d1a72c35a07821b0e7bbfca05dd7e7ebfd9f4158a744039643e32ed5754", "asset_id": "49680737282718904424916527358370463451824260663314663633866290346455393068077", "timestamp": "1769383980527", "hash": "6bffea513965cc650109baa42662bd200600df2c", "bids": [{"price": "0.01", "size": "21818.59"}, {"price": "0.02", "size": "20.46"}, {"price": "0.03", "size": "2440.11"}, {"price": "0.04", "size": "2199.36"}], "asks": [{"price": "0.99", "size": "21823.45"}, {"price": "0.98", "size": "100.79"}, {"price": "0.97", "size": "21.3"}], "event_type": "book", "last_trade_price": ""}, {"market": "0xa1bc05f31c4c688cb52f5e9144c1e5ef9692227c39723fee8e6e5abab43c868b", "asset_id": "78015779281746386037161990124168898250194555020458832342258163532340846773719", "timestamp": "1769383980528", "hash": "8578028ea39e96e674e11db2539a59e0f4160424", "bids": [{"price": "0.01", "size": "21811.34"}, {"price": "0.02", "size": "42.6"}, {"price": "0.06", "size": "2440.11"}, {"price": "0.07", "size": "2195.58"}], "asks": [{"price": "0.99", "size": "21818.59"}, {"price": "0.98", "size": "20.46"}, {"price": "0.97", "size": "2440.11"}, {"price": "0.96", "size": "2199.36"}], "event_type": "book", "last_trade_price": ""}]}
