{"_local_timestamp": "2026-01-25T23:41:30.235458+00:00", "data": [{"market": "0x90bc78e99ea1e1ebc888af4281ae14f237d66a3b5edaa75acf78e36486ac5f40", "asset_id": "25689160785023405883077519079286964996930394474197584856869934602746285659734", "timestamp": "1769381929205", "hash": "86dc50dd827788b1dbef9978a614f0042832f1b0", "bids": [{"price": "0.01", "size": "255.04"}, {"price": "0.02", "size": "38.97"}, {"price": "0.04", "size": "42.49"}], "asks": [{"price": "0.99", "size": "247.79"}, {"price": "0.98", "size": "42.6"}, {"price": "0.95", "size": "15.47"}], "event_type": "book", "last_trade_price": ""}, {"market": "0x5b6f92eec2175d510490258ad9ec8893cf6b5c887ea04b614313952c20536c19", "asset_id": "36527212943946888472734790875752956235499797705071736268109308414423740351996", "timestamp": "1769384450840", "hash": "30f53241bf506607b47092a3eb6e9042b6f9e141", "bids": [{"price": "0.01", "size": "206.92"}, {"price": "0.02", "size": "36.54"}, {"price": "0.05", "size": "15.47"}], "asks": [{"price": "0.99", "size": "202.04"}, {"price": "0.98", "size": "38.97"}, {"price": "0.96", "size": "42.49"}], "event_type": "book", "last_trade_price": ""}, {"market": "0x5b6f92eec2175d510490258ad9ec8893cf6b5c887ea04b614313952c20536c19", "asset_id": "40739198580092224350424719689246229697264472179984110452805830949359982475630", "timestamp": "1769384450840", "hash": "7d833c2f444bbefa21e5a18d660a413e9e288161", "bids": [{"price": "0.01", "size": "202.04"}, {"price": "0.02", "size": "38.97"}, {"price": "0.04", "size": "42.49"}], "asks": [{"price": "0.99", "size": "206.92"}, {"price": "0.98", "size": "36.54"}, {"price": "0.95", "size": "15.47"}], "event_type": "book", "last_trade_price": ""}, {"market": "0x90bc78e99ea1e1ebc888af4281ae14f237d66a3b5edaa75acf78e36486ac5f40", "asset_id": "42383912145385056613049782468570032807887245830511691995056294349603205500036", "timestamp": "1769381929205", "hash": "a5ccaab0dc72239cae63a13aefbb63a2139f0510", "bids": [{"price": "0.01", "size": "247.79"}, {"price": "0.02", "size": "42.6"}, {"price": "0.05", "size": "15.47"}], "asks": [{"price": "0.99", "size": "255.04"}, {"price": "0.98", "size": "38.97"}, {"price": "0.96", "size": "42.49"}], "event_type": "book", "last_trade_price": ""}, {"market": "0x29fb350ea8649062d6bf01392f278f57f74f9011d2142ccb87c8d67c9aca54b1", "asset_id": "111513070165589307799974907994618888854357719001428641368652974855501943408579", "timestamp": "1769382137562", "hash": "c96d1d1acc0bb5c846d28e7a1c235aafe7620ee2", "bids": [{"price": "0.01", "size": "194.79"}, {"price": "0.02", "size": "42.6"}, {"price": "0.05", "size": "15.47"}], "asks": [{"price": "0.99", "size": "202.04"}, {"price": "0.98", "size": "38.97"}, {"price": "0.96", "size": "42.49"}], "event_type": "book", "last_trade_price": ""}, {"market": "0x5d664ceef1af0c37e9fdb35d26ccb69630308ea6609cc6241043946530bab755", "asset_id": "94648419740999111784310816772205307288182298594799110949116688954927647195177", "timestamp": "1769382440424", "hash": "46e03f9fcdce051a97d49420c113c66c7b45f43f", "bids": [{"price": "0.01", "size": "285.73"}, {"price": "0.02", "size": "47.13"}, {"price": "0.37", "size": "50"}], "asks": [{"price": "0.99", "size": "286.27"}, {"price": "0.98", "size": "46.86"}, {"price": "0.76", "size": "10"}, {"price": "0.7", "size": "10"}, {"price": "0.69", "size": "50"}], "event_type": "book", "last_trade_price": "0.710"}, {"market": "0x29fb350ea8649062d6bf01392f278f57f74f9011d2142ccb87c8d67c9aca54b1", "asset_id": "48104594719740130710556478455598053895870598548028584676185577066159591505113", "timestamp": "1769382137562", "hash": "585b77a3a4f63a75bdf578de4f1a0c369329e947", "bids": [{"price": "0.01", "size": "202.04"}, {"price": "0.02", "size": "38.97"}, {"price": "0.04", "size": "42.49"}], "asks": [{"price": "0.99", "size": "194.79"}, {"price": "0.98", "size": "42.6"}, {"price": "0.95", "size": "15.47"}], "event_type": "book", "last_trade_price": ""}, {"market": "0xb0625c761a1b4cb803795f3bd0d09aed847790de424a76d54a49521386672b63", "asset_id": "10058057836632105615877240518140842468075923816138016831433636095491300765948", "timestamp": "1769382138871", "hash": "ec6606e7c61e89f684c7e634af41f0f85846a35b", "bids": [{"price": "0.01", "size": "194.79"}, {"price": "0.02", "size": "42.6"}, {"price": "0.05", "size": "15.47"}], "asks": [{"price": "0.99", "size": "202.04"}, {"price": "0.98", "size": "38.97"}, {"price": "0.96", "size": "42.49"}], "event_type": "book", "last_trade_price": ""}, {"market": "0xb0625c761a1b4cb803795f3bd0d09aed847790de424a76d54a49521386672b63", "asset_id": "73854770352623621162465590538207609914161023052335191570505966156239453048984", "timestamp": "1769382138871", "hash": "3e586d96333938123aee6ed71abd8865d64d5021", "bids": [{"price": "0.01", "size": "202.04"}, {"price": "0.02", "size": "38.97"}, {"price": "0.04", "size": "42.49"}], "asks": [{"price": "0.99", "size": "194.79"}, {"price": "0.98", "size": "42.6"}, {"price": "0.95", "size": "15.47"}], "event_type": "book", "last_trade_price": ""}, {"market": "0x5d664ceef1af0c37e9fdb35d26ccb69630308ea6609cc6241043946530bab755", "asset_id": "46596504571259521168890402694776053345829472296991912681322794767339306782416", "timestamp": "1769382440424", "hash": "99f69229863a899198e70ee268f58e1242c66e4d", "bids": [{"price": "0.01", "size": "286.27"}, {"price": "0.02", "size": "46.86"}, {"price": "0.24", "size": "10"}, {"price": "0.3", "size": "10"}, {"price": "0.31", "size": "50"}], "asks": [{"price": "0.99", "size": "285.73"}, {"price": "0.98", "size": "47.13"}, {"price": "0.63", "size": "50"}], "event_type": "book", "last_trade_price": "0.710"}]}
