{"_local_timestamp": "2026-01-25T23:41:24.838691+00:00", "data": [{"market": "0xca71e88232c0e2ac270e725f0fde9ceb503863a1b5dd6722ad670894414a161d", "asset_id": "71279658059881933360221968091635795935186089969941521470100855918939338569122", "timestamp": "1769384176712", "hash": "424dea80b71ef2031b46dd52e6bed95326f829c8", "bids": [{"price": "0.01", "size": "202.06"}, {"price": "0.02", "size": "38.97"}, {"price": "0.03", "size": "5.47"}, {"price": "0.06", "size": "15.47"}], "asks": [{"price": "0.99", "size": "200.64"}, {"price": "0.98", "size": "39.67"}, {"price": "0.96", "size": "42.49"}], "event_type": "book", "last_trade_price": ""}, {"market": "0xe457b858765d0a59349836c5df4f08dc044b6bce94887cb31843eba42220b982", "asset_id": "110391497610646071596492445014467730675313971833153353006183592245650038650104", "timestamp": "1769381818066", "hash": "64b22a0520b11b2ef14691abdcf71f5bd4f454e3", "bids": [{"price": "0.01", "size": "200.64"}, {"price": "0.02", "size": "39.67"}, {"price": "0.04", "size": "42.49"}], "asks": [{"price": "0.99", "size": "200.64"}, {"price": "0.98", "size": "39.67"}, {"price": "0.95", "size": "15.47"}], "event_type": "book", "last_trade_price": ""}, {"market": "0xfbdf5bd24c71051f04cfe40f331355b7a8b9b5faee6687bdc061719abd0e48d6", "asset_id": "80923974694475041244985260644725506771711415154409138103245421035073590269074", "timestamp": "1769384174148", "hash": "8f47808552ec0d2cb2e3e2028c45ca03232cc70f", "bids": [{"price": "0.01", "size": "253.56"}, {"price": "0.02", "size": "38.97"}, {"price": "0.03", "size": "5.47"}, {"price": "0.06", "size": "15.47"}], "asks": [{"price": "0.99", "size": "252.14"}, {"price": "0.98", "size": "39.67"}, {"price": "0.96", "size": "42.49"}], "event_type": "book", "last_trade_price": ""}, {"market": "0xfbdf5bd24c71051f04cfe40f331355b7a8b9b5faee6687bdc061719abd0e48d6", "asset_id": "5366996019650198402876236538003798259513353596010868544092267879795504635973", "timestamp": "1769384174148", "hash": "cc3a1b3b0c749cb32128248b6dfcd756d61aa7b1", "bids": [{"price": "0.01", "size": "252.14"}, {"price": "0.02", "size": "39.67"}, {"price": "0.04", "size": "42.49"}], "asks": [{"price": "0.99", "size": "253.56"}, {"price": "0.98", "size": "38.97"}, {"price": "0.97", "size": "5.47"}, {"price": "0.94", "size": "15.47"}], "event_type": "book", "last_trade_price": ""}, {"market": "0x2c149acb7a8bfc8283443259525e456fb8f783030a9e6107139e2f519638a29b", "asset_id": "109150767726707125373794463485962297467010682540925543122194074481314728057481", "timestamp": "1769384168848", "hash": "b3fb24ae78a68a7be8f4e44f9d695c9a964d395d", "bids": [{"price": "0.01", "size": "285.03"}, {"price": "0.02", "size": "47.48"}, {"price": "0.5", "size": "20"}, {"price": "0.68", "size": "46.87"}], "asks": [{"price": "0.99", "size": "286.63"}, {"price": "0.98", "size": "57.25"}, {"price": "0.97", "size": "11.31"}, {"price": "0.95", "size": "20"}, {"price": "0.94", "size": "12.96"}], "event_type": "book", "last_trade_price": "0.680"}, {"market": "0x89a36d8ef0a8ff7340ad7aa5328851b347f07be218467492baeeb2b87af6c188", "asset_id": "18859067299067214287667982385240880974403460371592311064085843590587319790446", "timestamp": "1769381818036", "hash": "1d18a35e249abd55d3e3b5754613435a2e706103", "bids": [{"price": "0.01", "size": "200.64"}, {"price": "0.02", "size": "39.67"}, {"price": "0.04", "size": "42.49"}], "asks": [{"price": "0.99", "size": "200.64"}, {"price": "0.98", "size": "39.67"}, {"price": "0.95", "size": "15.47"}], "event_type": "book", "last_trade_price": ""}, {"market": "0x89a36d8ef0a8ff7340ad7aa5328851b347f07be218467492baeeb2b87af6c188", "asset_id": "24087882599357966877800330731653313265316232537795467253296261327292729630559", "timestamp": "1769381818036", "hash": "76821b2841d11aa76849d55315f3c03b4eb466b8", "bids": [{"price": "0.01", "size": "200.64"}, {"price": "0.02", "size": "39.67"}, {"price": "0.05", "size": "15.47"}], "asks": [{"price": "0.99", "size": "200.64"}, {"price": "0.98", "size": "39.67"}, {"price": "0.96", "size": "42.49"}], "event_type": "book", "last_trade_price": ""}, {"market": "0xe457b858765d0a59349836c5df4f08dc044b6bce94887cb31843eba42220b982", "asset_id": "47860732296542461085510752548161241919497858639580970241881972012538865713586", "timestamp": "1769381818066", "hash": "e5b2d3a3ff711c0dcc5854a43cfa40858300e2fe", "bids": [{"price": "0.01", "size": "200.64"}, {"price": "0.02", "size": "39.67"}, {"price": "0.05", "size": "15.47"}], "asks": [{"price": "0.99", "size": "200.64"}, {"price": "0.98", "size": "39.67"}, {"price": "0.96", "size": "42.49"}], "event_type": "book", "last_trade_price": ""}, {"market": "0xca71e88232c0e2ac270e725f0fde9ceb503863a1b5dd6722ad670894414a161d", "asset_id": "17581156264047182053020567264294483061768064916631691626315233313972531274237", "timestamp": "1769384176712", "hash": "350368cb8f3d547b8a7409e4d6144937295ef303", "bids": [{"price": "0.01", "size": "200.64"}, {"price": "0.02", "size": "39.67"}, {"price": "0.04", "size": "42.49"}], "asks": [{"price": "0.99", "size": "202.06"}, {"price": "0.98", "size": "38.97"}, {"price": "0.97", "size": "5.47"}, {"price": "0.94", "size": "15.47"}], "event_type": "book", "last_trade_price": ""}, {"market": "0x2c149acb7a8bfc8283443259525e456fb8f783030a9e6107139e2f519638a29b", "asset_id": "11804526911805192257497022605146544478732696967466006093221300655569443816981", "timestamp": "1769384168848", "hash": "492c587e5b919e18ae59d752f373abf9e7076bdc", "bids": [{"price": "0.01", "size": "286.63"}, {"price": "0.02", "size": "57.25"}, {"price": "0.03", "size": "11.31"}, {"price": "0.05", "size": "20"}, {"price": "0.06", "size": "12.96"}], "asks": [{"price": "0.99", "size": "285.03"}, {"price": "0.98", "size": "47.48"}, {"price": "0.5", "size": "20"}, {"price": "0.32", "size": "46.87"}], "event_type": "book", "last_trade_price": "0.680"}]}
{"_local_timestamp": "2026-01-25T23:41:50.033422+00:00", "data": {"market": "0x2c149acb7a8bfc8283443259525e456fb8f783030a9e6107139e2f519638a29b", "price_changes": [{"asset_id": "11804526911805192257497022605146544478732696967466006093221300655569443816981", "price": "0.06", "size": "5.47", "side": "BUY", "hash": "ea8400c051af8cb2e86aa8c22d6ab17819952e2a", "best_bid": "0.06", "best_ask": "0.32"}, {"asset_id": "109150767726707125373794463485962297467010682540925543122194074481314728057481", "price": "0.94", "size": "5.47", "side": "SELL", "hash": "991a7f19e14d06ed6180f40e628fa695f48378d6", "best_bid": "0.68", "best_ask": "0.94"}], "timestamp": "1769384509964", "event_type": "price_change"}}
{"_local_timestamp": "2026-01-25T23:41:50.286931+00:00", "data": {"market": "0x2c149acb7a8bfc8283443259525e456fb8f783030a9e6107139e2f519638a29b", "price_changes": [{"asset_id": "11804526911805192257497022605146544478732696967466006093221300655569443816981", "price": "0.06", "size": "12.96", "side": "BUY", "hash": "d757648e0ac3f8b5556fe19ebdeeb22e6a7ba857", "best_bid": "0.06", "best_ask": "0.32"}, {"asset_id": "109150767726707125373794463485962297467010682540925543122194074481314728057481", "price": "0.94", "size": "12.96", "side": "SELL", "hash": "91aae87455117f769e91123a6fb3867434c4777c", "best_bid": "0.68", "best_ask": "0.94"}], "timestamp": "1769384510221", "event_type": "price_change"}}
{"_local_timestamp": "2026-01-25T23:41:56.699241+00:00", "data": {"market": "0xfbdf5bd24c71051f04cfe40f331355b7a8b9b5faee6687bdc061719abd0e48d6", "price_changes": [{"asset_id": "80923974694475041244985260644725506771711415154409138103245421035073590269074", "price": "0.01", "size": "238.75", "side": "BUY", "hash": "5239bea30e046a83195b30975d6e73df04930b93", "best_bid": "0.06", "best_ask": "0.96"}, {"asset_id": "5366996019650198402876236538003798259513353596010868544092267879795504635973", "price": "0.99", "size": "238.75", "side": "SELL", "hash": "f6d772b3a8e49b4cf6c62da1a1ed111b9ef906b2", "best_bid": "0.04", "best_ask": "0.94"}], "timestamp": "1769384516634", "event_type": "price_change"}}
{"_local_timestamp": "2026-01-25T23:41:57.036635+00:00", "data": {"market": "0xfbdf5bd24c71051f04cfe40f331355b7a8b9b5faee6687bdc061719abd0e48d6", "price_changes": [{"asset_id": "80923974694475041244985260644725506771711415154409138103245421035073590269074", "price": "0.01", "size": "253.56", "side": "BUY", "hash": "635bf4b1a059614cd77409e99145296b3781e4dd", "best_bid": "0.06", "best_ask": "0.96"}, {"asset_id": "5366996019650198402876236538003798259513353596010868544092267879795504635973", "price": "0.99", "size": "253.56", "side": "SELL", "hash": "de9de947f5dbaa16ce883d1d793745730cd78f9b", "best_bid": "0.04", "best_ask": "0.94"}], "timestamp": "1769384516927", "event_type": "price_change"}}
{"_local_timestamp": "2026-01-25T23:42:00.039449+00:00", "data": {"market": "0xca71e88232c0e2ac270e725f0fde9ceb503863a1b5dd6722ad670894414a161d", "price_changes": [{"asset_id": "71279658059881933360221968091635795935186089969941521470100855918939338569122", "price": "0.01", "size": "187.25", "side": "BUY", "hash": "4e434788cdcce9e4052bb862e646735cefa07684", "best_bid": "0.06", "best_ask": "0.96"}, {"asset_id": "17581156264047182053020567264294483061768064916631691626315233313972531274237", "price": "0.99", "size": "187.25", "side": "SELL", "hash": "88c6122b90927c8a2effc1058b21ed98e64084d0", "best_bid": "0.04", "best_ask": "0.94"}], "timestamp": "1769384519973", "event_type": "price_change"}}
{"_local_timestamp": "2026-01-25T23:42:00.261507+00:00", "data": {"market": "0xca71e88232c0e2ac270e725f0fde9ceb503863a1b5dd6722ad670894414a161d", "price_changes": [{"asset_id": "71279658059881933360221968091635795935186089969941521470100855918939338569122", "price": "0.01", "size": "202.06", "side": "BUY", "hash": "1b11125cc41b28d58a09ab0c6baa35194443f675", "best_bid": "0.06", "best_ask": "0.96"}, {"asset_id": "17581156264047182053020567264294483061768064916631691626315233313972531274237", "price": "0.99", "size": "202.06", "side": "SELL", "hash": "ee1ecc6f7b911b40b1ffb9ea1b2ea3d721089f56", "best_bid": "0.04", "best_ask": "0.94"}], "timestamp": "1769384520182", "event_type": "price_change"}}
