{"_local_timestamp": "2026-01-25T23:33:53.310832+00:00", "data": [{"market": "0x6756e8cedba8802ec73e85495c7f35c7e8af172f411ec9bf8a35baf434916321", "asset_id": "64549685022869543427358899699309008731982476894900421505671104937837865625123", "timestamp": "1769383838524", "hash": "585a4e4c734a34b1b6d31caf6f832247d33b41a0", "bids": [{"price": "0.01", "size": "70.22"}, {"price": "0.02", "size": "177.94"}, {"price": "0.03", "size": "20.96"}, {"price": "0.04", "size": "5.47"}], "asks": [{"price": "0.99", "size": "62.05"}, {"price": "0.98", "size": "180.48"}, {"price": "0.97", "size": "18.99"}, {"price": "0.96", "size": "29.99"}], "event_type": "book", "last_trade_price": ""}, {"market": "0xf67a67bb79d6b93b2c6e3a8c1fbf3724e77f24badf9507bf0258f777b6509501", "asset_id": "48990367582597491732846519673410270076230797254356026750252108047993465326827", "timestamp": "1769382595323", "hash": "8d85c9d3a1794a55bc634687f34ff7901bf8d050", "bids": [{"price": "0.01", "size": "101.52"}, {"price": "0.02", "size": "160.69"}, {"price": "0.03", "size": "75"}, {"price": "0.04", "size": "22.23"}, {"price": "0.1", "size": "5"}], "asks": [{"price": "0.99", "size": "101.52"}, {"price": "0.98", "size": "200.48"}, {"price": "0.97", "size": "25.83"}, {"price": "0.9", "size": "5"}], "event_type": "book", "last_trade_price": ""}, {"market": "0xe112fe5d6f761216d81182d4a58a12d7c54fc8851bcfbbc491031bb4dcdbc326", "asset_id": "74266343700732382646483254292648358394115818185281230222869217194634973467405", "timestamp": "1769383835958", "hash": "0f1b8b79390118a2ba18adea53d42c3d49b293b1", "bids": [{"price": "0.01", "size": "67.04"}, {"price": "0.02", "size": "182.48"}, {"price": "0.03", "size": "18.99"}, {"price": "0.04", "size": "5.47"}], "asks": [{"price": "0.99", "size": "62.05"}, {"price": "0.98", "size": "190.48"}, {"price": "0.97", "size": "18.99"}, {"price": "0.96", "size": "29.99"}], "event_type": "book", "last_trade_price": ""}, {"market": "0x977f99eb0dcf7fb95b4619347a0ab3858f54232f7a2933d00e44a79af677ef69", "asset_id": "2857622017364095354961232858932924378164142305439450303865007277036498063735", "timestamp": "1769383840382", "hash": "f7e63a4827e1ddfbe1cabcffda0d60812c1d8ede", "bids": [{"price": "0.01", "size": "62.05"}, {"price": "0.02", "size": "180.48"}, {"price": "0.03", "size": "18.99"}, {"price": "0.04", "size": "29.99"}], "asks": [{"price": "0.99", "size": "64.79"}, {"price": "0.98", "size": "177.47"}, {"price": "0.97", "size": "23.08"}, {"price": "0.96", "size": "5.47"}], "event_type": "book", "last_trade_price": ""}, {"market": "0xe112fe5d6f761216d81182d4a58a12d7c54fc8851bcfbbc491031bb4dcdbc326", "asset_id": "56243137739414292934051223651686872769341196501409769888170747116566687939265", "timestamp": "1769383835958", "hash": "216391cb6c257fc25017139bcc6fb366748e8812", "bids": [{"price": "0.01", "size": "62.05"}, {"price": "0.02", "size": "190.48"}, {"price": "0.03", "size": "18.99"}, {"price": "0.04", "size": "29.99"}], "asks": [{"price": "0.99", "size": "67.04"}, {"price": "0.98", "size": "182.48"}, {"price": "0.97", "size": "18.99"}, {"price": "0.96", "size": "5.47"}], "event_type": "book", "last_trade_price": ""}, {"market": "0x6756e8cedba8802ec73e85495c7f35c7e8af172f411ec9bf8a35baf434916321", "asset_id": "64200761647591793139971002220560258609643571072544543158697323629295388420861", "timestamp": "1769383838524", "hash": "a449ca78a34901fd3375dd82727437a2769a21a8", "bids": [{"price": "0.01", "size": "62.05"}, {"price": "0.02", "size": "180.48"}, {"price": "0.03", "size": "18.99"}, {"price": "0.04", "size": "29.99"}], "asks": [{"price": "0.99", "size": "70.22"}, {"price": "0.98", "size": "177.94"}, {"price": "0.97", "size": "20.96"}, {"price": "0.96", "size": "5.47"}], "event_type": "book", "last_trade_price": ""}, {"market": "0xe68ab0878746786e9cd153ffccb0c9008e5ae513a026554e314be9ed8c46fa61", "asset_id": "32016006789041242695045441838082352069531236836113316684983852680839640640628", "timestamp": "1769383834988", "hash": "6ac89b307c11286042463c229210d6b47a4b11a2", "bids": [{"price": "0.01", "size": "60.43"}, {"price": "0.02", "size": "177.05"}, {"price": "0.03", "size": "9.24"}, {"price": "0.04", "size": "5.47"}], "asks": [{"price": "0.99", "size": "62.05"}, {"price": "0.98", "size": "190.48"}, {"price": "0.97", "size": "18.99"}, {"price": "0.96", "size": "29.99"}], "event_type": "book", "last_trade_price": ""}, {"market": "0x150956f713678a05e22cfe013f1b74e6780c6d13b6fcfa1f19ddbec6c66edb01", "asset_id": "34170561519957212002236973126752680922340446338668588102674654092692130448935", "timestamp": "1769383836702", "hash": "d38f8c412fa23ac828f45641303cd3bfa74a8804", "bids": [{"price": "0.01", "size": "62.05"}, {"price": "0.02", "size": "180.48"}, {"price": "0.03", "size": "18.99"}, {"price": "0.04", "size": "29.99"}], "asks": [{"price": "0.99", "size": "67.04"}, {"price": "0.98", "size": "182.48"}, {"price": "0.97", "size": "18.99"}, {"price": "0.96", "size": "5.47"}], "event_type": "book", "last_trade_price": ""}, {"market": "0xe68ab0878746786e9cd153ffccb0c9008e5ae513a026554e314be9ed8c46fa61", "asset_id": "105760125308278556151496384321153215181938710964931663544953481061095113952131", "timestamp": "1769383834988", "hash": "2676567523606de899d6e7a7881d45a8e08ff9e8", "bids": [{"price": "0.01", "size": "62.05"}, {"price": "0.02", "size": "190.48"}, {"price": "0.03", "size": "18.99"}, {"price": "0.04", "size": "29.99"}], "asks": [{"price": "0.99", "size": "60.43"}, {"price": "0.98", "size": "177.05"}, {"price": "0.97", "size": "9.24"}, {"price": "0.96", "size": "5.47"}], "event_type": "book", "last_trade_price": ""}, {"market": "0x5af263bce61bbe3d9b824bb9318190f009098fe0e0dfc836f1f226f458d01587", "asset_id": "47694736655600237568924559890703074959166583161732556281708754561976551010581", "timestamp": "1769383979108", "hash": "5e27444c53b9164a85242616ddfa3df0b2432433", "bids": [{"price": "0.01", "size": "67.61"}, {"price": "0.02", "size": "180.95"}, {"price": "0.03", "size": "19.83"}, {"price": "0.04", "size": "5.47"}], "asks": [{"price": "0.99", "size": "62.05"}, {"price": "0.98", "size": "190.48"}, {"price": "0.97", "size": "18.99"}, {"price": "0.96", "size": "29.99"}], "event_type": "book", "last_trade_price": ""}, {"market": "0x150956f713678a05e22cfe013f1b74e6780c6d13b6fcfa1f19ddbec6c66edb01", "asset_id": "107767483100589725834095170927663373906674617608449441660949014514522532005952", "timestamp": "1769383836702", "hash": "7cc9545022c8a4ee8e05118a98b97d26a67458a6", "bids": [{"price": "0.01", "size": "67.04"}, {"price": "0.02", "size": "182.48"}, {"price": "0.03", "size": "18.99"}, {"price": "0.04", "size": "5.47"}], "asks": [{"price": "0.99", "size": "62.05"}, {"price": "0.98", "size": "180.48"}, {"price": "0.97", "size": "18.99"}, {"price": "0.96", "size": "29.99"}], "event_type": "book", "last_trade_price": ""}, {"market": "0x32fc495603de8f28c26d199ba402cede9baccbd3bbffb47af25c1fef14e6bc94", "asset_id": "20679638528834070804714685791105234188413625920358664748689649775004893160786", "timestamp": "1769383057246", "hash": "b9763ed3558c4b30172e0ecb79d99b3ab399a332", "bids": [{"price": "0.01", "size": "3755.59"}, {"price": "0.02", "size": "2100"}, {"price": "0.03", "size": "8.62"}, {"price": "0.05", "size": "1800"}, {"price": "0.08", "size": "100"}, {"price": "0.09", "size": "7.05"}, {"price": "0.11", "size": "700"}, {"price": "0.12", "size": "250"}, {"price": "0.14", "size": "50"}, {"price": "0.19", "size": "500"}, {"price": "0.2", "size": "200"}, {"price": "0.22", "size": "200"}, {"price": "0.24", "size": "125"}, {"price": "0.26", "size": "75"}, {"price": "0.31", "size": "10"}, {"price": "0.48", "size": "10"}, {"price": "0.49", "size": "44"}, {"price": "0.5", "size": "170"}, {"price": "0.52", "size": "2050"}, {"price": "0.53", "size": "1000"}, {"price": "0.54", "size": "250"}, {"price": "0.55", "size": "170"}], "asks": [{"price": "0.99", "size": "3750.44"}, {"price": "0.98", "size": "1800"}, {"price": "0.97", "size": "7.72"}, {"price": "0.93", "size": "1500"}, {"price": "0.92", "size": "8.29"}, {"price": "0.88", "size": "350"}, {"price": "0.76", "size": "300"}, {"price": "0.73", "size": "200"}, {"price": "0.7", "size": "125"}, {"price": "0.68", "size": "75"}, {"price": "0.59", "size": "150"}, {"price": "0.57", "size": "50"}, {"price": "0.56", "size": "26"}], "event_type": "book", "last_trade_price": "0.450"}, {"market": "0x977f99eb0dcf7fb95b4619347a0ab3858f54232f7a2933d00e44a79af677ef69", "asset_id": "16721954609088603645758030001371237637656952658022160544494380414198531700594", "timestamp": "1769383840382", "hash": "41d41b6933fad91dceea6e083680adcc317cd286", "bids": [{"price": "0.01", "size": "64.79"}, {"price": "0.02", "size": "177.47"}, {"price": "0.03", "size": "23.08"}, {"price": "0.04", "size": "5.47"}], "asks": [{"price": "0.99", "size": "62.05"}, {"price": "0.98", "size": "180.48"}, {"price": "0.97", "size": "18.99"}, {"price": "0.96", "size": "29.99"}], "event_type": "book", "last_trade_price": ""}, {"market": "0x74866ac9d43a34ce5f67db1515522d5b5be78d4bde7fa5433c2a60f96e550012", "asset_id": "45754949899196054356538835083980327548504691376146818186941941867894732423479", "timestamp": "1769383885943", "hash": "2ee7eb503ad1c1769656041247b161d547671e30", "bids": [{"price": "0.01", "size": "111.38"}, {"price": "0.02", "size": "215.17"}, {"price": "0.03", "size": "52.57"}], "asks": [{"price": "0.99", "size": "103.35"}, {"price": "0.98", "size": "202.03"}, {"price": "0.97", "size": "10.34"}, {"price": "0.94", "size": "12.39"}], "event_type": "book", "last_trade_price": ""}, {"market": "0xb4087b44b4f704eb791711535aa8a200b86db5714631ad976b4ca6280604c448", "asset_id": "91879193903893902752096016534237535332492750419861762723991334552567963444163", "timestamp": "1769383979108", "hash": "90af6da52759d55f3d5c4c27890d30059877ea4f", "bids": [{"price": "0.01", "size": "67.61"}, {"price": "0.02", "size": "180.95"}, {"price": "0.03", "size": "19.82"}, {"price": "0.04", "size": "5.47"}], "asks": [{"price": "0.99", "size": "62.05"}, {"price": "0.98", "size": "190.48"}, {"price": "0.97", "size": "18.99"}, {"price": "0.96", "size": "29.99"}], "event_type": "book", "last_trade_price": ""}, {"market": "0xbfbecf6cf07fb8fb840ef91df84adeb8f5e9173794e7d6299b25b7ac5ed59184", "asset_id": "95884997749963451388129624255243773006516487123962193450565390535073823305854", "timestamp": "1769383885943", "hash": "9c2e6c62343cf35a70b8ad59d063cb9f7776330b", "bids": [{"price": "0.01", "size": "62.05"}, {"price": "0.02", "size": "190.48"}, {"price": "0.03", "size": "18.99"}, {"price": "0.04", "size": "29.99"}], "asks": [{"price": "0.99", "size": "57.26"}, {"price": "0.98", "size": "180.95"}, {"price": "0.97", "size": "9.81"}, {"price": "0.94", "size": "12.2"}], "event_type": "book", "last_trade_price": ""}, {"market": "0xf689cf93c379d2f90e0927c672449b5bad515bd273ed4575990f135a9be6b9ef", "asset_id": "10922293181565890487355994235526886765599140361350560491818238853881498307893", "timestamp": "1769383982807", "hash": "1af33e35d9ea3fbe18b12e11ef0c5f9dc970e46e", "bids": [{"price": "0.01", "size": "62.05"}, {"price": "0.02", "size": "160.48"}, {"price": "0.03", "size": "18.99"}, {"price": "0.04", "size": "29.99"}], "asks": [{"price": "0.99", "size": "67.05"}, {"price": "0.98", "size": "160.48"}, {"price": "0.97", "size": "18.99"}, {"price": "0.96", "size": "5.47"}], "event_type": "book", "last_trade_price": ""}, {"market": "0xb4087b44b4f704eb791711535aa8a200b86db5714631ad976b4ca6280604c448", "asset_id": "21968156376313587665407181391795981825062367484536126400874648407392441121434", "timestamp": "1769383979108", "hash": "35da94af8386b902fef5dedb554bc7311a401862", "bids": [{"price": "0.01", "size": "62.05"}, {"price": "0.02", "size": "190.48"}, {"price": "0.03", "size": "18.99"}, {"price": "0.04", "size": "29.99"}], "asks": [{"price": "0.99", "size": "67.61"}, {"price": "0.98", "size": "180.95"}, {"price": "0.97", "size": "19.82"}, {"price": "0.96", "size": "5.47"}], "event_type": "book", "last_trade_price": ""}, {"market": "0x5af263bce61bbe3d9b824bb9318190f009098fe0e0dfc836f1f226f458d01587", "asset_id": "32134954075915620995007431046137390372376742411296797956009092454211852486746", "timestamp": "1769383979108", "hash": "6334143076b4099a52cc209ad39f517530882e4c", "bids": [{"price": "0.01", "size": "62.05"}, {"price": "0.02", "size": "190.48"}, {"price": "0.03", "size": "18.99"}, {"price": "0.04", "size": "29.99"}], "asks": [{"price": "0.99", "size": "67.61"}, {"price": "0.98", "size": "180.95"}, {"price": "0.97", "size": "19.83"}, {"price": "0.96", "size": "5.47"}], "event_type": "book", "last_trade_price": ""}, {"market": "0xf689cf93c379d2f90e0927c672449b5bad515bd273ed4575990f135a9be6b9ef", "asset_id": "63009109603113020153983777208748549049975995583383299325207870566246801855317", "timestamp": "1769383982807", "hash": "1d3d4981136bfd877dbb9a47b065ee7989e4b3ea", "bids": [{"price": "0.01", "size": "67.05"}, {"price": "0.02", "size": "160.48"}, {"price": "0.03", "size": "18.99"}, {"price": "0.04", "size": "5.47"}], "asks": [{"price": "0.99", "size": "62.05"}, {"price": "0.98", "size": "160.48"}, {"price": "0.97", "size": "18.99"}, {"price": "0.96", "size": "29.99"}], "event_type": "book", "last_trade_price": ""}, {"market": "0x32fc495603de8f28c26d199ba402cede9baccbd3bbffb47af25c1fef14e6bc94", "asset_id": "94071805074839795803561456546122402436440546623477186998944499121599205860231", "timestamp": "1769383057246", "hash": "d4b85857ab2a68641da889eb22e5d0370e305bfe", "bids": [{"price": "0.01", "size": "3750.44"}, {"price": "0.02", "size": "1800"}, {"price": "0.03", "size": "7.72"}, {"price": "0.07", "size": "1500"}, {"price": "0.08", "size": "8.29"}, {"price": "0.12", "size": "350"}, {"price": "0.24", "size": "300"}, {"price": "0.27", "size": "200"}, {"price": "0.3", "size": "125"}, {"price": "0.32", "size": "75"}, {"price": "0.41", "size": "150"}, {"price": "0.43", "size": "50"}, {"price": "0.44", "size": "26"}], "asks": [{"price": "0.99", "size": "3755.59"}, {"price": "0.98", "size": "2100"}, {"price": "0.97", "size": "8.62"}, {"price": "0.95", "size": "1800"}, {"price": "0.92", "size": "100"}, {"price": "0.91", "size": "7.05"}, {"price": "0.89", "size": "700"}, {"price": "0.88", "size": "250"}, {"price": "0.86", "size": "50"}, {"price": "0.81", "size": "500"}, {"price": "0.8", "size": "200"}, {"price": "0.78", "size": "200"}, {"price": "0.76", "size": "125"}, {"price": "0.74", "size": "75"}, {"price": "0.69", "size": "10"}, {"price": "0.52", "size": "10"}, {"price": "0.51", "size": "44"}, {"price": "0.5", "size": "170"}, {"price": "0.48", "size": "2050"}, {"price": "0.47", "size": "1000"}, {"price": "0.46", "size": "250"}, {"price": "0.45", "size": "170"}], "event_type": "book", "last_trade_price": "0.450"}, {"market": "0xa999316ae2456bafd7e0b86b5806500c9f506ce60dff86e2f522c4123417c7bb", "asset_id": "101075348997103334596842663744540155314080355366379372464157966592036214419612", "timestamp": "1769383979108", "hash": "12c3b7c6cd780006cbc691180419005548cbab67", "bids": [{"price": "0.01", "size": "119.34"}, {"price": "0.02", "size": "204.07"}, {"price": "0.03", "size": "20.17"}, {"price": "0.04", "size": "5.47"}], "asks": [{"price": "0.99", "size": "1094.56"}, {"price": "0.98", "size": "157.52"}, {"price": "0.96", "size": "37"}, {"price": "0.95", "size": "15.87"}, {"price": "0.54", "size": "200"}, {"price": "0.53", "size": "10.63"}], "event_type": "book", "last_trade_price": ""}, {"market": "0x74866ac9d43a34ce5f67db1515522d5b5be78d4bde7fa5433c2a60f96e550012", "asset_id": "93460197614053372303819295747289315395117968422384511007890073552934270130393", "timestamp": "1769383885943", "hash": "b389358b318e8a98c2641f1f8c1ff6a822daa942", "bids": [{"price": "0.01", "size": "103.35"}, {"price": "0.02", "size": "202.03"}, {"price": "0.03", "size": "10.34"}, {"price": "0.06", "size": "12.39"}], "asks": [{"price": "0.99", "size": "111.38"}, {"price": "0.98", "size": "215.17"}, {"price": "0.97", "size": "52.57"}], "event_type": "book", "last_trade_price": ""}, {"market": "0xf67a67bb79d6b93b2c6e3a8c1fbf3724e77f24badf9507bf0258f777b6509501", "asset_id": "32291529169086138575869248672499829990231664677015393879221336612752764662664", "timestamp": "1769382595323", "hash": "3ad64b23748896a88324dace7b2ef8f4193316b7", "bids": [{"price": "0.01", "size": "101.52"}, {"price": "0.02", "size": "200.48"}, {"price": "0.03", "size": "25.83"}, {"price": "0.1", "size": "5"}], "asks": [{"price": "0.99", "size": "101.52"}, {"price": "0.98", "size": "160.69"}, {"price": "0.97", "size": "75"}, {"price": "0.96", "size": "22.23"}, {"price": "0.9", "size": "5"}], "event_type": "book", "last_trade_price": ""}, {"market": "0xbfbecf6cf07fb8fb840ef91df84adeb8f5e9173794e7d6299b25b7ac5ed59184", "asset_id": "110460038895597352658940687041636004368724518554226111907881416089292375568882", "timestamp": "1769383885943", "hash": "00b59a4de739bb21d6b306ff1d30f8f39db834d9", "bids": [{"price": "0.01", "size": "57.26"}, {"price": "0.02", "size": "180.95"}, {"price": "0.03", "size": "9.81"}, {"price": "0.06", "size": "12.2"}], "asks": [{"price": "0.99", "size": "62.05"}, {"price": "0.98", "size": "190.48"}, {"price": "0.97", "size": "18.99"}, {"price": "0.96", "size": "29.99"}], "event_type": "book", "last_trade_price": ""}, {"market": "0xa999316ae2456bafd7e0b86b5806500c9f506ce60dff86e2f522c4123417c7bb", "asset_id": "29073543868976398304664498319739951475218875683384868387007306220623295943070", "timestamp": "1769383979108", "hash": "19ad51cee39a4f69baa0fbfd5687e277b900b1b7", "bids": [{"price": "0.01", "size": "1094.56"}, {"price": "0.02", "size": "157.52"}, {"price": "0.04", "size": "37"}, {"price": "0.05", "size": "15.87"}, {"price": "0.46", "size": "200"}, {"price": "0.47", "size": "10.63"}], "asks": [{"price": "0.99", "size": "119.34"}, {"price": "0.98", "size": "204.07"}, {"price": "0.97", "size": "20.17"}, {"price": "0.96", "size": "5.47"}], "event_type": "book", "last_trade_price": ""}]}
{"_local_timestamp": "2026-01-25T23:34:35.331347+00:00", "data": {"market": "0xe68ab0878746786e9cd153ffccb0c9008e5ae513a026554e314be9ed8c46fa61", "price_changes": [{"asset_id": "32016006789041242695045441838082352069531236836113316684983852680839640640628", "price": "0.05", "size": "23.99", "side": "BUY", "hash": "330467e719d7bb5f2bd88298d898ad33d882378b", "best_bid": "0.05", "best_ask": "0.96"}, {"asset_id": "105760125308278556151496384321153215181938710964931663544953481061095113952131", "price": "0.95", "size": "23.99", "side": "SELL", "hash": "66996c99b5f3996082f40a5a0dd7c6539e4581e3", "best_bid": "0.04", "best_ask": "0.95"}], "timestamp": "1769384075257", "event_type": "price_change"}}
{"_local_timestamp": "2026-01-25T23:34:35.332159+00:00", "data": {"market": "0xe112fe5d6f761216d81182d4a58a12d7c54fc8851bcfbbc491031bb4dcdbc326", "price_changes": [{"asset_id": "74266343700732382646483254292648358394115818185281230222869217194634973467405", "price": "0.05", "size": "23.99", "side": "BUY", "hash": "fc9a6294ceeff1137b2c34f4f234834778480784", "best_bid": "0.05", "best_ask": "0.96"}, {"asset_id": "56243137739414292934051223651686872769341196501409769888170747116566687939265", "price": "0.95", "size": "23.99", "side": "SELL", "hash": "cfc3d4bbc3647ac44f85f65fc87587da8a53ca50", "best_bid": "0.04", "best_ask": "0.95"}], "timestamp": "1769384075257", "event_type": "price_change"}}
{"_local_timestamp": "2026-01-25T23:34:35.449903+00:00", "data": {"market": "0x977f99eb0dcf7fb95b4619347a0ab3858f54232f7a2933d00e44a79af677ef69", "price_changes": [{"asset_id": "16721954609088603645758030001371237637656952658022160544494380414198531700594", "price": "0.05", "size": "23.99", "side": "BUY", "hash": "e1f024996dbf329f82027124ace2ee2bd9ff1002", "best_bid": "0.05", "best_ask": "0.96"}, {"asset_id": "2857622017364095354961232858932924378164142305439450303865007277036498063735", "price": "0.95", "size": "23.99", "side": "SELL", "hash": "ee86336c1056d7f042efee1f763fed5630c4a80a", "best_bid": "0.04", "best_ask": "0.95"}], "timestamp": "1769384075381", "event_type": "price_change"}}
{"_local_timestamp": "2026-01-25T23:34:35.542161+00:00", "data": {"market": "0x6756e8cedba8802ec73e85495c7f35c7e8af172f411ec9bf8a35baf434916321", "price_changes": [{"asset_id": "64549685022869543427358899699309008731982476894900421505671104937837865625123", "price": "0.05", "size": "23.99", "side": "BUY", "hash": "78baa81b5dd5cec3fc7d2eaf5f7365fd7851d688", "best_bid": "0.05", "best_ask": "0.96"}, {"asset_id": "64200761647591793139971002220560258609643571072544543158697323629295388420861", "price": "0.95", "size": "23.99", "side": "SELL", "hash": "f4d5a47e58e982b328601d29ee6c4b52b5e4bf46", "best_bid": "0.04", "best_ask": "0.95"}], "timestamp": "1769384075478", "event_type": "price_change"}}
{"_local_timestamp": "2026-01-25T23:34:35.553719+00:00", "data": {"market": "0x150956f713678a05e22cfe013f1b74e6780c6d13b6fcfa1f19ddbec6c66edb01", "price_changes": [{"asset_id": "107767483100589725834095170927663373906674617608449441660949014514522532005952", "price": "0.05", "size": "23.99", "side": "BUY", "hash": "c9c46ab598a381996a1867e9094cd1ac8e132182", "best_bid": "0.05", "best_ask": "0.96"}, {"asset_id": "34170561519957212002236973126752680922340446338668588102674654092692130448935", "price": "0.95", "size": "23.99", "side": "SELL", "hash": "6e27519b5a1bfae4a96c3bdf8a6458fbe801cfdd", "best_bid": "0.04", "best_ask": "0.95"}], "timestamp": "1769384075478", "event_type": "price_change"}}
{"_local_timestamp": "2026-01-25T23:34:38.996802+00:00", "data": {"market": "0x6756e8cedba8802ec73e85495c7f35c7e8af172f411ec9bf8a35baf434916321", "price_changes": [{"asset_id": "64549685022869543427358899699309008731982476894900421505671104937837865625123", "price": "0.04", "size": "0", "side": "BUY", "hash": "c1903b3d32b729b5fcb4eee5f22ecd291ad73c5d", "best_bid": "0.05", "best_ask": "0.96"}, {"asset_id": "64200761647591793139971002220560258609643571072544543158697323629295388420861", "price": "0.96", "size": "0", "side": "SELL", "hash": "90c2b2c538e91a37adc392f8a9fa23eccc2b1e45", "best_bid": "0.04", "best_ask": "0.95"}], "timestamp": "1769384078925", "event_type": "price_change"}}
{"_local_timestamp": "2026-01-25T23:34:39.006122+00:00", "data": {"market": "0xe68ab0878746786e9cd153ffccb0c9008e5ae513a026554e314be9ed8c46fa61", "price_changes": [{"asset_id": "32016006789041242695045441838082352069531236836113316684983852680839640640628", "price": "0.04", "size": "0", "side": "BUY", "hash": "9f33522ecfeb5e88136476ea29ab65c00f897e41", "best_bid": "0.05", "best_ask": "0.96"}, {"asset_id": "105760125308278556151496384321153215181938710964931663544953481061095113952131", "price": "0.96", "size": "0", "side": "SELL", "hash": "5d5b3265d68119a0db90f3d709ccc31ccf765342", "best_bid": "0.04", "best_ask": "0.95"}], "timestamp": "1769384078926", "event_type": "price_change"}}
{"_local_timestamp": "2026-01-25T23:34:39.009111+00:00", "data": {"market": "0x977f99eb0dcf7fb95b4619347a0ab3858f54232f7a2933d00e44a79af677ef69", "price_changes": [{"asset_id": "16721954609088603645758030001371237637656952658022160544494380414198531700594", "price": "0.04", "size": "0", "side": "BUY", "hash": "1f81162e821d78af55a9d6308094a17a999778df", "best_bid": "0.05", "best_ask": "0.96"}, {"asset_id": "2857622017364095354961232858932924378164142305439450303865007277036498063735", "price": "0.96", "size": "0", "side": "SELL", "hash": "9209f33d97ca1b476d24752880df7fd7f6e13f61", "best_bid": "0.04", "best_ask": "0.95"}], "timestamp": "1769384078927", "event_type": "price_change"}}
{"_local_timestamp": "2026-01-25T23:34:39.009498+00:00", "data": {"market": "0xe112fe5d6f761216d81182d4a58a12d7c54fc8851bcfbbc491031bb4dcdbc326", "price_changes": [{"asset_id": "74266343700732382646483254292648358394115818185281230222869217194634973467405", "price": "0.04", "size": "0", "side": "BUY", "hash": "3dfa5a661024b8e1b9f3ca1ace8955ccfd9e3be8", "best_bid": "0.05", "best_ask": "0.96"}, {"asset_id": "56243137739414292934051223651686872769341196501409769888170747116566687939265", "price": "0.96", "size": "0", "side": "SELL", "hash": "b353643515649d57fa3a34cb00c132faa207a2a4", "best_bid": "0.04", "best_ask": "0.95"}], "timestamp": "1769384078926", "event_type": "price_change"}}
{"_local_timestamp": "2026-01-25T23:34:39.019675+00:00", "data": {"market": "0x150956f713678a05e22cfe013f1b74e6780c6d13b6fcfa1f19ddbec6c66edb01", "price_changes": [{"asset_id": "107767483100589725834095170927663373906674617608449441660949014514522532005952", "price": "0.04", "size": "0", "side": "BUY", "hash": "5c0fe0f58d71b154cedfc3785396adaab7a6a6d3", "best_bid": "0.05", "best_ask": "0.96"}, {"asset_id": "34170561519957212002236973126752680922340446338668588102674654092692130448935", "price": "0.96", "size": "0", "side": "SELL", "hash": "ca03b1ff912b7593ddffd2f99db30a53ed94e4fb", "best_bid": "0.04", "best_ask": "0.95"}], "timestamp": "1769384078927", "event_type": "price_change"}}
{"_local_timestamp": "2026-01-25T23:34:39.267367+00:00", "data": {"market": "0x977f99eb0dcf7fb95b4619347a0ab3858f54232f7a2933d00e44a79af677ef69", "price_changes": [{"asset_id": "16721954609088603645758030001371237637656952658022160544494380414198531700594", "price": "0.06", "size": "5.47", "side": "BUY", "hash": "f070b5396791d7d287548de394fc173ca4186b8f", "best_bid": "0.06", "best_ask": "0.96"}, {"asset_id": "2857622017364095354961232858932924378164142305439450303865007277036498063735", "price": "0.94", "size": "5.47", "side": "SELL", "hash": "11dd2c783cfd71c3e5d0642d84795288685b6b78", "best_bid": "0.04", "best_ask": "0.94"}], "timestamp": "1769384079158", "event_type": "price_change"}}
{"_local_timestamp": "2026-01-25T23:34:39.271671+00:00", "data": {"market": "0x150956f713678a05e22cfe013f1b74e6780c6d13b6fcfa1f19ddbec6c66edb01", "price_changes": [{"asset_id": "107767483100589725834095170927663373906674617608449441660949014514522532005952", "price": "0.06", "size": "5.47", "side": "BUY", "hash": "b69f3f58e2e714027d9d514585084657665b7ec2", "best_bid": "0.06", "best_ask": "0.96"}, {"asset_id": "34170561519957212002236973126752680922340446338668588102674654092692130448935", "price": "0.94", "size": "5.47", "side": "SELL", "hash": "6e05e741c9351bad7086735b47b3996eae53f944", "best_bid": "0.04", "best_ask": "0.94"}], "timestamp": "1769384079158", "event_type": "price_change"}}
{"_local_timestamp": "2026-01-25T23:34:39.272028+00:00", "data": {"market": "0x6756e8cedba8802ec73e85495c7f35c7e8af172f411ec9bf8a35baf434916321", "price_changes": [{"asset_id": "64549685022869543427358899699309008731982476894900421505671104937837865625123", "price": "0.06", "size": "5.47", "side": "BUY", "hash": "1ac087ef4dbf3a4d8df1ef2c58ac8553c3138734", "best_bid": "0.06", "best_ask": "0.96"}, {"asset_id": "64200761647591793139971002220560258609643571072544543158697323629295388420861", "price": "0.94", "size": "5.47", "side": "SELL", "hash": "282f3a036659ee4028e5ebf429f6fe5182d945a7", "best_bid": "0.04", "best_ask": "0.94"}], "timestamp": "1769384079158", "event_type": "price_change"}}
{"_local_timestamp": "2026-01-25T23:34:39.273592+00:00", "data": {"market": "0xe68ab0878746786e9cd153ffccb0c9008e5ae513a026554e314be9ed8c46fa61", "price_changes": [{"asset_id": "32016006789041242695045441838082352069531236836113316684983852680839640640628", "price": "0.06", "size": "5.47", "side": "BUY", "hash": "7e7c4fac2808717bff411d18aedaaaa2a396f7ef", "best_bid": "0.06", "best_ask": "0.96"}, {"asset_id": "105760125308278556151496384321153215181938710964931663544953481061095113952131", "price": "0.94", "size": "5.47", "side": "SELL", "hash": "403b2d270ace612ef6f5e7d6325f6f3ab3cd19e3", "best_bid": "0.04", "best_ask": "0.94"}], "timestamp": "1769384079158", "event_type": "price_change"}}
{"_local_timestamp": "2026-01-25T23:34:39.274445+00:00", "data": {"market": "0xe112fe5d6f761216d81182d4a58a12d7c54fc8851bcfbbc491031bb4dcdbc326", "price_changes": [{"asset_id": "74266343700732382646483254292648358394115818185281230222869217194634973467405", "price": "0.06", "size": "5.47", "side": "BUY", "hash": "5d483f81e3cddf53fd744ecd86ffccfa1fabba31", "best_bid": "0.06", "best_ask": "0.96"}, {"asset_id": "56243137739414292934051223651686872769341196501409769888170747116566687939265", "price": "0.94", "size": "5.47", "side": "SELL", "hash": "fe777a19e66d1f5840cdc73a0fbb0f1cada08478", "best_bid": "0.04", "best_ask": "0.94"}], "timestamp": "1769384079159", "event_type": "price_change"}}
{"_local_timestamp": "2026-01-25T23:36:04.335300+00:00", "data": {"market": "0xe112fe5d6f761216d81182d4a58a12d7c54fc8851bcfbbc491031bb4dcdbc326", "price_changes": [{"asset_id": "74266343700732382646483254292648358394115818185281230222869217194634973467405", "price": "0.05", "size": "0", "side": "BUY", "hash": "dd976e2b1e7f0629aba60cf5969ff2f14ebcf164", "best_bid": "0.06", "best_ask": "0.96"}, {"asset_id": "56243137739414292934051223651686872769341196501409769888170747116566687939265", "price": "0.95", "size": "0", "side": "SELL", "hash": "35a11c8c05c1ff33e99d4ed212b79855419b3f5e", "best_bid": "0.04", "best_ask": "0.94"}], "timestamp": "1769384164266", "event_type": "price_change"}}
{"_local_timestamp": "2026-01-25T23:36:04.336439+00:00", "data": {"market": "0x6756e8cedba8802ec73e85495c7f35c7e8af172f411ec9bf8a35baf434916321", "price_changes": [{"asset_id": "64549685022869543427358899699309008731982476894900421505671104937837865625123", "price": "0.05", "size": "0", "side": "BUY", "hash": "75e40c46b007386e575c97aa515be8742edd0c5b", "best_bid": "0.06", "best_ask": "0.96"}, {"asset_id": "64200761647591793139971002220560258609643571072544543158697323629295388420861", "price": "0.95", "size": "0", "side": "SELL", "hash": "9e7aabee83f0630e43d80e4a53e93d4d6fb1a125", "best_bid": "0.04", "best_ask": "0.94"}], "timestamp": "1769384164266", "event_type": "price_change"}}
{"_local_timestamp": "2026-01-25T23:36:04.433602+00:00", "data": {"market": "0x150956f713678a05e22cfe013f1b74e6780c6d13b6fcfa1f19ddbec6c66edb01", "price_changes": [{"asset_id": "107767483100589725834095170927663373906674617608449441660949014514522532005952", "price": "0.05", "size": "0", "side": "BUY", "hash": "4fe5c1a50e80db51605d0abeb3bb84f69d536b3c", "best_bid": "0.06", "best_ask": "0.96"}, {"asset_id": "34170561519957212002236973126752680922340446338668588102674654092692130448935", "price": "0.95", "size": "0", "side": "SELL", "hash": "667bb7e09ae3c32e9afdbaaf880bbf41a8565b6c", "best_bid": "0.04", "best_ask": "0.94"}], "timestamp": "1769384164366", "event_type": "price_change"}}
{"_local_timestamp": "2026-01-25T23:36:04.434065+00:00", "data": {"market": "0x977f99eb0dcf7fb95b4619347a0ab3858f54232f7a2933d00e44a79af677ef69", "price_changes": [{"asset_id": "16721954609088603645758030001371237637656952658022160544494380414198531700594", "price": "0.05", "size": "0", "side": "BUY", "hash": "47407d5e8003b273cc08aef8e07482f7442f8335", "best_bid": "0.06", "best_ask": "0.96"}, {"asset_id": "2857622017364095354961232858932924378164142305439450303865007277036498063735", "price": "0.95", "size": "0", "side": "SELL", "hash": "96849008db23e837d7e85e16d6b431b7cc64b1d9", "best_bid": "0.04", "best_ask": "0.94"}], "timestamp": "1769384164366", "event_type": "price_change"}}
{"_local_timestamp": "2026-01-25T23:36:04.434402+00:00", "data": {"market": "0xe68ab0878746786e9cd153ffccb0c9008e5ae513a026554e314be9ed8c46fa61", "price_changes": [{"asset_id": "32016006789041242695045441838082352069531236836113316684983852680839640640628", "price": "0.05", "size": "0", "side": "BUY", "hash": "10e28bcc0653aef6c684888900b93debccb5ca5d", "best_bid": "0.06", "best_ask": "0.96"}, {"asset_id": "105760125308278556151496384321153215181938710964931663544953481061095113952131", "price": "0.95", "size": "0", "side": "SELL", "hash": "bd53ec78b2ae2c8cbae43a0508bf31ad597f9e25", "best_bid": "0.04", "best_ask": "0.94"}], "timestamp": "1769384164366", "event_type": "price_change"}}
{"_local_timestamp": "2026-01-25T23:36:09.190726+00:00", "data": {"market": "0xe68ab0878746786e9cd153ffccb0c9008e5ae513a026554e314be9ed8c46fa61", "price_changes": [{"asset_id": "32016006789041242695045441838082352069531236836113316684983852680839640640628", "price": "0.06", "size": "0", "side": "BUY", "hash": "460ef1cbd49d1b4d48d985d03befc40373494029", "best_bid": "0.03", "best_ask": "0.96"}, {"asset_id": "105760125308278556151496384321153215181938710964931663544953481061095113952131", "price": "0.94", "size": "0", "side": "SELL", "hash": "59fd3b8a3f5e3b95093d127597ebfd2e3f388b3a", "best_bid": "0.04", "best_ask": "0.97"}], "timestamp": "1769384169122", "event_type": "price_change"}}
{"_local_timestamp": "2026-01-25T23:36:09.191233+00:00", "data": {"market": "0x150956f713678a05e22cfe013f1b74e6780c6d13b6fcfa1f19ddbec6c66edb01", "price_changes": [{"asset_id": "107767483100589725834095170927663373906674617608449441660949014514522532005952", "price": "0.06", "size": "0", "side": "BUY", "hash": "0b14cbcebbe70a8fbfdfc204d703d4610b18d6fc", "best_bid": "0.03", "best_ask": "0.96"}, {"asset_id": "34170561519957212002236973126752680922340446338668588102674654092692130448935", "price": "0.94", "size": "0", "side": "SELL", "hash": "13b6b7c2324fec5a260b70bf925bbcdd5caf5395", "best_bid": "0.04", "best_ask": "0.97"}], "timestamp": "1769384169122", "event_type": "price_change"}}
{"_local_timestamp": "2026-01-25T23:36:09.191644+00:00", "data": {"market": "0x977f99eb0dcf7fb95b4619347a0ab3858f54232f7a2933d00e44a79af677ef69", "price_changes": [{"asset_id": "16721954609088603645758030001371237637656952658022160544494380414198531700594", "price": "0.06", "size": "0", "side": "BUY", "hash": "4f8b3f74b13dac29094829057b8f3543cd90708b", "best_bid": "0.03", "best_ask": "0.96"}, {"asset_id": "2857622017364095354961232858932924378164142305439450303865007277036498063735", "price": "0.94", "size": "0", "side": "SELL", "hash": "5706563fad0753b532f43fccff52dc0993347e5c", "best_bid": "0.04", "best_ask": "0.97"}], "timestamp": "1769384169122", "event_type": "price_change"}}
{"_local_timestamp": "2026-01-25T23:36:09.198622+00:00", "data": {"market": "0x6756e8cedba8802ec73e85495c7f35c7e8af172f411ec9bf8a35baf434916321", "price_changes": [{"asset_id": "64549685022869543427358899699309008731982476894900421505671104937837865625123", "price": "0.06", "size": "0", "side": "BUY", "hash": "30d8307f795599c6904067f818be64f44dcac43e", "best_bid": "0.03", "best_ask": "0.96"}, {"asset_id": "64200761647591793139971002220560258609643571072544543158697323629295388420861", "price": "0.94", "size": "0", "side": "SELL", "hash": "9014d88a40033034b73f6a0317eb2e85a31a1f89", "best_bid": "0.04", "best_ask": "0.97"}], "timestamp": "1769384169123", "event_type": "price_change"}}
{"_local_timestamp": "2026-01-25T23:36:09.199116+00:00", "data": {"market": "0xe112fe5d6f761216d81182d4a58a12d7c54fc8851bcfbbc491031bb4dcdbc326", "price_changes": [{"asset_id": "74266343700732382646483254292648358394115818185281230222869217194634973467405", "price": "0.06", "size": "0", "side": "BUY", "hash": "180befb4588dd9c173f18e46abcb1f4c09f3c6dd", "best_bid": "0.03", "best_ask": "0.96"}, {"asset_id": "56243137739414292934051223651686872769341196501409769888170747116566687939265", "price": "0.94", "size": "0", "side": "SELL", "hash": "13ba0c376f881bb3273c7a573d002ce50aae137d", "best_bid": "0.04", "best_ask": "0.97"}], "timestamp": "1769384169123", "event_type": "price_change"}}
{"_local_timestamp": "2026-01-25T23:36:09.403716+00:00", "data": {"market": "0xe112fe5d6f761216d81182d4a58a12d7c54fc8851bcfbbc491031bb4dcdbc326", "price_changes": [{"asset_id": "74266343700732382646483254292648358394115818185281230222869217194634973467405", "price": "0.04", "size": "5.47", "side": "BUY", "hash": "eae91169f1a186740fa05d3caaf70024f09cee19", "best_bid": "0.04", "best_ask": "0.96"}, {"asset_id": "56243137739414292934051223651686872769341196501409769888170747116566687939265", "price": "0.96", "size": "5.47", "side": "SELL", "hash": "5966bf44cec99a5dc8202c56372997b455507a85", "best_bid": "0.04", "best_ask": "0.96"}], "timestamp": "1769384169334", "event_type": "price_change"}}
{"_local_timestamp": "2026-01-25T23:36:09.404262+00:00", "data": {"market": "0xe68ab0878746786e9cd153ffccb0c9008e5ae513a026554e314be9ed8c46fa61", "price_changes": [{"asset_id": "32016006789041242695045441838082352069531236836113316684983852680839640640628", "price": "0.04", "size": "5.47", "side": "BUY", "hash": "88ef0a04e672783c8ea45a96c847bede6844b246", "best_bid": "0.04", "best_ask": "0.96"}, {"asset_id": "105760125308278556151496384321153215181938710964931663544953481061095113952131", "price": "0.96", "size": "5.47", "side": "SELL", "hash": "8076b723b2f48a2a1668f06fcbee6695c0394b01", "best_bid": "0.04", "best_ask": "0.96"}], "timestamp": "1769384169334", "event_type": "price_change"}}
{"_local_timestamp": "2026-01-25T23:36:09.404605+00:00", "data": {"market": "0x150956f713678a05e22cfe013f1b74e6780c6d13b6fcfa1f19ddbec6c66edb01", "price_changes": [{"asset_id": "107767483100589725834095170927663373906674617608449441660949014514522532005952", "price": "0.04", "size": "5.47", "side": "BUY", "hash": "445b856e6daf71d423815af385305f1fb16f6fab", "best_bid": "0.04", "best_ask": "0.96"}, {"asset_id": "34170561519957212002236973126752680922340446338668588102674654092692130448935", "price": "0.96", "size": "5.47", "side": "SELL", "hash": "f2ed8af96e5f24ce5366c27d3ee4112d406c6ab8", "best_bid": "0.04", "best_ask": "0.96"}], "timestamp": "1769384169334", "event_type": "price_change"}}
{"_local_timestamp": "2026-01-25T23:36:09.404957+00:00", "data": {"market": "0x6756e8cedba8802ec73e85495c7f35c7e8af172f411ec9bf8a35baf434916321", "price_changes": [{"asset_id": "64549685022869543427358899699309008731982476894900421505671104937837865625123", "price": "0.04", "size": "5.47", "side": "BUY", "hash": "fd59d16eb6a16692e22c7cf0a83dc421eaf846c9", "best_bid": "0.04", "best_ask": "0.96"}, {"asset_id": "64200761647591793139971002220560258609643571072544543158697323629295388420861", "price": "0.96", "size": "5.47", "side": "SELL", "hash": "73cba871f18f5182894af15219efba205417169c", "best_bid": "0.04", "best_ask": "0.96"}], "timestamp": "1769384169334", "event_type": "price_change"}}
{"_local_timestamp": "2026-01-25T23:36:09.405339+00:00", "data": {"market": "0x977f99eb0dcf7fb95b4619347a0ab3858f54232f7a2933d00e44a79af677ef69", "price_changes": [{"asset_id": "16721954609088603645758030001371237637656952658022160544494380414198531700594", "price": "0.04", "size": "5.47", "side": "BUY", "hash": "f44a68d193e36171f650673ab570a4980707e453", "best_bid": "0.04", "best_ask": "0.96"}, {"asset_id": "2857622017364095354961232858932924378164142305439450303865007277036498063735", "price": "0.96", "size": "5.47", "side": "SELL", "hash": "c390faadcec52d531946b95a41262cd00e449dc9", "best_bid": "0.04", "best_ask": "0.96"}], "timestamp": "1769384169334", "event_type": "price_change"}}
{"_local_timestamp": "2026-01-25T23:37:09.374805+00:00", "data": {"market": "0xe68ab0878746786e9cd153ffccb0c9008e5ae513a026554e314be9ed8c46fa61", "price_changes": [{"asset_id": "32016006789041242695045441838082352069531236836113316684983852680839640640628", "price": "0.01", "size": "67.05", "side": "BUY", "hash": "dc238f345777a9ddd78466baf496f1960443c399", "best_bid": "0.04", "best_ask": "0.96"}, {"asset_id": "105760125308278556151496384321153215181938710964931663544953481061095113952131", "price": "0.99", "size": "67.05", "side": "SELL", "hash": "6ea1a5e414fc0b3ba15afaf8528dc6a09a7ed5a1", "best_bid": "0.04", "best_ask": "0.96"}], "timestamp": "1769384229263", "event_type": "price_change"}}
{"_local_timestamp": "2026-01-25T23:37:09.378523+00:00", "data": {"market": "0xe68ab0878746786e9cd153ffccb0c9008e5ae513a026554e314be9ed8c46fa61", "price_changes": [{"asset_id": "32016006789041242695045441838082352069531236836113316684983852680839640640628", "price": "0.02", "size": "182.48", "side": "BUY", "hash": "992fe654f4b15570f41d477970477ccfbb811d2a", "best_bid": "0.04", "best_ask": "0.96"}, {"asset_id": "105760125308278556151496384321153215181938710964931663544953481061095113952131", "price": "0.98", "size": "182.48", "side": "SELL", "hash": "b04ed2e68217d797afcd9a5043ca14d744c507e0", "best_bid": "0.04", "best_ask": "0.96"}], "timestamp": "1769384229264", "event_type": "price_change"}}
{"_local_timestamp": "2026-01-25T23:37:09.379100+00:00", "data": {"market": "0xe68ab0878746786e9cd153ffccb0c9008e5ae513a026554e314be9ed8c46fa61", "price_changes": [{"asset_id": "32016006789041242695045441838082352069531236836113316684983852680839640640628", "price": "0.03", "size": "18.99", "side": "BUY", "hash": "9783b7c3fe5830a4399239996d66b17e680905db", "best_bid": "0.04", "best_ask": "0.96"}, {"asset_id": "105760125308278556151496384321153215181938710964931663544953481061095113952131", "price": "0.97", "size": "18.99", "side": "SELL", "hash": "296541e8fecf0c3b4baf8e321f3aeda732503048", "best_bid": "0.04", "best_ask": "0.96"}], "timestamp": "1769384229265", "event_type": "price_change"}}
{"_local_timestamp": "2026-01-25T23:37:12.795058+00:00", "data": {"market": "0xa999316ae2456bafd7e0b86b5806500c9f506ce60dff86e2f522c4123417c7bb", "price_changes": [{"asset_id": "101075348997103334596842663744540155314080355366379372464157966592036214419612", "price": "0.01", "size": "99.93", "side": "BUY", "hash": "888abf059ba1003a5444b78c6fd0352ecbff9506", "best_bid": "0.04", "best_ask": "0.53"}, {"asset_id": "29073543868976398304664498319739951475218875683384868387007306220623295943070", "price": "0.99", "size": "99.93", "side": "SELL", "hash": "e54b6899127627c8a44e4a6fad813b08e5df5ce0", "best_bid": "0.47", "best_ask": "0.96"}], "timestamp": "1769384232709", "event_type": "price_change"}}
{"_local_timestamp": "2026-01-25T23:37:13.190719+00:00", "data": {"market": "0xa999316ae2456bafd7e0b86b5806500c9f506ce60dff86e2f522c4123417c7bb", "price_changes": [{"asset_id": "101075348997103334596842663744540155314080355366379372464157966592036214419612", "price": "0.01", "size": "119.34", "side": "BUY", "hash": "597badfa3e503e807d648d964fc50b7d9f407c69", "best_bid": "0.04", "best_ask": "0.53"}, {"asset_id": "29073543868976398304664498319739951475218875683384868387007306220623295943070", "price": "0.99", "size": "119.34", "side": "SELL", "hash": "d0d5f49f9bf7bfa3042ced73fca11d5f973ee3f8", "best_bid": "0.47", "best_ask": "0.96"}], "timestamp": "1769384233074", "event_type": "price_change"}}
{"_local_timestamp": "2026-01-25T23:37:13.617741+00:00", "data": {"market": "0x977f99eb0dcf7fb95b4619347a0ab3858f54232f7a2933d00e44a79af677ef69", "price_changes": [{"asset_id": "16721954609088603645758030001371237637656952658022160544494380414198531700594", "price": "0.03", "size": "9.81", "side": "BUY", "hash": "8c2736817cb7904ccc14cc092a73cd474e2883ce", "best_bid": "0.04", "best_ask": "0.96"}, {"asset_id": "2857622017364095354961232858932924378164142305439450303865007277036498063735", "price": "0.97", "size": "9.81", "side": "SELL", "hash": "54f8fe58121250ee7b650f329434916d19a53174", "best_bid": "0.04", "best_ask": "0.96"}], "timestamp": "1769384233447", "event_type": "price_change"}}
{"_local_timestamp": "2026-01-25T23:37:13.618272+00:00", "data": {"market": "0x6756e8cedba8802ec73e85495c7f35c7e8af172f411ec9bf8a35baf434916321", "price_changes": [{"asset_id": "64549685022869543427358899699309008731982476894900421505671104937837865625123", "price": "0.01", "size": "56.98", "side": "BUY", "hash": "f08e5d8cca8a3038a365533fa8b585f4bb030361", "best_bid": "0.04", "best_ask": "0.96"}, {"asset_id": "64200761647591793139971002220560258609643571072544543158697323629295388420861", "price": "0.99", "size": "56.98", "side": "SELL", "hash": "aec3bc4f535f8b7bbd3698940a55ff019568f686", "best_bid": "0.04", "best_ask": "0.96"}], "timestamp": "1769384233447", "event_type": "price_change"}}
{"_local_timestamp": "2026-01-25T23:37:13.770275+00:00", "data": {"market": "0x977f99eb0dcf7fb95b4619347a0ab3858f54232f7a2933d00e44a79af677ef69", "price_changes": [{"asset_id": "16721954609088603645758030001371237637656952658022160544494380414198531700594", "price": "0.04", "size": "15.42", "side": "BUY", "hash": "5854db5c6686f6c978daa1e3ca1247efeca5287e", "best_bid": "0.04", "best_ask": "0.96"}, {"asset_id": "2857622017364095354961232858932924378164142305439450303865007277036498063735", "price": "0.96", "size": "15.42", "side": "SELL", "hash": "72ae649b93a4fa5faf6592cc890a4253ab1949d9", "best_bid": "0.04", "best_ask": "0.96"}], "timestamp": "1769384233702", "event_type": "price_change"}}
{"_local_timestamp": "2026-01-25T23:37:13.770744+00:00", "data": {"market": "0x6756e8cedba8802ec73e85495c7f35c7e8af172f411ec9bf8a35baf434916321", "price_changes": [{"asset_id": "64549685022869543427358899699309008731982476894900421505671104937837865625123", "price": "0.01", "size": "70.23", "side": "BUY", "hash": "a6710abf4c67a224bfdbdd55d5ba7b3ef4413110", "best_bid": "0.04", "best_ask": "0.96"}, {"asset_id": "64200761647591793139971002220560258609643571072544543158697323629295388420861", "price": "0.99", "size": "70.23", "side": "SELL", "hash": "e708654a6bcfe051df1d7b62818ef97dc7c87da4", "best_bid": "0.04", "best_ask": "0.96"}], "timestamp": "1769384233702", "event_type": "price_change"}}
{"_local_timestamp": "2026-01-25T23:37:15.781743+00:00", "data": {"market": "0x74866ac9d43a34ce5f67db1515522d5b5be78d4bde7fa5433c2a60f96e550012", "price_changes": [{"asset_id": "93460197614053372303819295747289315395117968422384511007890073552934270130393", "price": "0.06", "size": "5.47", "side": "BUY", "hash": "c809a16dcd6a961b7a621316e53841819c7797ed", "best_bid": "0.06", "best_ask": "0.97"}, {"asset_id": "45754949899196054356538835083980327548504691376146818186941941867894732423479", "price": "0.94", "size": "5.47", "side": "SELL", "hash": "028b4fc246950de8101ed9d99d8672df345a96e0", "best_bid": "0.03", "best_ask": "0.94"}], "timestamp": "1769384235714", "event_type": "price_change"}}
{"_local_timestamp": "2026-01-25T23:37:16.057756+00:00", "data": {"market": "0x74866ac9d43a34ce5f67db1515522d5b5be78d4bde7fa5433c2a60f96e550012", "price_changes": [{"asset_id": "93460197614053372303819295747289315395117968422384511007890073552934270130393", "price": "0.03", "size": "24.19", "side": "BUY", "hash": "c65524f842c99e5fd081eecdbdda6e46a40a6c32", "best_bid": "0.06", "best_ask": "0.97"}, {"asset_id": "45754949899196054356538835083980327548504691376146818186941941867894732423479", "price": "0.97", "size": "24.19", "side": "SELL", "hash": "7fe76356acbe6b414fe831a3eae1a60969094c19", "best_bid": "0.03", "best_ask": "0.94"}], "timestamp": "1769384235993", "event_type": "price_change"}}
{"_local_timestamp": "2026-01-25T23:37:20.272776+00:00", "data": {"market": "0x74866ac9d43a34ce5f67db1515522d5b5be78d4bde7fa5433c2a60f96e550012", "price_changes": [{"asset_id": "93460197614053372303819295747289315395117968422384511007890073552934270130393", "price": "0.06", "size": "0", "side": "BUY", "hash": "03e5fde6a222748485a43c69424fae7f40fbbd20", "best_bid": "0.03", "best_ask": "0.97"}, {"asset_id": "45754949899196054356538835083980327548504691376146818186941941867894732423479", "price": "0.94", "size": "0", "side": "SELL", "hash": "64f86766f83396d2aa725a3e81576209a63539df", "best_bid": "0.03", "best_ask": "0.97"}], "timestamp": "1769384240202", "event_type": "price_change"}}
{"_local_timestamp": "2026-01-25T23:37:20.313735+00:00", "data": {"market": "0x74866ac9d43a34ce5f67db1515522d5b5be78d4bde7fa5433c2a60f96e550012", "price_changes": [{"asset_id": "93460197614053372303819295747289315395117968422384511007890073552934270130393", "price": "0.04", "size": "5.47", "side": "BUY", "hash": "266e14cff2308207f5288ed7cb785334484c3c80", "best_bid": "0.04", "best_ask": "0.97"}, {"asset_id": "45754949899196054356538835083980327548504691376146818186941941867894732423479", "price": "0.96", "size": "5.47", "side": "SELL", "hash": "a6787e87538b595e53e16ac93f9b74cbe518e0b9", "best_bid": "0.03", "best_ask": "0.96"}], "timestamp": "1769384240246", "event_type": "price_change"}}
{"_local_timestamp": "2026-01-25T23:37:33.018038+00:00", "data": {"market": "0xbfbecf6cf07fb8fb840ef91df84adeb8f5e9173794e7d6299b25b7ac5ed59184", "price_changes": [{"asset_id": "110460038895597352658940687041636004368724518554226111907881416089292375568882", "price": "0.06", "size": "5.47", "side": "BUY", "hash": "16d98f1037cbd87ebcb1910f788725d308f53a26", "best_bid": "0.06", "best_ask": "0.96"}, {"asset_id": "95884997749963451388129624255243773006516487123962193450565390535073823305854", "price": "0.94", "size": "5.47", "side": "SELL", "hash": "95ca38a91fea19f0f66190be63058d81a1a3dff2", "best_bid": "0.04", "best_ask": "0.94"}], "timestamp": "1769384252897", "event_type": "price_change"}}
{"_local_timestamp": "2026-01-25T23:37:33.318856+00:00", "data": {"market": "0xbfbecf6cf07fb8fb840ef91df84adeb8f5e9173794e7d6299b25b7ac5ed59184", "price_changes": [{"asset_id": "110460038895597352658940687041636004368724518554226111907881416089292375568882", "price": "0.03", "size": "23.28", "side": "BUY", "hash": "063854612a04d03ebbec3b1d00073dedaf9ecd8c", "best_bid": "0.06", "best_ask": "0.96"}, {"asset_id": "95884997749963451388129624255243773006516487123962193450565390535073823305854", "price": "0.97", "size": "23.28", "side": "SELL", "hash": "95173b4e42bd3eeaa53b5d9e746d9889dc6a0a67", "best_bid": "0.04", "best_ask": "0.94"}], "timestamp": "1769384253238", "event_type": "price_change"}}
{"_local_timestamp": "2026-01-25T23:37:36.442569+00:00", "data": {"market": "0xbfbecf6cf07fb8fb840ef91df84adeb8f5e9173794e7d6299b25b7ac5ed59184", "price_changes": [{"asset_id": "110460038895597352658940687041636004368724518554226111907881416089292375568882", "price": "0.06", "size": "0", "side": "BUY", "hash": "d4af14468c4ebbc9e9d060bb4c9ff95bcafa31d6", "best_bid": "0.03", "best_ask": "0.96"}, {"asset_id": "95884997749963451388129624255243773006516487123962193450565390535073823305854", "price": "0.94", "size": "0", "side": "SELL", "hash": "c436e1233464e7ce62d292e1e922a5e72f795ab3", "best_bid": "0.04", "best_ask": "0.97"}], "timestamp": "1769384256380", "event_type": "price_change"}}
{"_local_timestamp": "2026-01-25T23:37:36.479039+00:00", "data": {"market": "0xbfbecf6cf07fb8fb840ef91df84adeb8f5e9173794e7d6299b25b7ac5ed59184", "price_changes": [{"asset_id": "110460038895597352658940687041636004368724518554226111907881416089292375568882", "price": "0.04", "size": "5.47", "side": "BUY", "hash": "2c3cc927539804ac9df548cdc8869da59d23458e", "best_bid": "0.04", "best_ask": "0.96"}, {"asset_id": "95884997749963451388129624255243773006516487123962193450565390535073823305854", "price": "0.96", "size": "5.47", "side": "SELL", "hash": "309f681626aa68040284a5fde4c71b60f0fdf3a1", "best_bid": "0.04", "best_ask": "0.96"}], "timestamp": "1769384256410", "event_type": "price_change"}}
{"_local_timestamp": "2026-01-25T23:37:44.824072+00:00", "data": {"market": "0x977f99eb0dcf7fb95b4619347a0ab3858f54232f7a2933d00e44a79af677ef69", "price_changes": [{"asset_id": "16721954609088603645758030001371237637656952658022160544494380414198531700594", "price": "0.05", "size": "23.99", "side": "BUY", "hash": "06cf8025c69f843462ab3eb0a98078ef297eebf9", "best_bid": "0.05", "best_ask": "0.96"}, {"asset_id": "2857622017364095354961232858932924378164142305439450303865007277036498063735", "price": "0.95", "size": "23.99", "side": "SELL", "hash": "b43fc809f5eb3b0b35bf4fda3fb486bb7f001ad6", "best_bid": "0.04", "best_ask": "0.95"}], "timestamp": "1769384264750", "event_type": "price_change"}}
{"_local_timestamp": "2026-01-25T23:37:44.825174+00:00", "data": {"market": "0x150956f713678a05e22cfe013f1b74e6780c6d13b6fcfa1f19ddbec6c66edb01", "price_changes": [{"asset_id": "107767483100589725834095170927663373906674617608449441660949014514522532005952", "price": "0.05", "size": "23.99", "side": "BUY", "hash": "c8ec2a5f957efea6814057dff8e0cefa693efd17", "best_bid": "0.05", "best_ask": "0.96"}, {"asset_id": "34170561519957212002236973126752680922340446338668588102674654092692130448935", "price": "0.95", "size": "23.99", "side": "SELL", "hash": "8db636b5606b8af3f2ec0997cd0e4cd3647cd94b", "best_bid": "0.04", "best_ask": "0.95"}], "timestamp": "1769384264751", "event_type": "price_change"}}
{"_local_timestamp": "2026-01-25T23:37:44.825611+00:00", "data": {"market": "0x6756e8cedba8802ec73e85495c7f35c7e8af172f411ec9bf8a35baf434916321", "price_changes": [{"asset_id": "64549685022869543427358899699309008731982476894900421505671104937837865625123", "price": "0.05", "size": "23.99", "side": "BUY", "hash": "5952475f1d4f4a4e816e604fd65659188a73e147", "best_bid": "0.05", "best_ask": "0.96"}, {"asset_id": "64200761647591793139971002220560258609643571072544543158697323629295388420861", "price": "0.95", "size": "23.99", "side": "SELL", "hash": "d83fb3c93bf8dddd916062b1f99ea11a43590d24", "best_bid": "0.04", "best_ask": "0.95"}], "timestamp": "1769384264751", "event_type": "price_change"}}
{"_local_timestamp": "2026-01-25T23:37:44.825989+00:00", "data": {"market": "0xe112fe5d6f761216d81182d4a58a12d7c54fc8851bcfbbc491031bb4dcdbc326", "price_changes": [{"asset_id": "74266343700732382646483254292648358394115818185281230222869217194634973467405", "price": "0.05", "size": "23.99", "side": "BUY", "hash": "50912e4049d37fce719d2450f991eaf85c04482c", "best_bid": "0.05", "best_ask": "0.96"}, {"asset_id": "56243137739414292934051223651686872769341196501409769888170747116566687939265", "price": "0.95", "size": "23.99", "side": "SELL", "hash": "37b159d52f21264e24f2aa8799107bee4f8ba6e0", "best_bid": "0.04", "best_ask": "0.95"}], "timestamp": "1769384264751", "event_type": "price_change"}}
{"_local_timestamp": "2026-01-25T23:37:44.923681+00:00", "data": {"market": "0xe68ab0878746786e9cd153ffccb0c9008e5ae513a026554e314be9ed8c46fa61", "price_changes": [{"asset_id": "32016006789041242695045441838082352069531236836113316684983852680839640640628", "price": "0.05", "size": "23.99", "side": "BUY", "hash": "6eacad34232e042270a9ede9670b6425c1f0a80f", "best_bid": "0.05", "best_ask": "0.96"}, {"asset_id": "105760125308278556151496384321153215181938710964931663544953481061095113952131", "price": "0.95", "size": "23.99", "side": "SELL", "hash": "0566c159ed0d9a1c5f1f9f75d6aab643febfe221", "best_bid": "0.04", "best_ask": "0.95"}], "timestamp": "1769384264851", "event_type": "price_change"}}
{"_local_timestamp": "2026-01-25T23:37:50.027960+00:00", "data": {"market": "0x977f99eb0dcf7fb95b4619347a0ab3858f54232f7a2933d00e44a79af677ef69", "price_changes": [{"asset_id": "16721954609088603645758030001371237637656952658022160544494380414198531700594", "price": "0.04", "size": "9.95", "side": "BUY", "hash": "0c3757c4fbfec10c44c821029998ba52464bd0d0", "best_bid": "0.05", "best_ask": "0.96"}, {"asset_id": "2857622017364095354961232858932924378164142305439450303865007277036498063735", "price": "0.96", "size": "9.95", "side": "SELL", "hash": "9cc2279092ee0b3416de41ccf0b1022c7db7eddd", "best_bid": "0.04", "best_ask": "0.95"}], "timestamp": "1769384269957", "event_type": "price_change"}}
{"_local_timestamp": "2026-01-25T23:37:50.032313+00:00", "data": {"market": "0x150956f713678a05e22cfe013f1b74e6780c6d13b6fcfa1f19ddbec6c66edb01", "price_changes": [{"asset_id": "107767483100589725834095170927663373906674617608449441660949014514522532005952", "price": "0.04", "size": "0", "side": "BUY", "hash": "6d9b39559c64d3e62a8c3e9d246e82a7c345c0ce", "best_bid": "0.05", "best_ask": "0.96"}, {"asset_id": "34170561519957212002236973126752680922340446338668588102674654092692130448935", "price": "0.96", "size": "0", "side": "SELL", "hash": "4809db9f973ec28601be7ed80e4deb7a3c0359a9", "best_bid": "0.04", "best_ask": "0.95"}], "timestamp": "1769384269957", "event_type": "price_change"}}
{"_local_timestamp": "2026-01-25T23:37:50.032882+00:00", "data": {"market": "0xe68ab0878746786e9cd153ffccb0c9008e5ae513a026554e314be9ed8c46fa61", "price_changes": [{"asset_id": "32016006789041242695045441838082352069531236836113316684983852680839640640628", "price": "0.04", "size": "0", "side": "BUY", "hash": "f9213273e730f614864ad9ab00f5c97256185f86", "best_bid": "0.05", "best_ask": "0.96"}, {"asset_id": "105760125308278556151496384321153215181938710964931663544953481061095113952131", "price": "0.96", "size": "0", "side": "SELL", "hash": "0329414d0a3f6539e044b6bd3b0f242ca3d3a0f2", "best_bid": "0.04", "best_ask": "0.95"}], "timestamp": "1769384269957", "event_type": "price_change"}}
{"_local_timestamp": "2026-01-25T23:37:50.034314+00:00", "data": {"market": "0x6756e8cedba8802ec73e85495c7f35c7e8af172f411ec9bf8a35baf434916321", "price_changes": [{"asset_id": "64549685022869543427358899699309008731982476894900421505671104937837865625123", "price": "0.04", "size": "0", "side": "BUY", "hash": "c4df57b860e4a4cf915f71ef66f75e10e460c95b", "best_bid": "0.05", "best_ask": "0.96"}, {"asset_id": "64200761647591793139971002220560258609643571072544543158697323629295388420861", "price": "0.96", "size": "0", "side": "SELL", "hash": "87e213b97c12ccda9033abc6dcb30a9665df6f04", "best_bid": "0.04", "best_ask": "0.95"}], "timestamp": "1769384269957", "event_type": "price_change"}}
{"_local_timestamp": "2026-01-25T23:37:50.039657+00:00", "data": {"market": "0xe112fe5d6f761216d81182d4a58a12d7c54fc8851bcfbbc491031bb4dcdbc326", "price_changes": [{"asset_id": "74266343700732382646483254292648358394115818185281230222869217194634973467405", "price": "0.04", "size": "0", "side": "BUY", "hash": "b16d8d7bd0a7aa6274b0b688e5801a96b7601794", "best_bid": "0.05", "best_ask": "0.96"}, {"asset_id": "56243137739414292934051223651686872769341196501409769888170747116566687939265", "price": "0.96", "size": "0", "side": "SELL", "hash": "f52172f716d4bf82e77ffc33389af990a6206590", "best_bid": "0.04", "best_ask": "0.95"}], "timestamp": "1769384269957", "event_type": "price_change"}}
{"_local_timestamp": "2026-01-25T23:37:50.174359+00:00", "data": {"market": "0x150956f713678a05e22cfe013f1b74e6780c6d13b6fcfa1f19ddbec6c66edb01", "price_changes": [{"asset_id": "107767483100589725834095170927663373906674617608449441660949014514522532005952", "price": "0.06", "size": "5.47", "side": "BUY", "hash": "f2e5c55cbeb6d1b72644b26052e03205c8793857", "best_bid": "0.06", "best_ask": "0.96"}, {"asset_id": "34170561519957212002236973126752680922340446338668588102674654092692130448935", "price": "0.94", "size": "5.47", "side": "SELL", "hash": "8dc9419dfa89d926ddf27adf8a4349eae282efb0", "best_bid": "0.04", "best_ask": "0.94"}], "timestamp": "1769384270097", "event_type": "price_change"}}
{"_local_timestamp": "2026-01-25T23:37:50.175683+00:00", "data": {"market": "0x6756e8cedba8802ec73e85495c7f35c7e8af172f411ec9bf8a35baf434916321", "price_changes": [{"asset_id": "64549685022869543427358899699309008731982476894900421505671104937837865625123", "price": "0.06", "size": "5.47", "side": "BUY", "hash": "0be3fd91b3a8a048abab50d4cdfd58239f6a4eb5", "best_bid": "0.06", "best_ask": "0.96"}, {"asset_id": "64200761647591793139971002220560258609643571072544543158697323629295388420861", "price": "0.94", "size": "5.47", "side": "SELL", "hash": "481827352b770d4bbfe05064f6c63f2876266be4", "best_bid": "0.04", "best_ask": "0.94"}], "timestamp": "1769384270097", "event_type": "price_change"}}
{"_local_timestamp": "2026-01-25T23:37:50.177710+00:00", "data": {"market": "0x977f99eb0dcf7fb95b4619347a0ab3858f54232f7a2933d00e44a79af677ef69", "price_changes": [{"asset_id": "16721954609088603645758030001371237637656952658022160544494380414198531700594", "price": "0.06", "size": "5.47", "side": "BUY", "hash": "c23b8f3adbda6f1a6b54164a0fe705d98db57720", "best_bid": "0.06", "best_ask": "0.96"}, {"asset_id": "2857622017364095354961232858932924378164142305439450303865007277036498063735", "price": "0.94", "size": "5.47", "side": "SELL", "hash": "cfb70c142c2475506a8d32e2c1c15d796d184413", "best_bid": "0.04", "best_ask": "0.94"}], "timestamp": "1769384270097", "event_type": "price_change"}}
{"_local_timestamp": "2026-01-25T23:37:50.178203+00:00", "data": {"market": "0xe68ab0878746786e9cd153ffccb0c9008e5ae513a026554e314be9ed8c46fa61", "price_changes": [{"asset_id": "32016006789041242695045441838082352069531236836113316684983852680839640640628", "price": "0.06", "size": "5.47", "side": "BUY", "hash": "04023af80b6e3ea4f14af6660c97f74154a3f0df", "best_bid": "0.06", "best_ask": "0.96"}, {"asset_id": "105760125308278556151496384321153215181938710964931663544953481061095113952131", "price": "0.94", "size": "5.47", "side": "SELL", "hash": "4269eefa379b7f84e3d7a63cd99c64e0bfd2a05f", "best_bid": "0.04", "best_ask": "0.94"}], "timestamp": "1769384270097", "event_type": "price_change"}}
{"_local_timestamp": "2026-01-25T23:37:50.178606+00:00", "data": {"market": "0xe112fe5d6f761216d81182d4a58a12d7c54fc8851bcfbbc491031bb4dcdbc326", "price_changes": [{"asset_id": "74266343700732382646483254292648358394115818185281230222869217194634973467405", "price": "0.06", "size": "5.47", "side": "BUY", "hash": "985eacb228c54bea107e14b403621113c5f2e9d0", "best_bid": "0.06", "best_ask": "0.96"}, {"asset_id": "56243137739414292934051223651686872769341196501409769888170747116566687939265", "price": "0.94", "size": "5.47", "side": "SELL", "hash": "2b54936ca0ae3c7b7657b9d0fd58c8e666f6dc11", "best_bid": "0.04", "best_ask": "0.94"}], "timestamp": "1769384270097", "event_type": "price_change"}}
{"_local_timestamp": "2026-01-25T23:39:11.060701+00:00", "data": {"market": "0x6756e8cedba8802ec73e85495c7f35c7e8af172f411ec9bf8a35baf434916321", "price_changes": [{"asset_id": "64549685022869543427358899699309008731982476894900421505671104937837865625123", "price": "0.05", "size": "0", "side": "BUY", "hash": "2e52661c2d762534a18cc2dbb45a526b183ab7c6", "best_bid": "0.06", "best_ask": "0.96"}, {"asset_id": "64200761647591793139971002220560258609643571072544543158697323629295388420861", "price": "0.95", "size": "0", "side": "SELL", "hash": "b427ca96fdd2d1fddd558d1c718c1b28473f0762", "best_bid": "0.04", "best_ask": "0.94"}], "timestamp": "1769384350997", "event_type": "price_change"}}
{"_local_timestamp": "2026-01-25T23:39:11.066135+00:00", "data": {"market": "0xe112fe5d6f761216d81182d4a58a12d7c54fc8851bcfbbc491031bb4dcdbc326", "price_changes": [{"asset_id": "74266343700732382646483254292648358394115818185281230222869217194634973467405", "price": "0.05", "size": "0", "side": "BUY", "hash": "a09dd624447cf7c85e5ab6615827a9161b4fa088", "best_bid": "0.06", "best_ask": "0.96"}, {"asset_id": "56243137739414292934051223651686872769341196501409769888170747116566687939265", "price": "0.95", "size": "0", "side": "SELL", "hash": "97389ddec40cf26cb0416fc5b02139b96f6ef123", "best_bid": "0.04", "best_ask": "0.94"}], "timestamp": "1769384350997", "event_type": "price_change"}}
{"_local_timestamp": "2026-01-25T23:39:11.172276+00:00", "data": {"market": "0x150956f713678a05e22cfe013f1b74e6780c6d13b6fcfa1f19ddbec6c66edb01", "price_changes": [{"asset_id": "107767483100589725834095170927663373906674617608449441660949014514522532005952", "price": "0.05", "size": "0", "side": "BUY", "hash": "ba20af5efca1d4d43d7b34763b87f333087f7830", "best_bid": "0.06", "best_ask": "0.96"}, {"asset_id": "34170561519957212002236973126752680922340446338668588102674654092692130448935", "price": "0.95", "size": "0", "side": "SELL", "hash": "9d760db100794a7e3016554d44afe6966c1a4a2f", "best_bid": "0.04", "best_ask": "0.94"}], "timestamp": "1769384351102", "event_type": "price_change"}}
{"_local_timestamp": "2026-01-25T23:39:11.172844+00:00", "data": {"market": "0x977f99eb0dcf7fb95b4619347a0ab3858f54232f7a2933d00e44a79af677ef69", "price_changes": [{"asset_id": "16721954609088603645758030001371237637656952658022160544494380414198531700594", "price": "0.05", "size": "0", "side": "BUY", "hash": "dc41917a5d204c8e53bb393c1e0ae313b1a056c1", "best_bid": "0.06", "best_ask": "0.96"}, {"asset_id": "2857622017364095354961232858932924378164142305439450303865007277036498063735", "price": "0.95", "size": "0", "side": "SELL", "hash": "4478b054fa8a48dc802ac576649f3cf7ea293773", "best_bid": "0.04", "best_ask": "0.94"}], "timestamp": "1769384351102", "event_type": "price_change"}}
{"_local_timestamp": "2026-01-25T23:39:11.173389+00:00", "data": {"market": "0xe68ab0878746786e9cd153ffccb0c9008e5ae513a026554e314be9ed8c46fa61", "price_changes": [{"asset_id": "32016006789041242695045441838082352069531236836113316684983852680839640640628", "price": "0.05", "size": "0", "side": "BUY", "hash": "6f3abbe08f1281c5c9ec642e17c1e37d07a5be98", "best_bid": "0.06", "best_ask": "0.96"}, {"asset_id": "105760125308278556151496384321153215181938710964931663544953481061095113952131", "price": "0.95", "size": "0", "side": "SELL", "hash": "231db7b4cfc2223946df041b2514681e362b1c44", "best_bid": "0.04", "best_ask": "0.94"}], "timestamp": "1769384351102", "event_type": "price_change"}}
{"_local_timestamp": "2026-01-25T23:39:11.773556+00:00", "data": {"market": "0x5af263bce61bbe3d9b824bb9318190f009098fe0e0dfc836f1f226f458d01587", "price_changes": [{"asset_id": "47694736655600237568924559890703074959166583161732556281708754561976551010581", "price": "0.05", "size": "23.99", "side": "BUY", "hash": "c6760174ac1b4c218e6622c688c7a55eef1b4a74", "best_bid": "0.05", "best_ask": "0.96"}, {"asset_id": "32134954075915620995007431046137390372376742411296797956009092454211852486746", "price": "0.95", "size": "23.99", "side": "SELL", "hash": "f75433d391376e553469d81018a3e9c99d4b8a1e", "best_bid": "0.04", "best_ask": "0.95"}], "timestamp": "1769384351692", "event_type": "price_change"}}
{"_local_timestamp": "2026-01-25T23:39:11.868105+00:00", "data": {"market": "0xa999316ae2456bafd7e0b86b5806500c9f506ce60dff86e2f522c4123417c7bb", "price_changes": [{"asset_id": "101075348997103334596842663744540155314080355366379372464157966592036214419612", "price": "0.05", "size": "23.99", "side": "BUY", "hash": "e54058eba36455255e7290c21b25c083884871be", "best_bid": "0.05", "best_ask": "0.53"}, {"asset_id": "29073543868976398304664498319739951475218875683384868387007306220623295943070", "price": "0.95", "size": "23.99", "side": "SELL", "hash": "1ce6ca1d34015002bc4de05c906bae85ad77c76d", "best_bid": "0.47", "best_ask": "0.95"}], "timestamp": "1769384351798", "event_type": "price_change"}}
{"_local_timestamp": "2026-01-25T23:39:11.868732+00:00", "data": {"market": "0xf689cf93c379d2f90e0927c672449b5bad515bd273ed4575990f135a9be6b9ef", "price_changes": [{"asset_id": "63009109603113020153983777208748549049975995583383299325207870566246801855317", "price": "0.05", "size": "23.99", "side": "BUY", "hash": "f91530199aaf8018f0ca5d92af3ef194ec99aaa7", "best_bid": "0.05", "best_ask": "0.96"}, {"asset_id": "10922293181565890487355994235526886765599140361350560491818238853881498307893", "price": "0.95", "size": "23.99", "side": "SELL", "hash": "1fc340d767bb267ca1d7d51bd7a017083f1b2cf1", "best_bid": "0.04", "best_ask": "0.95"}], "timestamp": "1769384351798", "event_type": "price_change"}}
{"_local_timestamp": "2026-01-25T23:39:11.869193+00:00", "data": {"market": "0xb4087b44b4f704eb791711535aa8a200b86db5714631ad976b4ca6280604c448", "price_changes": [{"asset_id": "91879193903893902752096016534237535332492750419861762723991334552567963444163", "price": "0.05", "size": "23.99", "side": "BUY", "hash": "7c8b886b464abbfeb3bdc495914e29b7427762b4", "best_bid": "0.05", "best_ask": "0.96"}, {"asset_id": "21968156376313587665407181391795981825062367484536126400874648407392441121434", "price": "0.95", "size": "23.99", "side": "SELL", "hash": "34c6a42bcd1aa9b8f234009583eda19290e1874f", "best_bid": "0.04", "best_ask": "0.95"}], "timestamp": "1769384351798", "event_type": "price_change"}}
{"_local_timestamp": "2026-01-25T23:39:15.153675+00:00", "data": {"market": "0xb4087b44b4f704eb791711535aa8a200b86db5714631ad976b4ca6280604c448", "price_changes": [{"asset_id": "91879193903893902752096016534237535332492750419861762723991334552567963444163", "price": "0.04", "size": "0", "side": "BUY", "hash": "f074e127737576cdab739cb579da3a7fbf6f7a42", "best_bid": "0.05", "best_ask": "0.96"}, {"asset_id": "21968156376313587665407181391795981825062367484536126400874648407392441121434", "price": "0.96", "size": "0", "side": "SELL", "hash": "45466f41a0a6d4205d740e637b21f7474ef3a119", "best_bid": "0.04", "best_ask": "0.95"}], "timestamp": "1769384355032", "event_type": "price_change"}}
{"_local_timestamp": "2026-01-25T23:39:15.154331+00:00", "data": {"market": "0x6756e8cedba8802ec73e85495c7f35c7e8af172f411ec9bf8a35baf434916321", "price_changes": [{"asset_id": "64549685022869543427358899699309008731982476894900421505671104937837865625123", "price": "0.06", "size": "0", "side": "BUY", "hash": "5e971c8fc1a097d9bc4192e40b471a7e6b82c510", "best_bid": "0.03", "best_ask": "0.96"}, {"asset_id": "64200761647591793139971002220560258609643571072544543158697323629295388420861", "price": "0.94", "size": "0", "side": "SELL", "hash": "fc3b75e649a511bc76691a0a95b4542c2bbb5365", "best_bid": "0.04", "best_ask": "0.97"}], "timestamp": "1769384355032", "event_type": "price_change"}}
{"_local_timestamp": "2026-01-25T23:39:15.154805+00:00", "data": {"market": "0x5af263bce61bbe3d9b824bb9318190f009098fe0e0dfc836f1f226f458d01587", "price_changes": [{"asset_id": "47694736655600237568924559890703074959166583161732556281708754561976551010581", "price": "0.04", "size": "0", "side": "BUY", "hash": "aa7e5ae8adff12821e0810e711ca93b65329817e", "best_bid": "0.05", "best_ask": "0.96"}, {"asset_id": "32134954075915620995007431046137390372376742411296797956009092454211852486746", "price": "0.96", "size": "0", "side": "SELL", "hash": "cc1b10813500a808ae2268c738552d4b34879a69", "best_bid": "0.04", "best_ask": "0.95"}], "timestamp": "1769384355032", "event_type": "price_change"}}
{"_local_timestamp": "2026-01-25T23:39:15.159554+00:00", "data": {"market": "0xa999316ae2456bafd7e0b86b5806500c9f506ce60dff86e2f522c4123417c7bb", "price_changes": [{"asset_id": "101075348997103334596842663744540155314080355366379372464157966592036214419612", "price": "0.04", "size": "0", "side": "BUY", "hash": "2e2b833d3b111baaae04ea5921197e7cb72d088e", "best_bid": "0.05", "best_ask": "0.53"}, {"asset_id": "29073543868976398304664498319739951475218875683384868387007306220623295943070", "price": "0.96", "size": "0", "side": "SELL", "hash": "4b900b9dd22bbb210ec029c3afe8dd118195232c", "best_bid": "0.47", "best_ask": "0.95"}], "timestamp": "1769384355032", "event_type": "price_change"}}
{"_local_timestamp": "2026-01-25T23:39:15.160174+00:00", "data": {"market": "0xe112fe5d6f761216d81182d4a58a12d7c54fc8851bcfbbc491031bb4dcdbc326", "price_changes": [{"asset_id": "74266343700732382646483254292648358394115818185281230222869217194634973467405", "price": "0.06", "size": "0", "side": "BUY", "hash": "ec38227c051c28e51b6964f5b4b3b7cdfdb4567b", "best_bid": "0.03", "best_ask": "0.96"}, {"asset_id": "56243137739414292934051223651686872769341196501409769888170747116566687939265", "price": "0.94", "size": "0", "side": "SELL", "hash": "011572c9131b66ed0c21afee91a0a7dfb2271aed", "best_bid": "0.04", "best_ask": "0.97"}], "timestamp": "1769384355032", "event_type": "price_change"}}
{"_local_timestamp": "2026-01-25T23:39:15.160636+00:00", "data": {"market": "0x150956f713678a05e22cfe013f1b74e6780c6d13b6fcfa1f19ddbec6c66edb01", "price_changes": [{"asset_id": "107767483100589725834095170927663373906674617608449441660949014514522532005952", "price": "0.06", "size": "0", "side": "BUY", "hash": "d6f12c6a79efe28e5a68c66cd09bcbca5a75f3b4", "best_bid": "0.03", "best_ask": "0.96"}, {"asset_id": "34170561519957212002236973126752680922340446338668588102674654092692130448935", "price": "0.94", "size": "0", "side": "SELL", "hash": "bbaa3263a44d2e3c998b8ecf9f3d5206d520a2f6", "best_bid": "0.04", "best_ask": "0.97"}], "timestamp": "1769384355032", "event_type": "price_change"}}
{"_local_timestamp": "2026-01-25T23:39:15.161115+00:00", "data": {"market": "0xf689cf93c379d2f90e0927c672449b5bad515bd273ed4575990f135a9be6b9ef", "price_changes": [{"asset_id": "63009109603113020153983777208748549049975995583383299325207870566246801855317", "price": "0.04", "size": "0", "side": "BUY", "hash": "76cb35f23b5534e8697b457cdf02ff1ec52a8e56", "best_bid": "0.05", "best_ask": "0.96"}, {"asset_id": "10922293181565890487355994235526886765599140361350560491818238853881498307893", "price": "0.96", "size": "0", "side": "SELL", "hash": "6d1c52dd0d276522ff5de85568e6b090e7699cce", "best_bid": "0.04", "best_ask": "0.95"}], "timestamp": "1769384355032", "event_type": "price_change"}}
{"_local_timestamp": "2026-01-25T23:39:15.162260+00:00", "data": {"market": "0xe68ab0878746786e9cd153ffccb0c9008e5ae513a026554e314be9ed8c46fa61", "price_changes": [{"asset_id": "32016006789041242695045441838082352069531236836113316684983852680839640640628", "price": "0.06", "size": "0", "side": "BUY", "hash": "509058d10d3e86a9558aa54f54d80696b5e00ac9", "best_bid": "0.03", "best_ask": "0.96"}, {"asset_id": "105760125308278556151496384321153215181938710964931663544953481061095113952131", "price": "0.94", "size": "0", "side": "SELL", "hash": "af4773791010c34b0cbc01bd623b166030f15d8f", "best_bid": "0.04", "best_ask": "0.97"}], "timestamp": "1769384355032", "event_type": "price_change"}}
{"_local_timestamp": "2026-01-25T23:39:15.162739+00:00", "data": {"market": "0x977f99eb0dcf7fb95b4619347a0ab3858f54232f7a2933d00e44a79af677ef69", "price_changes": [{"asset_id": "16721954609088603645758030001371237637656952658022160544494380414198531700594", "price": "0.06", "size": "0", "side": "BUY", "hash": "bd7a7622d2d70655b9dae3ad9df7794f0d5a1ffa", "best_bid": "0.04", "best_ask": "0.96"}, {"asset_id": "2857622017364095354961232858932924378164142305439450303865007277036498063735", "price": "0.94", "size": "0", "side": "SELL", "hash": "a740c32f2673ded5c801e21a5ae63bd65ead1b97", "best_bid": "0.04", "best_ask": "0.96"}], "timestamp": "1769384355033", "event_type": "price_change"}}
{"_local_timestamp": "2026-01-25T23:39:15.390911+00:00", "data": {"market": "0xf689cf93c379d2f90e0927c672449b5bad515bd273ed4575990f135a9be6b9ef", "price_changes": [{"asset_id": "63009109603113020153983777208748549049975995583383299325207870566246801855317", "price": "0.06", "size": "5.47", "side": "BUY", "hash": "a662a2e1f3ead243a8cc33a31a8b3c368d439d31", "best_bid": "0.06", "best_ask": "0.96"}, {"asset_id": "10922293181565890487355994235526886765599140361350560491818238853881498307893", "price": "0.94", "size": "5.47", "side": "SELL", "hash": "64b4bb64319ea14d56932f72b0e5f6ea91aaa38d", "best_bid": "0.04", "best_ask": "0.94"}], "timestamp": "1769384355316", "event_type": "price_change"}}
{"_local_timestamp": "2026-01-25T23:39:15.391442+00:00", "data": {"market": "0xe68ab0878746786e9cd153ffccb0c9008e5ae513a026554e314be9ed8c46fa61", "price_changes": [{"asset_id": "32016006789041242695045441838082352069531236836113316684983852680839640640628", "price": "0.04", "size": "5.47", "side": "BUY", "hash": "89952d7163d82eef68eece422944321d258a4c55", "best_bid": "0.04", "best_ask": "0.96"}, {"asset_id": "105760125308278556151496384321153215181938710964931663544953481061095113952131", "price": "0.96", "size": "5.47", "side": "SELL", "hash": "edb1cdb83c11b7b2bc27f3b2e5ed2dafd86ed7a2", "best_bid": "0.04", "best_ask": "0.96"}], "timestamp": "1769384355316", "event_type": "price_change"}}
{"_local_timestamp": "2026-01-25T23:39:15.391910+00:00", "data": {"market": "0xa999316ae2456bafd7e0b86b5806500c9f506ce60dff86e2f522c4123417c7bb", "price_changes": [{"asset_id": "101075348997103334596842663744540155314080355366379372464157966592036214419612", "price": "0.06", "size": "5.47", "side": "BUY", "hash": "e69734f7cb1d02ab7a3d046822660d3cc5e1f864", "best_bid": "0.06", "best_ask": "0.53"}, {"asset_id": "29073543868976398304664498319739951475218875683384868387007306220623295943070", "price": "0.94", "size": "5.47", "side": "SELL", "hash": "9d3d068d0e1695590e7c7763415fcabc7faf3508", "best_bid": "0.47", "best_ask": "0.94"}], "timestamp": "1769384355316", "event_type": "price_change"}}
{"_local_timestamp": "2026-01-25T23:39:15.392375+00:00", "data": {"market": "0xe112fe5d6f761216d81182d4a58a12d7c54fc8851bcfbbc491031bb4dcdbc326", "price_changes": [{"asset_id": "74266343700732382646483254292648358394115818185281230222869217194634973467405", "price": "0.04", "size": "5.47", "side": "BUY", "hash": "cf97af5098993dd19ce50979da51f3131a740ad6", "best_bid": "0.04", "best_ask": "0.96"}, {"asset_id": "56243137739414292934051223651686872769341196501409769888170747116566687939265", "price": "0.96", "size": "5.47", "side": "SELL", "hash": "43caff623782caba855606cfdf330d366dcf4014", "best_bid": "0.04", "best_ask": "0.96"}], "timestamp": "1769384355316", "event_type": "price_change"}}
{"_local_timestamp": "2026-01-25T23:39:15.392830+00:00", "data": {"market": "0x150956f713678a05e22cfe013f1b74e6780c6d13b6fcfa1f19ddbec6c66edb01", "price_changes": [{"asset_id": "107767483100589725834095170927663373906674617608449441660949014514522532005952", "price": "0.04", "size": "5.47", "side": "BUY", "hash": "c762f110f5d92d9b730edc819a3ecfe4d53ce766", "best_bid": "0.04", "best_ask": "0.96"}, {"asset_id": "34170561519957212002236973126752680922340446338668588102674654092692130448935", "price": "0.96", "size": "5.47", "side": "SELL", "hash": "daba58a42071adff5d2e0b660d47aee6211092ea", "best_bid": "0.04", "best_ask": "0.96"}], "timestamp": "1769384355316", "event_type": "price_change"}}
{"_local_timestamp": "2026-01-25T23:39:15.393286+00:00", "data": {"market": "0x6756e8cedba8802ec73e85495c7f35c7e8af172f411ec9bf8a35baf434916321", "price_changes": [{"asset_id": "64549685022869543427358899699309008731982476894900421505671104937837865625123", "price": "0.04", "size": "5.47", "side": "BUY", "hash": "4eb5b2465976fbd418f7da128c61027cbd4f987d", "best_bid": "0.04", "best_ask": "0.96"}, {"asset_id": "64200761647591793139971002220560258609643571072544543158697323629295388420861", "price": "0.96", "size": "5.47", "side": "SELL", "hash": "6aa4d6fcb4995a1d7fbed325d8518988234632b0", "best_bid": "0.04", "best_ask": "0.96"}], "timestamp": "1769384355316", "event_type": "price_change"}}
{"_local_timestamp": "2026-01-25T23:39:15.393756+00:00", "data": {"market": "0x977f99eb0dcf7fb95b4619347a0ab3858f54232f7a2933d00e44a79af677ef69", "price_changes": [{"asset_id": "16721954609088603645758030001371237637656952658022160544494380414198531700594", "price": "0.05", "size": "5.47", "side": "BUY", "hash": "17a698e0288a0a69718e4f278ddf3b02fa089af3", "best_bid": "0.05", "best_ask": "0.96"}, {"asset_id": "2857622017364095354961232858932924378164142305439450303865007277036498063735", "price": "0.95", "size": "5.47", "side": "SELL", "hash": "458fe1001c339576f205242c2883360fd7a736a8", "best_bid": "0.04", "best_ask": "0.95"}], "timestamp": "1769384355316", "event_type": "price_change"}}
{"_local_timestamp": "2026-01-25T23:39:15.394226+00:00", "data": {"market": "0x5af263bce61bbe3d9b824bb9318190f009098fe0e0dfc836f1f226f458d01587", "price_changes": [{"asset_id": "47694736655600237568924559890703074959166583161732556281708754561976551010581", "price": "0.06", "size": "5.47", "side": "BUY", "hash": "ed421d7129e3e149795e4a2035687877d029b85d", "best_bid": "0.06", "best_ask": "0.96"}, {"asset_id": "32134954075915620995007431046137390372376742411296797956009092454211852486746", "price": "0.94", "size": "5.47", "side": "SELL", "hash": "5bd4530a0746c0eec50f49421dc4e4d8c4c583cc", "best_bid": "0.04", "best_ask": "0.94"}], "timestamp": "1769384355316", "event_type": "price_change"}}
{"_local_timestamp": "2026-01-25T23:39:15.424209+00:00", "data": {"market": "0xb4087b44b4f704eb791711535aa8a200b86db5714631ad976b4ca6280604c448", "price_changes": [{"asset_id": "91879193903893902752096016534237535332492750419861762723991334552567963444163", "price": "0.06", "size": "5.47", "side": "BUY", "hash": "7bf808db6e2d26579aefe5d19f3a6d8d04d0fe0f", "best_bid": "0.06", "best_ask": "0.96"}, {"asset_id": "21968156376313587665407181391795981825062367484536126400874648407392441121434", "price": "0.94", "size": "5.47", "side": "SELL", "hash": "2fa2567c0bf3860c9dc5a2bb0ea9436425b7fc4a", "best_bid": "0.04", "best_ask": "0.94"}], "timestamp": "1769384355353", "event_type": "price_change"}}
