{"_local_timestamp": "2026-01-25T23:34:26.364534+00:00", "data": [{"market": "0x6132c47da10f93a30dbc3b307c210d036d6116cdeb72c2f8bc37fd6efd212586", "asset_id": "83544266043695473251303214195304088068957122908171471589876011363272414981083", "timestamp": "1769384064303", "hash": "47050bbc5347d15dce310662f7f9314ae8e2707c", "bids": [{"price": "0.01", "size": "1185.42"}, {"price": "0.02", "size": "47.28"}, {"price": "0.47", "size": "500"}], "asks": [{"price": "0.99", "size": "1185.42"}, {"price": "0.98", "size": "47.29"}, {"price": "0.57", "size": "500"}], "event_type": "book", "last_trade_price": ""}, {"market": "0x681d91167aa5dbecca244d866506b9f6876906ee80a034da1ac03a5745294c0a", "asset_id": "81446309302107749438558369128493188519037680806695448015436535213946831331814", "timestamp": "1769384064288", "hash": "33aad4fcf184a4b4e83d5669aa895b18caf91c17", "bids": [{"price": "0.01", "size": "1085.09"}, {"price": "0.02", "size": "47.45"}, {"price": "0.62", "size": "500"}], "asks": [{"price": "0.99", "size": "96.02"}, {"price": "0.98", "size": "41.98"}, {"price": "0.73", "size": "500"}], "event_type": "book", "last_trade_price": ""}, {"market": "0xae2d02c1ca101caf6f5f8ae59ad97a6158f507ca52042494ac9653ade89f4d0c", "asset_id": "75763730805914440911766720072829460763305133745121291851903497101133208859000", "timestamp": "1769384064283", "hash": "98ff3bbfc5cec612d305b136fc036c96e40ab9fd", "bids": [{"price": "0.01", "size": "1185.42"}, {"price": "0.02", "size": "47.29"}, {"price": "0.43", "size": "500"}], "asks": [{"price": "0.99", "size": "1185.42"}, {"price": "0.98", "size": "47.28"}, {"price": "0.53", "size": "500"}], "event_type": "book", "last_trade_price": ""}, {"market": "0x681d91167aa5dbecca244d866506b9f6876906ee80a034da1ac03a5745294c0a", "asset_id": "108471331072939768710054276838314611653340264768056670650442094912587956105012", "timestamp": "1769384064288", "hash": "d1e1d36f855c76bd26a4e584024df8786c0f6b9e", "bids": [{"price": "0.01", "size": "96.02"}, {"price": "0.02", "size": "41.98"}, {"price": "0.27", "size": "500"}], "asks": [{"price": "0.99", "size": "1085.09"}, {"price": "0.98", "size": "47.45"}, {"price": "0.38", "size": "500"}], "event_type": "book", "last_trade_price": ""}, {"market": "0x6132c47da10f93a30dbc3b307c210d036d6116cdeb72c2f8bc37fd6efd212586", "asset_id": "12634122863904626157099029375964558776768249526911814556524280576441354096916", "timestamp": "1769384064303", "hash": "4f7de84245ce171b912fda00cb73340b19a06c38", "bids": [{"price": "0.01", "size": "1185.42"}, {"price": "0.02", "size": "47.29"}, {"price": "0.43", "size": "500"}], "asks": [{"price": "0.99", "size": "1185.42"}, {"price": "0.98", "size": "47.28"}, {"price": "0.53", "size": "500"}], "event_type": "book", "last_trade_price": ""}, {"market": "0xd937541a22ebbebc695947a7e600613210b9679582185a023ff7009d5ef0dda0", "asset_id": "6490500590111358559206234553869129242367330680208966731277313173515468107612", "timestamp": "1769384064290", "hash": "4ef3644c6e4023b524c227c54999381df3d8746a", "bids": [{"price": "0.01", "size": "1138.33"}, {"price": "0.02", "size": "47.33"}, {"price": "0.48", "size": "500"}], "asks": [{"price": "0.99", "size": "1138.52"}, {"price": "0.98", "size": "47.23"}, {"price": "0.58", "size": "500"}], "event_type": "book", "last_trade_price": ""}, {"market": "0x56019fd78edae7806a5ea660d61223f3994de370f66b24ec58712f276404205c", "asset_id": "70283652358977390828689462290111834858371137796101992925361459845890736745376", "timestamp": "1769384064291", "hash": "530c503c2402241aa90638759b8023a024c1016a", "bids": [{"price": "0.01", "size": "2790.57"}, {"price": "0.02", "size": "2100"}, {"price": "0.03", "size": "8.68"}, {"price": "0.05", "size": "1800"}, {"price": "0.08", "size": "500"}, {"price": "0.09", "size": "7.03"}, {"price": "0.14", "size": "650"}, {"price": "0.44", "size": "50"}, {"price": "0.45", "size": "50"}, {"price": "0.48", "size": "1050"}], "asks": [{"price": "0.99", "size": "2390.57"}, {"price": "0.98", "size": "1800"}, {"price": "0.97", "size": "8.68"}, {"price": "0.95", "size": "1500"}, {"price": "0.92", "size": "700"}, {"price": "0.91", "size": "7.03"}, {"price": "0.72", "size": "10"}, {"price": "0.71", "size": "50"}, {"price": "0.58", "size": "162"}], "event_type": "book", "last_trade_price": "0.420"}, {"market": "0xd937541a22ebbebc695947a7e600613210b9679582185a023ff7009d5ef0dda0", "asset_id": "54331151815162996088474742112723970949875102750506595493023822280918723883190", "timestamp": "1769384064290", "hash": "02d45b6982f9a173aeb17fcc8c83599f0388f844", "bids": [{"price": "0.01", "size": "1138.52"}, {"price": "0.02", "size": "47.23"}, {"price": "0.42", "size": "500"}], "asks": [{"price": "0.99", "size": "1138.33"}, {"price": "0.98", "size": "47.33"}, {"price": "0.52", "size": "500"}], "event_type": "book", "last_trade_price": ""}, {"market": "0x56019fd78edae7806a5ea660d61223f3994de370f66b24ec58712f276404205c", "asset_id": "82206017482043607344860852580269267078560173637288739862624003683058670485572", "timestamp": "1769384064291", "hash": "09aa1ceaba19ef2ee021be8b605090cc18b48664", "bids": [{"price": "0.01", "size": "2390.57"}, {"price": "0.02", "size": "1800"}, {"price": "0.03", "size": "8.68"}, {"price": "0.05", "size": "1500"}, {"price": "0.08", "size": "700"}, {"price": "0.09", "size": "7.03"}, {"price": "0.28", "size": "10"}, {"price": "0.29", "size": "50"}, {"price": "0.42", "size": "162"}], "asks": [{"price": "0.99", "size": "2790.57"}, {"price": "0.98", "size": "2100"}, {"price": "0.97", "size": "8.68"}, {"price": "0.95", "size": "1800"}, {"price": "0.92", "size": "500"}, {"price": "0.91", "size": "7.03"}, {"price": "0.86", "size": "650"}, {"price": "0.56", "size": "50"}, {"price": "0.55", "size": "50"}, {"price": "0.52", "size": "1050"}], "event_type": "book", "last_trade_price": "0.420"}, {"market": "0xae2d02c1ca101caf6f5f8ae59ad97a6158f507ca52042494ac9653ade89f4d0c", "asset_id": "75245578393760057859820759993913902407713743460620017064335802794967484299481", "timestamp": "1769384064283", "hash": "255144619422d9e2b232a8723a5d636242cf5325", "bids": [{"price": "0.01", "size": "1185.42"}, {"price": "0.02", "size": "47.28"}, {"price": "0.47", "size": "500"}], "asks": [{"price": "0.99", "size": "1185.42"}, {"price": "0.98", "size": "47.29"}, {"price": "0.57", "size": "500"}], "event_type": "book", "last_trade_price": ""}]}
{"_local_timestamp": "2026-01-25T23:36:24.080362+00:00", "data": {"market": "0x56019fd78edae7806a5ea660d61223f3994de370f66b24ec58712f276404205c", "price_changes": [{"asset_id": "70283652358977390828689462290111834858371137796101992925361459845890736745376", "price": "0.48", "size": "50", "side": "BUY", "hash": "34f696def0f1df1b45ebb8bf6f65a1b1d7450f74", "best_bid": "0.48", "best_ask": "0.58"}, {"asset_id": "82206017482043607344860852580269267078560173637288739862624003683058670485572", "price": "0.52", "size": "50", "side": "SELL", "hash": "20a96a0cdb21f248f1226c291636314842d6478b", "best_bid": "0.42", "best_ask": "0.52"}], "timestamp": "1769384184001", "event_type": "price_change"}}
{"_local_timestamp": "2026-01-25T23:36:24.081087+00:00", "data": {"market": "0xae2d02c1ca101caf6f5f8ae59ad97a6158f507ca52042494ac9653ade89f4d0c", "price_changes": [{"asset_id": "75245578393760057859820759993913902407713743460620017064335802794967484299481", "price": "0.47", "size": "0", "side": "BUY", "hash": "2bfbe57d5e65ce9338d32922e9fd2542b347e66d", "best_bid": "0.02", "best_ask": "0.57"}, {"asset_id": "75763730805914440911766720072829460763305133745121291851903497101133208859000", "price": "0.53", "size": "0", "side": "SELL", "hash": "370e3d8ab049bb93650b1d25a3646d83d5e0c6c3", "best_bid": "0.43", "best_ask": "0.98"}], "timestamp": "1769384184003", "event_type": "price_change"}}
{"_local_timestamp": "2026-01-25T23:36:24.082133+00:00", "data": {"market": "0xd937541a22ebbebc695947a7e600613210b9679582185a023ff7009d5ef0dda0", "price_changes": [{"asset_id": "6490500590111358559206234553869129242367330680208966731277313173515468107612", "price": "0.48", "size": "0", "side": "BUY", "hash": "6e22aecee5e4b73e21e7c07c967d47c7decd8ce7", "best_bid": "0.02", "best_ask": "0.58"}, {"asset_id": "54331151815162996088474742112723970949875102750506595493023822280918723883190", "price": "0.52", "size": "0", "side": "SELL", "hash": "604f387ebded9da2687936cec872e67a0185d65c", "best_bid": "0.42", "best_ask": "0.98"}], "timestamp": "1769384184003", "event_type": "price_change"}}
{"_local_timestamp": "2026-01-25T23:36:24.089590+00:00", "data": {"market": "0x56019fd78edae7806a5ea660d61223f3994de370f66b24ec58712f276404205c", "price_changes": [{"asset_id": "82206017482043607344860852580269267078560173637288739862624003683058670485572", "price": "0.42", "size": "0", "side": "BUY", "hash": "fcea20384a817c33b49e2fbc862eed459cc57681", "best_bid": "0.29", "best_ask": "0.52"}, {"asset_id": "70283652358977390828689462290111834858371137796101992925361459845890736745376", "price": "0.58", "size": "0", "side": "SELL", "hash": "88a23d9b388689b7042dd0865aee7e267bfcd07c", "best_bid": "0.48", "best_ask": "0.71"}], "timestamp": "1769384184003", "event_type": "price_change"}}
{"_local_timestamp": "2026-01-25T23:36:24.099259+00:00", "data": {"market": "0x681d91167aa5dbecca244d866506b9f6876906ee80a034da1ac03a5745294c0a", "price_changes": [{"asset_id": "81446309302107749438558369128493188519037680806695448015436535213946831331814", "price": "0.62", "size": "0", "side": "BUY", "hash": "ec0b62a581ea228f1c3212485b60d1f094dfcdb1", "best_bid": "0.02", "best_ask": "0.73"}, {"asset_id": "108471331072939768710054276838314611653340264768056670650442094912587956105012", "price": "0.38", "size": "0", "side": "SELL", "hash": "2b1c300e29cb5b37e3135a6e6cab7fec41e74824", "best_bid": "0.27", "best_ask": "0.98"}], "timestamp": "1769384184003", "event_type": "price_change"}}
{"_local_timestamp": "2026-01-25T23:36:24.099629+00:00", "data": {"market": "0x681d91167aa5dbecca244d866506b9f6876906ee80a034da1ac03a5745294c0a", "price_changes": [{"asset_id": "108471331072939768710054276838314611653340264768056670650442094912587956105012", "price": "0.27", "size": "0", "side": "BUY", "hash": "c8154a3ebab9c66b37a0f5d75aeb9542c8804adf", "best_bid": "0.02", "best_ask": "0.98"}, {"asset_id": "81446309302107749438558369128493188519037680806695448015436535213946831331814", "price": "0.73", "size": "0", "side": "SELL", "hash": "c8c8ef7752271c7ad1d5bf3831eebbd118c67e1a", "best_bid": "0.02", "best_ask": "0.98"}], "timestamp": "1769384184005", "event_type": "price_change"}}
{"_local_timestamp": "2026-01-25T23:36:24.102083+00:00", "data": {"market": "0x6132c47da10f93a30dbc3b307c210d036d6116cdeb72c2f8bc37fd6efd212586", "price_changes": [{"asset_id": "83544266043695473251303214195304088068957122908171471589876011363272414981083", "price": "0.47", "size": "0", "side": "BUY", "hash": "704da59b69be61ea011922a1139f78820e33f72e", "best_bid": "0.02", "best_ask": "0.57"}, {"asset_id": "12634122863904626157099029375964558776768249526911814556524280576441354096916", "price": "0.53", "size": "0", "side": "SELL", "hash": "d8ed1dc40fcddf133d263d06a6b5fb8176d32ed0", "best_bid": "0.43", "best_ask": "0.98"}], "timestamp": "1769384184005", "event_type": "price_change"}}
{"_local_timestamp": "2026-01-25T23:36:24.113713+00:00", "data": {"market": "0x6132c47da10f93a30dbc3b307c210d036d6116cdeb72c2f8bc37fd6efd212586", "price_changes": [{"asset_id": "12634122863904626157099029375964558776768249526911814556524280576441354096916", "price": "0.43", "size": "0", "side": "BUY", "hash": "bb63c69cab1a02974e0334e0541b1ba4adf46e2a", "best_bid": "0.02", "best_ask": "0.98"}, {"asset_id": "83544266043695473251303214195304088068957122908171471589876011363272414981083", "price": "0.57", "size": "0", "side": "SELL", "hash": "5bf2ab4e9b951acec77a9b4948fbb50c830ef3d8", "best_bid": "0.02", "best_ask": "0.98"}], "timestamp": "1769384184006", "event_type": "price_change"}}
{"_local_timestamp": "2026-01-25T23:36:24.121904+00:00", "data": {"market": "0xd937541a22ebbebc695947a7e600613210b9679582185a023ff7009d5ef0dda0", "price_changes": [{"asset_id": "54331151815162996088474742112723970949875102750506595493023822280918723883190", "price": "0.42", "size": "0", "side": "BUY", "hash": "25a79f6d2fa507f761bf7e9cd4ec41af37b487e8", "best_bid": "0.02", "best_ask": "0.98"}, {"asset_id": "6490500590111358559206234553869129242367330680208966731277313173515468107612", "price": "0.58", "size": "0", "side": "SELL", "hash": "e53bbe88af267930986ccb3daa1ee74a324f9f51", "best_bid": "0.02", "best_ask": "0.98"}], "timestamp": "1769384184007", "event_type": "price_change"}}
{"_local_timestamp": "2026-01-25T23:36:24.122282+00:00", "data": {"market": "0xae2d02c1ca101caf6f5f8ae59ad97a6158f507ca52042494ac9653ade89f4d0c", "price_changes": [{"asset_id": "75763730805914440911766720072829460763305133745121291851903497101133208859000", "price": "0.43", "size": "0", "side": "BUY", "hash": "480a8190aa0ba7995c809e43209b1b58f621bd4b", "best_bid": "0.02", "best_ask": "0.98"}, {"asset_id": "75245578393760057859820759993913902407713743460620017064335802794967484299481", "price": "0.57", "size": "0", "side": "SELL", "hash": "e280f712adf85debfe474ac4b8d9fed7649b5bc8", "best_bid": "0.02", "best_ask": "0.98"}], "timestamp": "1769384184008", "event_type": "price_change"}}
{"_local_timestamp": "2026-01-25T23:36:24.869421+00:00", "data": {"market": "0x681d91167aa5dbecca244d866506b9f6876906ee80a034da1ac03a5745294c0a", "price_changes": [{"asset_id": "108471331072939768710054276838314611653340264768056670650442094912587956105012", "price": "0.27", "size": "500", "side": "BUY", "hash": "413fc60c35cb648a80893caa5d5e732c56fe9bf8", "best_bid": "0.27", "best_ask": "0.98"}, {"asset_id": "81446309302107749438558369128493188519037680806695448015436535213946831331814", "price": "0.73", "size": "500", "side": "SELL", "hash": "cbf656a45c70191db6436a76bc373cf88fb8e3b3", "best_bid": "0.02", "best_ask": "0.73"}], "timestamp": "1769384184786", "event_type": "price_change"}}
{"_local_timestamp": "2026-01-25T23:36:24.869977+00:00", "data": {"market": "0xd937541a22ebbebc695947a7e600613210b9679582185a023ff7009d5ef0dda0", "price_changes": [{"asset_id": "6490500590111358559206234553869129242367330680208966731277313173515468107612", "price": "0.48", "size": "500", "side": "BUY", "hash": "7f3022bde2f623ee14b0183cccd1204f95494463", "best_bid": "0.48", "best_ask": "0.98"}, {"asset_id": "54331151815162996088474742112723970949875102750506595493023822280918723883190", "price": "0.52", "size": "500", "side": "SELL", "hash": "f10b0e8865bc263103b1fdd9123810d2a212e44e", "best_bid": "0.02", "best_ask": "0.52"}], "timestamp": "1769384184786", "event_type": "price_change"}}
{"_local_timestamp": "2026-01-25T23:36:24.870375+00:00", "data": {"market": "0x6132c47da10f93a30dbc3b307c210d036d6116cdeb72c2f8bc37fd6efd212586", "price_changes": [{"asset_id": "12634122863904626157099029375964558776768249526911814556524280576441354096916", "price": "0.43", "size": "500", "side": "BUY", "hash": "508ad2aacc9aa22f82f817954207eac097f2b777", "best_bid": "0.43", "best_ask": "0.98"}, {"asset_id": "83544266043695473251303214195304088068957122908171471589876011363272414981083", "price": "0.57", "size": "500", "side": "SELL", "hash": "16604525e30a80f3acf8f3d2df1cdec02e5c6567", "best_bid": "0.02", "best_ask": "0.57"}], "timestamp": "1769384184787", "event_type": "price_change"}}
{"_local_timestamp": "2026-01-25T23:36:24.870753+00:00", "data": {"market": "0x56019fd78edae7806a5ea660d61223f3994de370f66b24ec58712f276404205c", "price_changes": [{"asset_id": "82206017482043607344860852580269267078560173637288739862624003683058670485572", "price": "0.42", "size": "162", "side": "BUY", "hash": "88ea7728456715434891f72eb1aef62db3193dbf", "best_bid": "0.42", "best_ask": "0.52"}, {"asset_id": "70283652358977390828689462290111834858371137796101992925361459845890736745376", "price": "0.58", "size": "162", "side": "SELL", "hash": "d86d18dcfd589d58d6d6176840c4f1556edb7763", "best_bid": "0.48", "best_ask": "0.58"}], "timestamp": "1769384184787", "event_type": "price_change"}}
{"_local_timestamp": "2026-01-25T23:36:24.871129+00:00", "data": {"market": "0xd937541a22ebbebc695947a7e600613210b9679582185a023ff7009d5ef0dda0", "price_changes": [{"asset_id": "54331151815162996088474742112723970949875102750506595493023822280918723883190", "price": "0.42", "size": "500", "side": "BUY", "hash": "f0a3fec10622e69454cd6f534fa15b39357fa518", "best_bid": "0.42", "best_ask": "0.52"}, {"asset_id": "6490500590111358559206234553869129242367330680208966731277313173515468107612", "price": "0.58", "size": "500", "side": "SELL", "hash": "f0e6354597879f108b3934eb88aff4a07e8f8af6", "best_bid": "0.48", "best_ask": "0.58"}], "timestamp": "1769384184787", "event_type": "price_change"}}
{"_local_timestamp": "2026-01-25T23:36:24.871494+00:00", "data": {"market": "0xae2d02c1ca101caf6f5f8ae59ad97a6158f507ca52042494ac9653ade89f4d0c", "price_changes": [{"asset_id": "75245578393760057859820759993913902407713743460620017064335802794967484299481", "price": "0.47", "size": "500", "side": "BUY", "hash": "40a9229bf009872611fc88512f538d7af181e59e", "best_bid": "0.47", "best_ask": "0.98"}, {"asset_id": "75763730805914440911766720072829460763305133745121291851903497101133208859000", "price": "0.53", "size": "500", "side": "SELL", "hash": "4c335779ab1302d3715339e2489c230631d697e3", "best_bid": "0.02", "best_ask": "0.53"}], "timestamp": "1769384184788", "event_type": "price_change"}}
{"_local_timestamp": "2026-01-25T23:36:24.871785+00:00", "data": {"market": "0x681d91167aa5dbecca244d866506b9f6876906ee80a034da1ac03a5745294c0a", "price_changes": [{"asset_id": "81446309302107749438558369128493188519037680806695448015436535213946831331814", "price": "0.62", "size": "500", "side": "BUY", "hash": "41b01320b5e40bc6d6d2794b9036eddfd40ae198", "best_bid": "0.62", "best_ask": "0.73"}, {"asset_id": "108471331072939768710054276838314611653340264768056670650442094912587956105012", "price": "0.38", "size": "500", "side": "SELL", "hash": "01fc89a4caadeeffa3bf9dba7f0cf9ca223e9673", "best_bid": "0.27", "best_ask": "0.38"}], "timestamp": "1769384184788", "event_type": "price_change"}}
{"_local_timestamp": "2026-01-25T23:36:24.872065+00:00", "data": {"market": "0xae2d02c1ca101caf6f5f8ae59ad97a6158f507ca52042494ac9653ade89f4d0c", "price_changes": [{"asset_id": "75763730805914440911766720072829460763305133745121291851903497101133208859000", "price": "0.43", "size": "500", "side": "BUY", "hash": "b4027f7b53a19fdb1fc958b1dd78af88727a2830", "best_bid": "0.43", "best_ask": "0.53"}, {"asset_id": "75245578393760057859820759993913902407713743460620017064335802794967484299481", "price": "0.57", "size": "500", "side": "SELL", "hash": "4560eddf5e0f0e955d0272b669040a627196db4b", "best_bid": "0.47", "best_ask": "0.57"}], "timestamp": "1769384184790", "event_type": "price_change"}}
{"_local_timestamp": "2026-01-25T23:36:24.872352+00:00", "data": {"market": "0x56019fd78edae7806a5ea660d61223f3994de370f66b24ec58712f276404205c", "price_changes": [{"asset_id": "70283652358977390828689462290111834858371137796101992925361459845890736745376", "price": "0.48", "size": "1050", "side": "BUY", "hash": "8fbd4860fb8901551cfc0a626fd2d655c813de2f", "best_bid": "0.48", "best_ask": "0.58"}, {"asset_id": "82206017482043607344860852580269267078560173637288739862624003683058670485572", "price": "0.52", "size": "1050", "side": "SELL", "hash": "7cf75ba7cc31f80bd94d30e1b57e954a48915db9", "best_bid": "0.42", "best_ask": "0.52"}], "timestamp": "1769384184790", "event_type": "price_change"}}
{"_local_timestamp": "2026-01-25T23:36:24.872751+00:00", "data": {"market": "0x6132c47da10f93a30dbc3b307c210d036d6116cdeb72c2f8bc37fd6efd212586", "price_changes": [{"asset_id": "83544266043695473251303214195304088068957122908171471589876011363272414981083", "price": "0.47", "size": "500", "side": "BUY", "hash": "e728996fe7433bc0a09ccc97217b9926ab22f32e", "best_bid": "0.47", "best_ask": "0.57"}, {"asset_id": "12634122863904626157099029375964558776768249526911814556524280576441354096916", "price": "0.53", "size": "500", "side": "SELL", "hash": "33da80f141d047f88e2e61cd77fb8bf3577e3b3a", "best_bid": "0.43", "best_ask": "0.53"}], "timestamp": "1769384184792", "event_type": "price_change"}}
