{"_local_timestamp": "2026-01-25T23:41:24.680761+00:00", "data": [{"market": "0x898eba737bf09dc31d2bfef5c13aa80235ae7c39f31fb7eef19fc2a718401f42", "asset_id": "99090274704256391688435927516995648611081735599617585618164075891332670671636", "timestamp": "1769384447778", "hash": "c7c42416e38f1a9c3b1368d22ced6894c3c445bc", "bids": [{"price": "0.01", "size": "200.64"}, {"price": "0.02", "size": "39.67"}, {"price": "0.04", "size": "29.99"}], "asks": [{"price": "0.99", "size": "208.36"}, {"price": "0.98", "size": "25.56"}, {"price": "0.96", "size": "29.99"}, {"price": "0.95", "size": "5.47"}], "event_type": "book", "last_trade_price": ""}, {"market": "0x099c813afda1203f1edd1391f61899aac17b262a975fa9a3e8772962c3896f78", "asset_id": "41872037587708801053258795528437490957648623405497217539896354790798762562744", "timestamp": "1769384409337", "hash": "89b7e8a9978239d823b420b7a716402f6f90788f", "bids": [{"price": "0.01", "size": "200.64"}, {"price": "0.02", "size": "39.67"}, {"price": "0.04", "size": "29.99"}], "asks": [{"price": "0.99", "size": "208.36"}, {"price": "0.98", "size": "25.56"}, {"price": "0.97", "size": "5.47"}], "event_type": "book", "last_trade_price": ""}, {"market": "0xbda67fef4f32c7799022c24eb32cc39367076a5ce38fcbc93aa98b5286818221", "asset_id": "113292614161096370145992562942656892070427430586072688804767428567870051288254", "timestamp": "1769384409768", "hash": "0c3753321e2e1184c7ba485a7bed74d4f653a4e5", "bids": [{"price": "0.01", "size": "259.86"}, {"price": "0.02", "size": "25.56"}, {"price": "0.03", "size": "5.47"}], "asks": [{"price": "0.99", "size": "252.14"}, {"price": "0.98", "size": "39.67"}, {"price": "0.96", "size": "29.99"}], "event_type": "book", "last_trade_price": ""}, {"market": "0xbda67fef4f32c7799022c24eb32cc39367076a5ce38fcbc93aa98b5286818221", "asset_id": "49335587070833840727133240757168974237666662297904924930668602847930920141682", "timestamp": "1769384409768", "hash": "9d310f961d9627c45864542595dccd3f1cd05e28", "bids": [{"price": "0.01", "size": "252.14"}, {"price": "0.02", "size": "39.67"}, {"price": "0.04", "size": "29.99"}], "asks": [{"price": "0.99", "size": "259.86"}, {"price": "0.98", "size": "25.56"}, {"price": "0.97", "size": "5.47"}], "event_type": "book", "last_trade_price": ""}, {"market": "0x396190685e660a78bca448eb205ad0cfa0637df4f7d867106cc65e8111aa121f", "asset_id": "22111539820946386857485074237278188144648128172547259558473558034096604905117", "timestamp": "1769384409768", "hash": "5da76c200c1cd900f38a84db8cee4837e832db4a", "bids": [{"price": "0.01", "size": "200.64"}, {"price": "0.02", "size": "39.67"}, {"price": "0.04", "size": "29.99"}], "asks": [{"price": "0.99", "size": "208.36"}, {"price": "0.98", "size": "25.56"}, {"price": "0.97", "size": "5.47"}], "event_type": "book", "last_trade_price": ""}, {"market": "0xf29f1862f49a83ec2593a7c17857c7db31c0061ce55f977dad30cb2ad1d79113", "asset_id": "58146894366529143678176565264950485800704739099499709785375884580241037836983", "timestamp": "1769384438040", "hash": "796ab5b06d38cfc9e0bab30948bb010f0aaeafce", "bids": [{"price": "0.01", "size": "208.36"}, {"price": "0.02", "size": "25.56"}, {"price": "0.03", "size": "5.47"}], "asks": [{"price": "0.99", "size": "185.64"}, {"price": "0.98", "size": "47.17"}, {"price": "0.61", "size": "10"}], "event_type": "book", "last_trade_price": ""}, {"market": "0x898eba737bf09dc31d2bfef5c13aa80235ae7c39f31fb7eef19fc2a718401f42", "asset_id": "45853713268775142866296879687552531428049838796788466141343832718928715001653", "timestamp": "1769384447778", "hash": "3e0b6f6cd5e6d37cf04c4cbde8b134df1837e8e6", "bids": [{"price": "0.01", "size": "208.36"}, {"price": "0.02", "size": "25.56"}, {"price": "0.04", "size": "29.99"}, {"price": "0.05", "size": "5.47"}], "asks": [{"price": "0.99", "size": "200.64"}, {"price": "0.98", "size": "39.67"}, {"price": "0.96", "size": "29.99"}], "event_type": "book", "last_trade_price": ""}, {"market": "0x099c813afda1203f1edd1391f61899aac17b262a975fa9a3e8772962c3896f78", "asset_id": "73815181862815385989973048655940067101387703671684782874529151163410875811115", "timestamp": "1769384409337", "hash": "d97262085b96f269f48b1e67d5e43d021a8a797c", "bids": [{"price": "0.01", "size": "208.36"}, {"price": "0.02", "size": "25.56"}, {"price": "0.03", "size": "5.47"}], "asks": [{"price": "0.99", "size": "200.64"}, {"price": "0.98", "size": "39.67"}, {"price": "0.96", "size": "29.99"}], "event_type": "book", "last_trade_price": ""}, {"market": "0x396190685e660a78bca448eb205ad0cfa0637df4f7d867106cc65e8111aa121f", "asset_id": "22274752673375276426660441375127428813894835392969874559838915863807369879197", "timestamp": "1769384409768", "hash": "37d6c12800ee851a338013b96d9f4f6c7460fa0d", "bids": [{"price": "0.01", "size": "208.36"}, {"price": "0.02", "size": "25.56"}, {"price": "0.03", "size": "5.47"}], "asks": [{"price": "0.99", "size": "200.64"}, {"price": "0.98", "size": "39.67"}, {"price": "0.96", "size": "29.99"}], "event_type": "book", "last_trade_price": ""}, {"market": "0xf29f1862f49a83ec2593a7c17857c7db31c0061ce55f977dad30cb2ad1d79113", "asset_id": "52300017986913097397952485279030666095090704167360288578768129625753356622765", "timestamp": "1769384438040", "hash": "bf559651e28dfafee12777b4c43600d1c1c264f3", "bids": [{"price": "0.01", "size": "185.64"}, {"price": "0.02", "size": "47.17"}, {"price": "0.39", "size": "10"}], "asks": [{"price": "0.99", "size": "208.36"}, {"price": "0.98", "size": "25.56"}, {"price": "0.97", "size": "5.47"}], "event_type": "book", "last_trade_price": ""}]}
{"_local_timestamp": "2026-01-25T23:42:06.740958+00:00", "data": {"market": "0x898eba737bf09dc31d2bfef5c13aa80235ae7c39f31fb7eef19fc2a718401f42", "price_changes": [{"asset_id": "45853713268775142866296879687552531428049838796788466141343832718928715001653", "price": "0.04", "size": "0", "side": "BUY", "hash": "97db232047b00f62c318a5a91334daec8810e035", "best_bid": "0.05", "best_ask": "0.96"}, {"asset_id": "99090274704256391688435927516995648611081735599617585618164075891332670671636", "price": "0.96", "size": "0", "side": "SELL", "hash": "98092b06a870c47d2d040a874876bd8f5eea36e7", "best_bid": "0.04", "best_ask": "0.95"}], "timestamp": "1769384526669", "event_type": "price_change"}}
{"_local_timestamp": "2026-01-25T23:42:07.503815+00:00", "data": {"market": "0x898eba737bf09dc31d2bfef5c13aa80235ae7c39f31fb7eef19fc2a718401f42", "price_changes": [{"asset_id": "45853713268775142866296879687552531428049838796788466141343832718928715001653", "price": "0.05", "size": "0", "side": "BUY", "hash": "cc51a2384a8bb117eaf485ab9c277a973c16e4da", "best_bid": "0.02", "best_ask": "0.96"}, {"asset_id": "99090274704256391688435927516995648611081735599617585618164075891332670671636", "price": "0.95", "size": "0", "side": "SELL", "hash": "432e02decfa20bf371cac0502758e334e20109a6", "best_bid": "0.04", "best_ask": "0.98"}], "timestamp": "1769384527383", "event_type": "price_change"}}
{"_local_timestamp": "2026-01-25T23:42:07.548290+00:00", "data": {"market": "0x898eba737bf09dc31d2bfef5c13aa80235ae7c39f31fb7eef19fc2a718401f42", "price_changes": [{"asset_id": "45853713268775142866296879687552531428049838796788466141343832718928715001653", "price": "0.03", "size": "5.47", "side": "BUY", "hash": "a57b3d3d57b07f7a594eb77522f59f06fa7ba8af", "best_bid": "0.03", "best_ask": "0.96"}, {"asset_id": "99090274704256391688435927516995648611081735599617585618164075891332670671636", "price": "0.97", "size": "5.47", "side": "SELL", "hash": "53c984321c9aa3b1ab1ad65b9ae787f9363e516b", "best_bid": "0.04", "best_ask": "0.97"}], "timestamp": "1769384527471", "event_type": "price_change"}}
{"_local_timestamp": "2026-01-25T23:43:36.184779+00:00", "data": {"market": "0x898eba737bf09dc31d2bfef5c13aa80235ae7c39f31fb7eef19fc2a718401f42", "price_changes": [{"asset_id": "45853713268775142866296879687552531428049838796788466141343832718928715001653", "price": "0.04", "size": "29.99", "side": "BUY", "hash": "4f098f3622c12e0edefef3dfcab6eb306cbe74a7", "best_bid": "0.04", "best_ask": "0.96"}, {"asset_id": "99090274704256391688435927516995648611081735599617585618164075891332670671636", "price": "0.96", "size": "29.99", "side": "SELL", "hash": "642e9918e471e366f0bd8c5295e7e0b8269938a7", "best_bid": "0.04", "best_ask": "0.96"}], "timestamp": "1769384616096", "event_type": "price_change"}}
{"_local_timestamp": "2026-01-25T23:43:39.926682+00:00", "data": {"market": "0x898eba737bf09dc31d2bfef5c13aa80235ae7c39f31fb7eef19fc2a718401f42", "price_changes": [{"asset_id": "45853713268775142866296879687552531428049838796788466141343832718928715001653", "price": "0.03", "size": "0", "side": "BUY", "hash": "cc4bab0a5b8c1b3ec53270e47c716a3c450a83fd", "best_bid": "0.04", "best_ask": "0.96"}, {"asset_id": "99090274704256391688435927516995648611081735599617585618164075891332670671636", "price": "0.97", "size": "0", "side": "SELL", "hash": "a669ca81e210357f8bd82b0f491b65e44c9ed0d4", "best_bid": "0.04", "best_ask": "0.96"}], "timestamp": "1769384619845", "event_type": "price_change"}}
{"_local_timestamp": "2026-01-25T23:43:40.240944+00:00", "data": {"market": "0x898eba737bf09dc31d2bfef5c13aa80235ae7c39f31fb7eef19fc2a718401f42", "price_changes": [{"asset_id": "45853713268775142866296879687552531428049838796788466141343832718928715001653", "price": "0.05", "size": "5.47", "side": "BUY", "hash": "688c644bdcb86ba44352f1c691158fbebdf0b810", "best_bid": "0.05", "best_ask": "0.96"}, {"asset_id": "99090274704256391688435927516995648611081735599617585618164075891332670671636", "price": "0.95", "size": "5.47", "side": "SELL", "hash": "23e7ff92b088bc91997027454945b2cb8fe1ea30", "best_bid": "0.04", "best_ask": "0.95"}], "timestamp": "1769384620169", "event_type": "price_change"}}
{"_local_timestamp": "2026-01-25T23:43:47.616061+00:00", "data": {"market": "0xf29f1862f49a83ec2593a7c17857c7db31c0061ce55f977dad30cb2ad1d79113", "price_changes": [{"asset_id": "58146894366529143678176565264950485800704739099499709785375884580241037836983", "price": "0.01", "size": "196.14", "side": "BUY", "hash": "d80d160986b14f4637a48a12c59570712f2bc09d", "best_bid": "0.03", "best_ask": "0.61"}, {"asset_id": "52300017986913097397952485279030666095090704167360288578768129625753356622765", "price": "0.99", "size": "196.14", "side": "SELL", "hash": "8d6ddb54500b0ed2813c79ffff5e822c6ee549ff", "best_bid": "0.39", "best_ask": "0.97"}], "timestamp": "1769384627545", "event_type": "price_change"}}
{"_local_timestamp": "2026-01-25T23:43:47.948265+00:00", "data": {"market": "0xf29f1862f49a83ec2593a7c17857c7db31c0061ce55f977dad30cb2ad1d79113", "price_changes": [{"asset_id": "58146894366529143678176565264950485800704739099499709785375884580241037836983", "price": "0.01", "size": "208.36", "side": "BUY", "hash": "1f3b5254dd91a7f4cea831a5c336aa609ea8ddea", "best_bid": "0.03", "best_ask": "0.61"}, {"asset_id": "52300017986913097397952485279030666095090704167360288578768129625753356622765", "price": "0.99", "size": "208.36", "side": "SELL", "hash": "3157614cf2af255e22f18b1409e4aadee91fd978", "best_bid": "0.39", "best_ask": "0.97"}], "timestamp": "1769384627876", "event_type": "price_change"}}
{"_local_timestamp": "2026-01-25T23:45:10.020621+00:00", "data": {"market": "0x898eba737bf09dc31d2bfef5c13aa80235ae7c39f31fb7eef19fc2a718401f42", "price_changes": [{"asset_id": "45853713268775142866296879687552531428049838796788466141343832718928715001653", "price": "0.04", "size": "0", "side": "BUY", "hash": "b2e9d36ec81322e4f559ec9864486fe14412ae4c", "best_bid": "0.05", "best_ask": "0.96"}, {"asset_id": "99090274704256391688435927516995648611081735599617585618164075891332670671636", "price": "0.96", "size": "0", "side": "SELL", "hash": "1cf0d18c4198594c6b4d32197f6c39c5b13b742c", "best_bid": "0.04", "best_ask": "0.95"}], "timestamp": "1769384709947", "event_type": "price_change"}}
{"_local_timestamp": "2026-01-25T23:45:10.727648+00:00", "data": {"market": "0xf29f1862f49a83ec2593a7c17857c7db31c0061ce55f977dad30cb2ad1d79113", "price_changes": [{"asset_id": "58146894366529143678176565264950485800704739099499709785375884580241037836983", "price": "0.04", "size": "29.99", "side": "BUY", "hash": "3700444b76f538882a7563d2bce24bcd4246fc2d", "best_bid": "0.04", "best_ask": "0.61"}, {"asset_id": "52300017986913097397952485279030666095090704167360288578768129625753356622765", "price": "0.96", "size": "29.99", "side": "SELL", "hash": "65ccfc2a3ca4f7b897b294942b16e6574a4255f3", "best_bid": "0.39", "best_ask": "0.96"}], "timestamp": "1769384710650", "event_type": "price_change"}}
{"_local_timestamp": "2026-01-25T23:45:10.728038+00:00", "data": {"market": "0x099c813afda1203f1edd1391f61899aac17b262a975fa9a3e8772962c3896f78", "price_changes": [{"asset_id": "73815181862815385989973048655940067101387703671684782874529151163410875811115", "price": "0.04", "size": "29.99", "side": "BUY", "hash": "0a6954a8698c5ce27850c78c1828f1fd91161f59", "best_bid": "0.04", "best_ask": "0.96"}, {"asset_id": "41872037587708801053258795528437490957648623405497217539896354790798762562744", "price": "0.96", "size": "29.99", "side": "SELL", "hash": "67091bd9e1c48c33d9614e62ebf992e782442e76", "best_bid": "0.04", "best_ask": "0.96"}], "timestamp": "1769384710650", "event_type": "price_change"}}
{"_local_timestamp": "2026-01-25T23:45:10.728346+00:00", "data": {"market": "0x396190685e660a78bca448eb205ad0cfa0637df4f7d867106cc65e8111aa121f", "price_changes": [{"asset_id": "22274752673375276426660441375127428813894835392969874559838915863807369879197", "price": "0.04", "size": "29.99", "side": "BUY", "hash": "b0cb02152c8a82f09026c6260518472694fb95e8", "best_bid": "0.04", "best_ask": "0.96"}, {"asset_id": "22111539820946386857485074237278188144648128172547259558473558034096604905117", "price": "0.96", "size": "29.99", "side": "SELL", "hash": "80b59d18b1b0eb0a19555754acc3848556f9c6e1", "best_bid": "0.04", "best_ask": "0.96"}], "timestamp": "1769384710650", "event_type": "price_change"}}
{"_local_timestamp": "2026-01-25T23:45:10.728677+00:00", "data": {"market": "0xbda67fef4f32c7799022c24eb32cc39367076a5ce38fcbc93aa98b5286818221", "price_changes": [{"asset_id": "113292614161096370145992562942656892070427430586072688804767428567870051288254", "price": "0.04", "size": "29.99", "side": "BUY", "hash": "39284245b0498c86897f68c82fb1d41a7c26c624", "best_bid": "0.04", "best_ask": "0.96"}, {"asset_id": "49335587070833840727133240757168974237666662297904924930668602847930920141682", "price": "0.96", "size": "29.99", "side": "SELL", "hash": "26289ba9226e947b38f7969f93cd02a57f2fc5f9", "best_bid": "0.04", "best_ask": "0.96"}], "timestamp": "1769384710650", "event_type": "price_change"}}
{"_local_timestamp": "2026-01-25T23:45:11.852936+00:00", "data": {"market": "0xf29f1862f49a83ec2593a7c17857c7db31c0061ce55f977dad30cb2ad1d79113", "price_changes": [{"asset_id": "58146894366529143678176565264950485800704739099499709785375884580241037836983", "price": "0.03", "size": "0", "side": "BUY", "hash": "ec6372882ad2952f32c5220fd8f806e5f5884ae0", "best_bid": "0.04", "best_ask": "0.61"}, {"asset_id": "52300017986913097397952485279030666095090704167360288578768129625753356622765", "price": "0.97", "size": "0", "side": "SELL", "hash": "3a9c2f357b8e50eafe71c331914c34f24c92430f", "best_bid": "0.39", "best_ask": "0.96"}], "timestamp": "1769384711771", "event_type": "price_change"}}
{"_local_timestamp": "2026-01-25T23:45:11.853928+00:00", "data": {"market": "0x396190685e660a78bca448eb205ad0cfa0637df4f7d867106cc65e8111aa121f", "price_changes": [{"asset_id": "22274752673375276426660441375127428813894835392969874559838915863807369879197", "price": "0.03", "size": "0", "side": "BUY", "hash": "6820add12fd825a72c2e50084879253e2a0c08e8", "best_bid": "0.04", "best_ask": "0.96"}, {"asset_id": "22111539820946386857485074237278188144648128172547259558473558034096604905117", "price": "0.97", "size": "0", "side": "SELL", "hash": "dbaf0f07c6ecc0e579ef2a1f1d7dbd6c3fd60292", "best_bid": "0.04", "best_ask": "0.96"}], "timestamp": "1769384711771", "event_type": "price_change"}}
{"_local_timestamp": "2026-01-25T23:45:11.854958+00:00", "data": {"market": "0x898eba737bf09dc31d2bfef5c13aa80235ae7c39f31fb7eef19fc2a718401f42", "price_changes": [{"asset_id": "45853713268775142866296879687552531428049838796788466141343832718928715001653", "price": "0.05", "size": "0", "side": "BUY", "hash": "0554f81a29cdc8489b7fb99c59f6467e194cbdd6", "best_bid": "0.02", "best_ask": "0.96"}, {"asset_id": "99090274704256391688435927516995648611081735599617585618164075891332670671636", "price": "0.95", "size": "0", "side": "SELL", "hash": "806739c50cd941aa60213193ed5b606cd8222995", "best_bid": "0.04", "best_ask": "0.98"}], "timestamp": "1769384711771", "event_type": "price_change"}}
{"_local_timestamp": "2026-01-25T23:45:11.855294+00:00", "data": {"market": "0xbda67fef4f32c7799022c24eb32cc39367076a5ce38fcbc93aa98b5286818221", "price_changes": [{"asset_id": "113292614161096370145992562942656892070427430586072688804767428567870051288254", "price": "0.03", "size": "0", "side": "BUY", "hash": "80384266cfe9c2ec6f23b1e44607a07e35ba709f", "best_bid": "0.04", "best_ask": "0.96"}, {"asset_id": "49335587070833840727133240757168974237666662297904924930668602847930920141682", "price": "0.97", "size": "0", "side": "SELL", "hash": "b65f5da6892836ba563fbad07a4c7005208739d8", "best_bid": "0.04", "best_ask": "0.96"}], "timestamp": "1769384711771", "event_type": "price_change"}}
{"_local_timestamp": "2026-01-25T23:45:11.855706+00:00", "data": {"market": "0x099c813afda1203f1edd1391f61899aac17b262a975fa9a3e8772962c3896f78", "price_changes": [{"asset_id": "73815181862815385989973048655940067101387703671684782874529151163410875811115", "price": "0.03", "size": "0", "side": "BUY", "hash": "1f51d4d223b4d17efcd0f7e2b35d0ec2466db64c", "best_bid": "0.04", "best_ask": "0.96"}, {"asset_id": "41872037587708801053258795528437490957648623405497217539896354790798762562744", "price": "0.97", "size": "0", "side": "SELL", "hash": "c563e3589f515935917ab98d03b0b3d1320792e3", "best_bid": "0.04", "best_ask": "0.96"}], "timestamp": "1769384711771", "event_type": "price_change"}}
{"_local_timestamp": "2026-01-25T23:45:12.194929+00:00", "data": {"market": "0x898eba737bf09dc31d2bfef5c13aa80235ae7c39f31fb7eef19fc2a718401f42", "price_changes": [{"asset_id": "45853713268775142866296879687552531428049838796788466141343832718928715001653", "price": "0.03", "size": "5.47", "side": "BUY", "hash": "8c717ab639f826fb47fa4531caa20fdd5289a47f", "best_bid": "0.03", "best_ask": "0.96"}, {"asset_id": "99090274704256391688435927516995648611081735599617585618164075891332670671636", "price": "0.97", "size": "5.47", "side": "SELL", "hash": "0c07b591906cdad1b6834d5a6f8022dd6ab68e73", "best_bid": "0.04", "best_ask": "0.97"}], "timestamp": "1769384712121", "event_type": "price_change"}}
{"_local_timestamp": "2026-01-25T23:45:12.195296+00:00", "data": {"market": "0xf29f1862f49a83ec2593a7c17857c7db31c0061ce55f977dad30cb2ad1d79113", "price_changes": [{"asset_id": "58146894366529143678176565264950485800704739099499709785375884580241037836983", "price": "0.05", "size": "5.47", "side": "BUY", "hash": "9936951a7f5becdc55339ce7df728534f83c44ec", "best_bid": "0.05", "best_ask": "0.61"}, {"asset_id": "52300017986913097397952485279030666095090704167360288578768129625753356622765", "price": "0.95", "size": "5.47", "side": "SELL", "hash": "ba3a6e6b6ec80619c8955b2533eab7767dafb4ec", "best_bid": "0.39", "best_ask": "0.95"}], "timestamp": "1769384712121", "event_type": "price_change"}}
{"_local_timestamp": "2026-01-25T23:45:12.195612+00:00", "data": {"market": "0x396190685e660a78bca448eb205ad0cfa0637df4f7d867106cc65e8111aa121f", "price_changes": [{"asset_id": "22274752673375276426660441375127428813894835392969874559838915863807369879197", "price": "0.05", "size": "5.47", "side": "BUY", "hash": "154928f3c242203dfcb07bd89684c4f8213be43f", "best_bid": "0.05", "best_ask": "0.96"}, {"asset_id": "22111539820946386857485074237278188144648128172547259558473558034096604905117", "price": "0.95", "size": "5.47", "side": "SELL", "hash": "c5258efdf80f32953b05a102a1cab980393357ac", "best_bid": "0.04", "best_ask": "0.95"}], "timestamp": "1769384712121", "event_type": "price_change"}}
{"_local_timestamp": "2026-01-25T23:45:12.195904+00:00", "data": {"market": "0xbda67fef4f32c7799022c24eb32cc39367076a5ce38fcbc93aa98b5286818221", "price_changes": [{"asset_id": "113292614161096370145992562942656892070427430586072688804767428567870051288254", "price": "0.05", "size": "5.47", "side": "BUY", "hash": "52649ed5ea233d43bc12dce140bda9d0cd301784", "best_bid": "0.05", "best_ask": "0.96"}, {"asset_id": "49335587070833840727133240757168974237666662297904924930668602847930920141682", "price": "0.95", "size": "5.47", "side": "SELL", "hash": "b2630e91b8c84a7b68c84f1014f314ac0c116162", "best_bid": "0.04", "best_ask": "0.95"}], "timestamp": "1769384712121", "event_type": "price_change"}}
{"_local_timestamp": "2026-01-25T23:45:12.196219+00:00", "data": {"market": "0x099c813afda1203f1edd1391f61899aac17b262a975fa9a3e8772962c3896f78", "price_changes": [{"asset_id": "73815181862815385989973048655940067101387703671684782874529151163410875811115", "price": "0.05", "size": "5.47", "side": "BUY", "hash": "4d2acebf31fc598e898f1b4198ff59da46493aa7", "best_bid": "0.05", "best_ask": "0.96"}, {"asset_id": "41872037587708801053258795528437490957648623405497217539896354790798762562744", "price": "0.95", "size": "5.47", "side": "SELL", "hash": "62a0661e13353fe4c1b2d27346d95996944936fc", "best_bid": "0.04", "best_ask": "0.95"}], "timestamp": "1769384712121", "event_type": "price_change"}}
{"_local_timestamp": "2026-01-25T23:45:49.769057+00:00", "data": {"market": "0x396190685e660a78bca448eb205ad0cfa0637df4f7d867106cc65e8111aa121f", "price_changes": [{"asset_id": "22274752673375276426660441375127428813894835392969874559838915863807369879197", "price": "0.01", "size": "196.14", "side": "BUY", "hash": "55c9d7c0c82c926dea9d569bbf2f4f680f3e5e7a", "best_bid": "0.05", "best_ask": "0.96"}, {"asset_id": "22111539820946386857485074237278188144648128172547259558473558034096604905117", "price": "0.99", "size": "196.14", "side": "SELL", "hash": "eda73dd04ec3d552edc93689e729236fc016bed0", "best_bid": "0.04", "best_ask": "0.95"}], "timestamp": "1769384749702", "event_type": "price_change"}}
{"_local_timestamp": "2026-01-25T23:45:50.192885+00:00", "data": {"market": "0x099c813afda1203f1edd1391f61899aac17b262a975fa9a3e8772962c3896f78", "price_changes": [{"asset_id": "73815181862815385989973048655940067101387703671684782874529151163410875811115", "price": "0.01", "size": "196.14", "side": "BUY", "hash": "f3a069e97ac962b75c8f08b51fc832dd238d926e", "best_bid": "0.05", "best_ask": "0.96"}, {"asset_id": "41872037587708801053258795528437490957648623405497217539896354790798762562744", "price": "0.99", "size": "196.14", "side": "SELL", "hash": "826e06fdabeac154aaa60e77221e9e02730c562f", "best_bid": "0.04", "best_ask": "0.95"}], "timestamp": "1769384750123", "event_type": "price_change"}}
{"_local_timestamp": "2026-01-25T23:45:50.748913+00:00", "data": {"market": "0x396190685e660a78bca448eb205ad0cfa0637df4f7d867106cc65e8111aa121f", "price_changes": [{"asset_id": "22274752673375276426660441375127428813894835392969874559838915863807369879197", "price": "0.05", "size": "12.01", "side": "BUY", "hash": "c6ebc7b918dff08fb25e2fd259c93bb37a07e3b9", "best_bid": "0.05", "best_ask": "0.96"}, {"asset_id": "22111539820946386857485074237278188144648128172547259558473558034096604905117", "price": "0.95", "size": "12.01", "side": "SELL", "hash": "1b3feb2e408f0e40cd87480cdb04a20081351c4e", "best_bid": "0.04", "best_ask": "0.95"}], "timestamp": "1769384750682", "event_type": "price_change"}}
{"_local_timestamp": "2026-01-25T23:45:51.171208+00:00", "data": {"market": "0x099c813afda1203f1edd1391f61899aac17b262a975fa9a3e8772962c3896f78", "price_changes": [{"asset_id": "73815181862815385989973048655940067101387703671684782874529151163410875811115", "price": "0.05", "size": "12.01", "side": "BUY", "hash": "296421611e13e48351224e82d620e79ea7a5c5de", "best_bid": "0.05", "best_ask": "0.96"}, {"asset_id": "41872037587708801053258795528437490957648623405497217539896354790798762562744", "price": "0.95", "size": "12.01", "side": "SELL", "hash": "6f4d4286188313132691e2f48058de74c7c80709", "best_bid": "0.04", "best_ask": "0.95"}], "timestamp": "1769384751098", "event_type": "price_change"}}
{"_local_timestamp": "2026-01-25T23:45:52.723416+00:00", "data": {"market": "0xf29f1862f49a83ec2593a7c17857c7db31c0061ce55f977dad30cb2ad1d79113", "price_changes": [{"asset_id": "58146894366529143678176565264950485800704739099499709785375884580241037836983", "price": "0.01", "size": "196.14", "side": "BUY", "hash": "a692672e5cf2208fe6d0544649443a0375daa8c5", "best_bid": "0.05", "best_ask": "0.61"}, {"asset_id": "52300017986913097397952485279030666095090704167360288578768129625753356622765", "price": "0.99", "size": "196.14", "side": "SELL", "hash": "896eef6e40f4d0e5a31c56a58258f9267c5bc52f", "best_bid": "0.39", "best_ask": "0.95"}], "timestamp": "1769384752655", "event_type": "price_change"}}
{"_local_timestamp": "2026-01-25T23:45:54.504510+00:00", "data": {"market": "0xf29f1862f49a83ec2593a7c17857c7db31c0061ce55f977dad30cb2ad1d79113", "price_changes": [{"asset_id": "58146894366529143678176565264950485800704739099499709785375884580241037836983", "price": "0.05", "size": "12.01", "side": "BUY", "hash": "77c5ccd397bea0e5671a277cd4303cea8434ce69", "best_bid": "0.05", "best_ask": "0.61"}, {"asset_id": "52300017986913097397952485279030666095090704167360288578768129625753356622765", "price": "0.95", "size": "12.01", "side": "SELL", "hash": "9703b352bc68f2669649cda025c3a0852b60e8ff", "best_bid": "0.39", "best_ask": "0.95"}], "timestamp": "1769384754438", "event_type": "price_change"}}
{"_local_timestamp": "2026-01-25T23:46:08.184367+00:00", "data": {"market": "0xbda67fef4f32c7799022c24eb32cc39367076a5ce38fcbc93aa98b5286818221", "price_changes": [{"asset_id": "113292614161096370145992562942656892070427430586072688804767428567870051288254", "price": "0.01", "size": "247.64", "side": "BUY", "hash": "ccc27ca4f7e1a4d7aea16b7dc5a64afe1103d2b9", "best_bid": "0.05", "best_ask": "0.96"}, {"asset_id": "49335587070833840727133240757168974237666662297904924930668602847930920141682", "price": "0.99", "size": "247.64", "side": "SELL", "hash": "e4a3dc20d176e127654ceeb70c42a7b0b78876f4", "best_bid": "0.04", "best_ask": "0.95"}], "timestamp": "1769384768108", "event_type": "price_change"}}
{"_local_timestamp": "2026-01-25T23:46:11.304067+00:00", "data": {"market": "0xbda67fef4f32c7799022c24eb32cc39367076a5ce38fcbc93aa98b5286818221", "price_changes": [{"asset_id": "113292614161096370145992562942656892070427430586072688804767428567870051288254", "price": "0.05", "size": "12.01", "side": "BUY", "hash": "c2e2d5eb1467f5de815ffcdec2671b6c0d75cc98", "best_bid": "0.05", "best_ask": "0.96"}, {"asset_id": "49335587070833840727133240757168974237666662297904924930668602847930920141682", "price": "0.95", "size": "12.01", "side": "SELL", "hash": "dcf9b432fbbbfdfcb298b25f916881b9a6fea804", "best_bid": "0.04", "best_ask": "0.95"}], "timestamp": "1769384771201", "event_type": "price_change"}}
{"_local_timestamp": "2026-01-25T23:46:12.358608+00:00", "data": {"market": "0x898eba737bf09dc31d2bfef5c13aa80235ae7c39f31fb7eef19fc2a718401f42", "price_changes": [{"asset_id": "45853713268775142866296879687552531428049838796788466141343832718928715001653", "price": "0.01", "size": "196.14", "side": "BUY", "hash": "815a85acf4844eb70ddbf4cc5dfb965ae5c9d656", "best_bid": "0.03", "best_ask": "0.96"}, {"asset_id": "99090274704256391688435927516995648611081735599617585618164075891332670671636", "price": "0.99", "size": "196.14", "side": "SELL", "hash": "3b48215f6872c2f62fd17795ab2e58af8fddf681", "best_bid": "0.04", "best_ask": "0.97"}], "timestamp": "1769384772291", "event_type": "price_change"}}
{"_local_timestamp": "2026-01-25T23:46:14.451090+00:00", "data": {"market": "0x898eba737bf09dc31d2bfef5c13aa80235ae7c39f31fb7eef19fc2a718401f42", "price_changes": [{"asset_id": "45853713268775142866296879687552531428049838796788466141343832718928715001653", "price": "0.01", "size": "208.36", "side": "BUY", "hash": "bd5dd9341f4032309789ad6ff83f6291d272ee40", "best_bid": "0.03", "best_ask": "0.96"}, {"asset_id": "99090274704256391688435927516995648611081735599617585618164075891332670671636", "price": "0.99", "size": "208.36", "side": "SELL", "hash": "6bbd6e4f2f40bda8f15a90a760b0762813eda062", "best_bid": "0.04", "best_ask": "0.97"}], "timestamp": "1769384774383", "event_type": "price_change"}}
{"_local_timestamp": "2026-01-25T23:46:46.895180+00:00", "data": {"market": "0xf29f1862f49a83ec2593a7c17857c7db31c0061ce55f977dad30cb2ad1d79113", "price_changes": [{"asset_id": "58146894366529143678176565264950485800704739099499709785375884580241037836983", "price": "0.04", "size": "0", "side": "BUY", "hash": "e2725c448d6416eaddfb6a8f0c958466fceed378", "best_bid": "0.05", "best_ask": "0.61"}, {"asset_id": "52300017986913097397952485279030666095090704167360288578768129625753356622765", "price": "0.96", "size": "0", "side": "SELL", "hash": "0ca7299fbe3061d0472c4f50c626129021352efb", "best_bid": "0.39", "best_ask": "0.95"}], "timestamp": "1769384806782", "event_type": "price_change"}}
{"_local_timestamp": "2026-01-25T23:46:46.895743+00:00", "data": {"market": "0x099c813afda1203f1edd1391f61899aac17b262a975fa9a3e8772962c3896f78", "price_changes": [{"asset_id": "73815181862815385989973048655940067101387703671684782874529151163410875811115", "price": "0.04", "size": "0", "side": "BUY", "hash": "aeb96f60debbbb4634b4be0a448c522185df33c1", "best_bid": "0.05", "best_ask": "0.96"}, {"asset_id": "41872037587708801053258795528437490957648623405497217539896354790798762562744", "price": "0.96", "size": "0", "side": "SELL", "hash": "715e2e57fdaa3ba181c4739e46ee681dad152e9c", "best_bid": "0.04", "best_ask": "0.95"}], "timestamp": "1769384806782", "event_type": "price_change"}}
{"_local_timestamp": "2026-01-25T23:46:46.896068+00:00", "data": {"market": "0x396190685e660a78bca448eb205ad0cfa0637df4f7d867106cc65e8111aa121f", "price_changes": [{"asset_id": "22274752673375276426660441375127428813894835392969874559838915863807369879197", "price": "0.04", "size": "0", "side": "BUY", "hash": "925371b154927bb9a6e611b23c0b78dcbea4245d", "best_bid": "0.05", "best_ask": "0.96"}, {"asset_id": "22111539820946386857485074237278188144648128172547259558473558034096604905117", "price": "0.96", "size": "0", "side": "SELL", "hash": "6a32d91e8f0e6adf7e2454a9a3e001eb8e69255c", "best_bid": "0.04", "best_ask": "0.95"}], "timestamp": "1769384806783", "event_type": "price_change"}}
{"_local_timestamp": "2026-01-25T23:46:46.953337+00:00", "data": {"market": "0xbda67fef4f32c7799022c24eb32cc39367076a5ce38fcbc93aa98b5286818221", "price_changes": [{"asset_id": "113292614161096370145992562942656892070427430586072688804767428567870051288254", "price": "0.04", "size": "0", "side": "BUY", "hash": "e7db85c31cfc71b3591d622ebb571a3ba9088dd7", "best_bid": "0.05", "best_ask": "0.96"}, {"asset_id": "49335587070833840727133240757168974237666662297904924930668602847930920141682", "price": "0.96", "size": "0", "side": "SELL", "hash": "4127c14813750835ceb236b3a10748a31f1a4a40", "best_bid": "0.04", "best_ask": "0.95"}], "timestamp": "1769384806882", "event_type": "price_change"}}
{"_local_timestamp": "2026-01-25T23:46:49.099968+00:00", "data": {"market": "0x898eba737bf09dc31d2bfef5c13aa80235ae7c39f31fb7eef19fc2a718401f42", "price_changes": [{"asset_id": "45853713268775142866296879687552531428049838796788466141343832718928715001653", "price": "0.04", "size": "29.99", "side": "BUY", "hash": "a1822c4b2796065d046a44f92ad22f27f6037d76", "best_bid": "0.04", "best_ask": "0.96"}, {"asset_id": "99090274704256391688435927516995648611081735599617585618164075891332670671636", "price": "0.96", "size": "29.99", "side": "SELL", "hash": "efa886a83889ea2dc8d96b7d0a50726029c3959a", "best_bid": "0.04", "best_ask": "0.96"}], "timestamp": "1769384809029", "event_type": "price_change"}}
{"_local_timestamp": "2026-01-25T23:46:50.071721+00:00", "data": {"market": "0x898eba737bf09dc31d2bfef5c13aa80235ae7c39f31fb7eef19fc2a718401f42", "price_changes": [{"asset_id": "45853713268775142866296879687552531428049838796788466141343832718928715001653", "price": "0.03", "size": "0", "side": "BUY", "hash": "160eb045d26abc7ba6316c14a6fa9d79b6bb7ea4", "best_bid": "0.04", "best_ask": "0.96"}, {"asset_id": "99090274704256391688435927516995648611081735599617585618164075891332670671636", "price": "0.97", "size": "0", "side": "SELL", "hash": "abaeeddb3b3d232a10ee2ca1b1754e7fd43264ee", "best_bid": "0.04", "best_ask": "0.96"}], "timestamp": "1769384809945", "event_type": "price_change"}}
{"_local_timestamp": "2026-01-25T23:46:50.310034+00:00", "data": {"market": "0x898eba737bf09dc31d2bfef5c13aa80235ae7c39f31fb7eef19fc2a718401f42", "price_changes": [{"asset_id": "45853713268775142866296879687552531428049838796788466141343832718928715001653", "price": "0.05", "size": "5.47", "side": "BUY", "hash": "7c03017b4cc22c0c55c4a23d27d62436f51b0796", "best_bid": "0.05", "best_ask": "0.96"}, {"asset_id": "99090274704256391688435927516995648611081735599617585618164075891332670671636", "price": "0.95", "size": "5.47", "side": "SELL", "hash": "6b25b42dbf4ff89742ced4299c8ddaea98c48e85", "best_bid": "0.04", "best_ask": "0.95"}], "timestamp": "1769384810195", "event_type": "price_change"}}
{"_local_timestamp": "2026-01-25T23:48:18.198130+00:00", "data": {"market": "0x898eba737bf09dc31d2bfef5c13aa80235ae7c39f31fb7eef19fc2a718401f42", "price_changes": [{"asset_id": "45853713268775142866296879687552531428049838796788466141343832718928715001653", "price": "0.04", "size": "0", "side": "BUY", "hash": "c4dbbeb22831b205ccf3060225accddb5833d4e8", "best_bid": "0.05", "best_ask": "0.96"}, {"asset_id": "99090274704256391688435927516995648611081735599617585618164075891332670671636", "price": "0.96", "size": "0", "side": "SELL", "hash": "d4b36f39e9631329e4cebdf3be39aae343222cca", "best_bid": "0.04", "best_ask": "0.95"}], "timestamp": "1769384898100", "event_type": "price_change"}}
{"_local_timestamp": "2026-01-25T23:48:21.765819+00:00", "data": {"market": "0x898eba737bf09dc31d2bfef5c13aa80235ae7c39f31fb7eef19fc2a718401f42", "price_changes": [{"asset_id": "45853713268775142866296879687552531428049838796788466141343832718928715001653", "price": "0.05", "size": "0", "side": "BUY", "hash": "92041fe6e46c21eed2c770b1d0635cc56c2b0ca5", "best_bid": "0.02", "best_ask": "0.96"}, {"asset_id": "99090274704256391688435927516995648611081735599617585618164075891332670671636", "price": "0.95", "size": "0", "side": "SELL", "hash": "c45612c1b191498510c41c0b0c6258db5d8d2cac", "best_bid": "0.04", "best_ask": "0.98"}], "timestamp": "1769384901682", "event_type": "price_change"}}
{"_local_timestamp": "2026-01-25T23:48:22.311375+00:00", "data": {"market": "0x898eba737bf09dc31d2bfef5c13aa80235ae7c39f31fb7eef19fc2a718401f42", "price_changes": [{"asset_id": "45853713268775142866296879687552531428049838796788466141343832718928715001653", "price": "0.03", "size": "5.47", "side": "BUY", "hash": "ffad79fe22a3da083671f590162de0f1c6e9332a", "best_bid": "0.03", "best_ask": "0.96"}, {"asset_id": "99090274704256391688435927516995648611081735599617585618164075891332670671636", "price": "0.97", "size": "5.47", "side": "SELL", "hash": "5444fa32615e2fc896bc66d17946f90923df465f", "best_bid": "0.04", "best_ask": "0.97"}], "timestamp": "1769384902239", "event_type": "price_change"}}
