{"_local_timestamp": "2026-01-25T23:41:29.093715+00:00", "data": [{"market": "0x184e9edddf282a0c50079f393159c527a1aaf2b84ff7d052a1bce89d8e0dc4d7", "asset_id": "95703168464269255914902612808226625851477586732956781650027560960228565710273", "timestamp": "1769384438124", "hash": "c8119fead5b982600afc50186f1cfdf5155d26fe", "bids": [{"price": "0.01", "size": "206.9"}, {"price": "0.02", "size": "36.54"}, {"price": "0.03", "size": "5.47"}], "asks": [{"price": "0.99", "size": "202.04"}, {"price": "0.98", "size": "38.98"}, {"price": "0.96", "size": "29.99"}], "event_type": "book", "last_trade_price": ""}, {"market": "0x3075f8991c5aa636ed359fb7b91430a2a8cbfa68b494817b26dd458842d703a3", "asset_id": "94913083419052211968210573560944594034146264626578818326270980957562157445752", "timestamp": "1769384152094", "hash": "969d185e03138ef35eda68adb5418aa7abfc73a3", "bids": [{"price": "0.01", "size": "21932.82"}, {"price": "0.02", "size": "2236.97"}, {"price": "0.23", "size": "10"}, {"price": "0.28", "size": "15"}, {"price": "0.29", "size": "50"}], "asks": [{"price": "0.99", "size": "21937.55"}, {"price": "0.98", "size": "2190.11"}, {"price": "0.97", "size": "29.66"}, {"price": "0.61", "size": "48.36"}], "event_type": "book", "last_trade_price": "0.390"}, {"market": "0x3bf93e79fd4f065e3ee60b9c43dc2adc7b304a812ead93f563fdf71c5e70a1f5", "asset_id": "46025691078712585294745111007011706978341874821623135013587047350407105443750", "timestamp": "1769384486128", "hash": "15966bad0f81a65787f5e7b940ed62065fb1fc71", "bids": [{"price": "0.01", "size": "21948.59"}, {"price": "0.02", "size": "2200.59"}, {"price": "0.03", "size": "19"}, {"price": "0.04", "size": "42.49"}], "asks": [{"price": "0.99", "size": "21941.34"}, {"price": "0.98", "size": "2197.14"}, {"price": "0.97", "size": "23.71"}, {"price": "0.94", "size": "15.47"}], "event_type": "book", "last_trade_price": ""}, {"market": "0x3075f8991c5aa636ed359fb7b91430a2a8cbfa68b494817b26dd458842d703a3", "asset_id": "53190039768851531493284084463964570052283533076541897466842651066771943857048", "timestamp": "1769384152094", "hash": "1d8d8c371fea2a18f9bcb80128366da7717700b2", "bids": [{"price": "0.01", "size": "21937.55"}, {"price": "0.02", "size": "2190.11"}, {"price": "0.03", "size": "29.66"}, {"price": "0.39", "size": "48.36"}], "asks": [{"price": "0.99", "size": "21932.82"}, {"price": "0.98", "size": "2236.97"}, {"price": "0.77", "size": "10"}, {"price": "0.72", "size": "15"}, {"price": "0.71", "size": "50"}], "event_type": "book", "last_trade_price": "0.390"}, {"market": "0xb623eb524cf1dcd94273ca9bc562d9eb665f817bed053e31433dae767607086e", "asset_id": "16696179518832786947393173268333630002953510944216010395388160234922002213424", "timestamp": "1769384438123", "hash": "ea2089334b5ddd56618fa26aab4e68c9707e053e", "bids": [{"price": "0.01", "size": "252.65"}, {"price": "0.02", "size": "22.69"}, {"price": "0.03", "size": "5.47"}], "asks": [{"price": "0.99", "size": "255.04"}, {"price": "0.98", "size": "38.97"}, {"price": "0.96", "size": "29.99"}], "event_type": "book", "last_trade_price": ""}, {"market": "0x44bfb1d6343c06bbd9a889f57dc667c5467cfd786c8dfc0b795c9d3918064e30", "asset_id": "32795835116926795657603331733551077788847388052015233218736038670174736888114", "timestamp": "1769383983979", "hash": "5e5f290c84be3e5ac5e4c8bc2732909e0d7357f6", "bids": [{"price": "0.01", "size": "21948.59"}, {"price": "0.02", "size": "2200.59"}, {"price": "0.03", "size": "18.99"}, {"price": "0.04", "size": "42.49"}], "asks": [{"price": "0.99", "size": "21941.34"}, {"price": "0.98", "size": "2197.14"}, {"price": "0.97", "size": "23.71"}, {"price": "0.94", "size": "15.47"}], "event_type": "book", "last_trade_price": ""}, {"market": "0xb623eb524cf1dcd94273ca9bc562d9eb665f817bed053e31433dae767607086e", "asset_id": "109354612215904168307628013281983124614604501139275781701578855874131966714836", "timestamp": "1769384438123", "hash": "96a48cfb1ed9b4e5008d528c92c7a48eee4e74a7", "bids": [{"price": "0.01", "size": "255.04"}, {"price": "0.02", "size": "38.97"}, {"price": "0.04", "size": "29.99"}], "asks": [{"price": "0.99", "size": "252.65"}, {"price": "0.98", "size": "22.69"}, {"price": "0.97", "size": "5.47"}], "event_type": "book", "last_trade_price": ""}, {"market": "0x3bf93e79fd4f065e3ee60b9c43dc2adc7b304a812ead93f563fdf71c5e70a1f5", "asset_id": "25442539528646279207578875112716436002335302294016782534444447304389693614336", "timestamp": "1769384486128", "hash": "284c99a7b788d80f46951af46cac97e993e60693", "bids": [{"price": "0.01", "size": "21941.34"}, {"price": "0.02", "size": "2197.14"}, {"price": "0.03", "size": "23.71"}, {"price": "0.06", "size": "15.47"}], "asks": [{"price": "0.99", "size": "21948.59"}, {"price": "0.98", "size": "2200.59"}, {"price": "0.97", "size": "19"}, {"price": "0.96", "size": "42.49"}], "event_type": "book", "last_trade_price": ""}, {"market": "0x44bfb1d6343c06bbd9a889f57dc667c5467cfd786c8dfc0b795c9d3918064e30", "asset_id": "112773138651044994156466906896799981628890708504729044376052546359787234388642", "timestamp": "1769383983979", "hash": "71ab7100eeaedc1349b802ad8a220593ff2f861e", "bids": [{"price": "0.01", "size": "21941.34"}, {"price": "0.02", "size": "2197.14"}, {"price": "0.03", "size": "23.71"}, {"price": "0.06", "size": "15.47"}], "asks": [{"price": "0.99", "size": "21948.59"}, {"price": "0.98", "size": "2200.59"}, {"price": "0.97", "size": "18.99"}, {"price": "0.96", "size": "42.49"}], "event_type": "book", "last_trade_price": ""}, {"market": "0x184e9edddf282a0c50079f393159c527a1aaf2b84ff7d052a1bce89d8e0dc4d7", "asset_id": "87326362222831040522498250501380548212999031366594547838604458114130445942133", "timestamp": "1769384438124", "hash": "236a50f7abf312a73b6a8ce3e69d78d486e8c47f", "bids": [{"price": "0.01", "size": "202.04"}, {"price": "0.02", "size": "38.98"}, {"price": "0.04", "size": "29.99"}], "asks": [{"price": "0.99", "size": "206.9"}, {"price": "0.98", "size": "36.54"}, {"price": "0.97", "size": "5.47"}], "event_type": "book", "last_trade_price": ""}]}
{"_local_timestamp": "2026-01-25T23:41:33.253145+00:00", "data": {"market": "0x3075f8991c5aa636ed359fb7b91430a2a8cbfa68b494817b26dd458842d703a3", "price_changes": [{"asset_id": "94913083419052211968210573560944594034146264626578818326270980957562157445752", "price": "0.02", "size": "2190.11", "side": "BUY", "hash": "f554d49373bebbd761680e4a6f0e596b086e6302", "best_bid": "0.29", "best_ask": "0.61"}, {"asset_id": "53190039768851531493284084463964570052283533076541897466842651066771943857048", "price": "0.98", "size": "2190.11", "side": "SELL", "hash": "3403e6510420c00a6ab7504418a2a23d7bde8dd5", "best_bid": "0.39", "best_ask": "0.71"}], "timestamp": "1769384493173", "event_type": "price_change"}}
{"_local_timestamp": "2026-01-25T23:41:33.482462+00:00", "data": {"market": "0x3075f8991c5aa636ed359fb7b91430a2a8cbfa68b494817b26dd458842d703a3", "price_changes": [{"asset_id": "94913083419052211968210573560944594034146264626578818326270980957562157445752", "price": "0.03", "size": "29.25", "side": "BUY", "hash": "a86bdc8d17a392bd0d15f7484be2d548f875a764", "best_bid": "0.29", "best_ask": "0.61"}, {"asset_id": "53190039768851531493284084463964570052283533076541897466842651066771943857048", "price": "0.97", "size": "29.25", "side": "SELL", "hash": "c9da646f8063b5729789d917bd1017394eb6add8", "best_bid": "0.39", "best_ask": "0.71"}], "timestamp": "1769384493413", "event_type": "price_change"}}
{"_local_timestamp": "2026-01-25T23:41:33.482904+00:00", "data": {"market": "0x3075f8991c5aa636ed359fb7b91430a2a8cbfa68b494817b26dd458842d703a3", "price_changes": [{"asset_id": "94913083419052211968210573560944594034146264626578818326270980957562157445752", "price": "0.01", "size": "21938.79", "side": "BUY", "hash": "d152d66548fcb13776146c44d2a2f5e9e24043b1", "best_bid": "0.29", "best_ask": "0.61"}, {"asset_id": "53190039768851531493284084463964570052283533076541897466842651066771943857048", "price": "0.99", "size": "21938.79", "side": "SELL", "hash": "d5a55101f7d84a5c32e4402fbb803f522c0d391f", "best_bid": "0.39", "best_ask": "0.71"}], "timestamp": "1769384493414", "event_type": "price_change"}}
