{"_local_timestamp": "2026-01-25T23:33:53.249684+00:00", "data": [{"market": "0xa82369f8cd0613e9cb843d07e87c6b91b564c1265738b69e7053b75d8d194072", "asset_id": "68920659505468313520408686217763348542438468104855337990549641270016076337409", "timestamp": "1769383885943", "hash": "819b939a0f4d652e3e0f71798eb462eaa07dd3fe", "bids": [{"price": "0.01", "size": "105.78"}, {"price": "0.02", "size": "203.94"}, {"price": "0.03", "size": "10.03"}, {"price": "0.06", "size": "11.51"}], "asks": [{"price": "0.99", "size": "112.04"}, {"price": "0.98", "size": "215.48"}, {"price": "0.97", "size": "18.99"}, {"price": "0.96", "size": "29.99"}], "event_type": "book", "last_trade_price": ""}, {"market": "0x755a62c90339cdf3468fab177c6bfd9dceb5e45203e68bf069b50303a6abd25f", "asset_id": "84460776671731186445015851207745064196399530432412893483409324414283960172444", "timestamp": "1769383840241", "hash": "b56c9466a08ec5f16e395081f9c7a2dec80deea8", "bids": [{"price": "0.01", "size": "62.05"}, {"price": "0.02", "size": "190.48"}, {"price": "0.03", "size": "18.99"}, {"price": "0.04", "size": "29.99"}], "asks": [{"price": "0.99", "size": "69.11"}, {"price": "0.98", "size": "178.75"}, {"price": "0.97", "size": "20.79"}, {"price": "0.96", "size": "5.47"}], "event_type": "book", "last_trade_price": ""}, {"market": "0xa9e485d9ab8973f5683fc4992b591ab9997052b8d7acc5d800d197e95ba0f5ee", "asset_id": "52957896528748198044120161866858084167956853408096664478472083379802465908152", "timestamp": "1769383840382", "hash": "76edc13ca80164a2818ce27f3c1566a1843a32dc", "bids": [{"price": "0.01", "size": "59.79"}, {"price": "0.02", "size": "179.03"}, {"price": "0.03", "size": "23.71"}, {"price": "0.04", "size": "5.47"}], "asks": [{"price": "0.99", "size": "62.05"}, {"price": "0.98", "size": "190.48"}, {"price": "0.97", "size": "18.99"}, {"price": "0.96", "size": "38.98"}], "event_type": "book", "last_trade_price": ""}, {"market": "0x887d9af4bfb28d239e7ed0c69ff91d84ece92a11b58984d0ff0393c0c24a2d01", "asset_id": "53797474885844189083818567441605903163912505725772675434705257100199647449827", "timestamp": "1769383843652", "hash": "708950072f0df8048ad6b9e4faeb81775f848f97", "bids": [{"price": "0.01", "size": "162.05"}, {"price": "0.02", "size": "240.48"}, {"price": "0.03", "size": "18.99"}, {"price": "0.04", "size": "29.99"}], "asks": [{"price": "0.99", "size": "156.8"}, {"price": "0.98", "size": "227.67"}, {"price": "0.97", "size": "25.62"}, {"price": "0.96", "size": "5.47"}], "event_type": "book", "last_trade_price": ""}, {"market": "0xca130e51e4406596d098557a80d3fa6e95eb16d32ef09d08d20da8b7ab6d6298", "asset_id": "9877937220298673394222737478141754783632484432479493143738647510821851680044", "timestamp": "1769383843652", "hash": "0aff682a790144b0924faf1eeab82a8e174b3493", "bids": [{"price": "0.01", "size": "62.05"}, {"price": "0.02", "size": "180.48"}, {"price": "0.03", "size": "18.99"}, {"price": "0.04", "size": "29.99"}], "asks": [{"price": "0.99", "size": "57.68"}, {"price": "0.98", "size": "177.05"}, {"price": "0.97", "size": "25.74"}, {"price": "0.96", "size": "5.47"}], "event_type": "book", "last_trade_price": ""}, {"market": "0xc3e7877c4d9446b5c2ca915c4bf2b12b6165efcf74b881c5c37ae06a6f7f0b40", "asset_id": "32696279816781562603646861024864649709139349878042119834576074948718205721178", "timestamp": "1769382623700", "hash": "c179db8beaccb2b78ff33bafce090e5663c3c892", "bids": [{"price": "0.01", "size": "45"}, {"price": "0.02", "size": "155.71"}, {"price": "0.03", "size": "81"}, {"price": "0.04", "size": "22.14"}, {"price": "0.4", "size": "6"}], "asks": [{"price": "0.99", "size": "1050.25"}, {"price": "0.98", "size": "150"}, {"price": "0.97", "size": "13.24"}, {"price": "0.95", "size": "10"}, {"price": "0.94", "size": "8.33"}, {"price": "0.44", "size": "5"}, {"price": "0.43", "size": "5"}, {"price": "0.41", "size": "290"}], "event_type": "book", "last_trade_price": ""}, {"market": "0x0c35017fce45618791b247a0e015a99dfdaa11fce35665f46a21329c75539bf5", "asset_id": "91719725116883012291565512161477775996897243486374553084185529876278409496454", "timestamp": "1769383842528", "hash": "0496c36ca00cf64bcfa3ce7e24554b07a91e71f7", "bids": [{"price": "0.01", "size": "68.51"}, {"price": "0.02", "size": "179.03"}, {"price": "0.03", "size": "20.8"}, {"price": "0.04", "size": "5.47"}], "asks": [{"price": "0.99", "size": "62.05"}, {"price": "0.98", "size": "190.48"}, {"price": "0.97", "size": "18.99"}, {"price": "0.96", "size": "29.99"}], "event_type": "book", "last_trade_price": ""}, {"market": "0xa2945f80a0c041b15c57a16539369873a31aae20c028d50efc9f4fe4c46f9973", "asset_id": "36376479227210509138719694118857362983085092412966657890412021289097812996653", "timestamp": "1769383840382", "hash": "cc09d61cfbd1e2c65a58fbd5843262a330379b65", "bids": [{"price": "0.01", "size": "62.05"}, {"price": "0.02", "size": "190.48"}, {"price": "0.03", "size": "18.99"}, {"price": "0.04", "size": "29.99"}], "asks": [{"price": "0.99", "size": "59.78"}, {"price": "0.98", "size": "179.03"}, {"price": "0.97", "size": "23.72"}, {"price": "0.96", "size": "5.47"}], "event_type": "book", "last_trade_price": ""}, {"market": "0x0c35017fce45618791b247a0e015a99dfdaa11fce35665f46a21329c75539bf5", "asset_id": "113869036122116896359974222126121258669445902300788141703831662654178658580719", "timestamp": "1769383842528", "hash": "a4f78cb31150a26feb32fbf1ed9d29875ef95923", "bids": [{"price": "0.01", "size": "62.05"}, {"price": "0.02", "size": "190.48"}, {"price": "0.03", "size": "18.99"}, {"price": "0.04", "size": "29.99"}], "asks": [{"price": "0.99", "size": "68.51"}, {"price": "0.98", "size": "179.03"}, {"price": "0.97", "size": "20.8"}, {"price": "0.96", "size": "5.47"}], "event_type": "book", "last_trade_price": ""}, {"market": "0x0e43c388a48dda26db3c52eb9813ea91188aea3b296595b6e4bbe4c21d8084b0", "asset_id": "102511604076257806476238809539017003625339720903982467852262014324396343577525", "timestamp": "1769383979108", "hash": "9eb69f416ab1f4cd1b4dbbcfc20ed4d13fc1c436", "bids": [{"price": "0.01", "size": "67.05"}, {"price": "0.02", "size": "182.48"}, {"price": "0.03", "size": "18.99"}, {"price": "0.04", "size": "5.47"}], "asks": [{"price": "0.99", "size": "62.05"}, {"price": "0.98", "size": "190.48"}, {"price": "0.97", "size": "18.99"}, {"price": "0.96", "size": "29.99"}], "event_type": "book", "last_trade_price": ""}, {"market": "0x83ecbe4fce688c64f4b5d4befac5e64922cb8682e0e1365fc0468ff533c71e49", "asset_id": "105434914828600935285428845047491083161332333045327551979231234346212907811414", "timestamp": "1769383842528", "hash": "e38aa7bce719a207202503c27a66aab2f7de6a15", "bids": [{"price": "0.01", "size": "162.05"}, {"price": "0.02", "size": "240.48"}, {"price": "0.03", "size": "18.99"}, {"price": "0.04", "size": "29.99"}], "asks": [{"price": "0.99", "size": "164.89"}, {"price": "0.98", "size": "232.78"}, {"price": "0.97", "size": "19.51"}, {"price": "0.96", "size": "5.47"}], "event_type": "book", "last_trade_price": ""}, {"market": "0x755a62c90339cdf3468fab177c6bfd9dceb5e45203e68bf069b50303a6abd25f", "asset_id": "78909895416168898474213741912660947562122027739865278774230819696266961515246", "timestamp": "1769383840241", "hash": "c6eb6d5f919807b0a6ec39606d5444c4cc32f1f4", "bids": [{"price": "0.01", "size": "69.11"}, {"price": "0.02", "size": "178.75"}, {"price": "0.03", "size": "20.79"}, {"price": "0.04", "size": "5.47"}], "asks": [{"price": "0.99", "size": "62.05"}, {"price": "0.98", "size": "190.48"}, {"price": "0.97", "size": "18.99"}, {"price": "0.96", "size": "29.99"}], "event_type": "book", "last_trade_price": ""}, {"market": "0x6a4478e27573f95e3440cbc34f7b2365f7cb10cfd0b4364ca5561b4e9aab4891", "asset_id": "96043889621651020187424767256997061290487486445860257445666515755879268438162", "timestamp": "1769383946693", "hash": "a726112f307e37fe14956df0555c9960bd20a6be", "bids": [{"price": "0.01", "size": "3755.05"}, {"price": "0.02", "size": "2250"}, {"price": "0.03", "size": "9.36"}, {"price": "0.05", "size": "1700"}, {"price": "0.09", "size": "700"}, {"price": "0.1", "size": "6.18"}, {"price": "0.14", "size": "200"}, {"price": "0.21", "size": "2000"}, {"price": "0.22", "size": "250"}, {"price": "0.26", "size": "300"}, {"price": "0.29", "size": "200"}, {"price": "0.31", "size": "125"}, {"price": "0.34", "size": "75"}, {"price": "0.35", "size": "10"}, {"price": "0.5", "size": "30"}, {"price": "0.63", "size": "311.44"}, {"price": "0.64", "size": "250"}, {"price": "0.69", "size": "137.56"}], "asks": [{"price": "0.99", "size": "940"}, {"price": "0.98", "size": "156.2"}, {"price": "0.97", "size": "75"}, {"price": "0.96", "size": "21.89"}, {"price": "0.9", "size": "300"}, {"price": "0.89", "size": "300"}, {"price": "0.88", "size": "125"}, {"price": "0.87", "size": "75"}, {"price": "0.8", "size": "194.78"}, {"price": "0.78", "size": "10"}, {"price": "0.75", "size": "10"}, {"price": "0.71", "size": "500"}, {"price": "0.7", "size": "50"}], "event_type": "book", "last_trade_price": "0.690"}, {"market": "0xc3e7877c4d9446b5c2ca915c4bf2b12b6165efcf74b881c5c37ae06a6f7f0b40", "asset_id": "8986929773922569337198837371098753707143429543105092459506437941673659406551", "timestamp": "1769382623700", "hash": "47daf056ea5d52ccee04238c04b847788769274e", "bids": [{"price": "0.01", "size": "1050.25"}, {"price": "0.02", "size": "150"}, {"price": "0.03", "size": "13.24"}, {"price": "0.05", "size": "10"}, {"price": "0.06", "size": "8.33"}, {"price": "0.56", "size": "5"}, {"price": "0.57", "size": "5"}, {"price": "0.59", "size": "290"}], "asks": [{"price": "0.99", "size": "45"}, {"price": "0.98", "size": "155.71"}, {"price": "0.97", "size": "81"}, {"price": "0.96", "size": "22.14"}, {"price": "0.6", "size": "6"}], "event_type": "book", "last_trade_price": ""}, {"market": "0xa2945f80a0c041b15c57a16539369873a31aae20c028d50efc9f4fe4c46f9973", "asset_id": "45622453771453949816894791094505340162140487852041488561027748414607473630122", "timestamp": "1769383840382", "hash": "9d8196719ccac6ba3eb483367901df834d0ef2d8", "bids": [{"price": "0.01", "size": "59.78"}, {"price": "0.02", "size": "179.03"}, {"price": "0.03", "size": "23.72"}, {"price": "0.04", "size": "5.47"}], "asks": [{"price": "0.99", "size": "62.05"}, {"price": "0.98", "size": "190.48"}, {"price": "0.97", "size": "18.99"}, {"price": "0.96", "size": "29.99"}], "event_type": "book", "last_trade_price": ""}, {"market": "0xa9e485d9ab8973f5683fc4992b591ab9997052b8d7acc5d800d197e95ba0f5ee", "asset_id": "42963846885724327117066696479449241735482257984315608228983457680056285716377", "timestamp": "1769383840382", "hash": "6a1f10f7ab387d0e727a2a8fbfe5cec0777feb6d", "bids": [{"price": "0.01", "size": "62.05"}, {"price": "0.02", "size": "190.48"}, {"price": "0.03", "size": "18.99"}, {"price": "0.04", "size": "38.98"}], "asks": [{"price": "0.99", "size": "59.79"}, {"price": "0.98", "size": "179.03"}, {"price": "0.97", "size": "23.71"}, {"price": "0.96", "size": "5.47"}], "event_type": "book", "last_trade_price": ""}, {"market": "0x83ecbe4fce688c64f4b5d4befac5e64922cb8682e0e1365fc0468ff533c71e49", "asset_id": "68037078242557231080288874617522547606466154419149083356555127918659292747130", "timestamp": "1769383842528", "hash": "e43d1df920cd1da853f14a28ca72b9ff8af4500c", "bids": [{"price": "0.01", "size": "164.89"}, {"price": "0.02", "size": "232.78"}, {"price": "0.03", "size": "19.51"}, {"price": "0.04", "size": "5.47"}], "asks": [{"price": "0.99", "size": "162.05"}, {"price": "0.98", "size": "240.48"}, {"price": "0.97", "size": "18.99"}, {"price": "0.96", "size": "29.99"}], "event_type": "book", "last_trade_price": ""}, {"market": "0x754ef6f17592b0ef700ddd256368d8a853e1b2608d801cbd10bb8867943feb51", "asset_id": "100119332257398155495950907520135487242937804051607670301581332334796358396713", "timestamp": "1769383843652", "hash": "5c9d502c0eb71325d1152f9395beadf935a08002", "bids": [{"price": "0.01", "size": "111.05"}, {"price": "0.02", "size": "214.48"}, {"price": "0.03", "size": "18.99"}, {"price": "0.04", "size": "29.99"}], "asks": [{"price": "0.99", "size": "106.67"}, {"price": "0.98", "size": "202.05"}, {"price": "0.97", "size": "25.74"}, {"price": "0.96", "size": "5.47"}], "event_type": "book", "last_trade_price": ""}, {"market": "0xa82369f8cd0613e9cb843d07e87c6b91b564c1265738b69e7053b75d8d194072", "asset_id": "46422279213299921123420170221742083018235225596393864746784180664594216048059", "timestamp": "1769383885943", "hash": "f6f55b50b88db36c4d675892a7452d64fe81f79d", "bids": [{"price": "0.01", "size": "112.04"}, {"price": "0.02", "size": "215.48"}, {"price": "0.03", "size": "18.99"}, {"price": "0.04", "size": "29.99"}], "asks": [{"price": "0.99", "size": "105.78"}, {"price": "0.98", "size": "203.94"}, {"price": "0.97", "size": "10.03"}, {"price": "0.94", "size": "11.51"}], "event_type": "book", "last_trade_price": ""}, {"market": "0x887d9af4bfb28d239e7ed0c69ff91d84ece92a11b58984d0ff0393c0c24a2d01", "asset_id": "91500912612677572060291806454710032668881503701184797906037737191617363298512", "timestamp": "1769383843652", "hash": "1d393ed569a5bb59062145a9a32641ba7ee8b80c", "bids": [{"price": "0.01", "size": "156.8"}, {"price": "0.02", "size": "227.67"}, {"price": "0.03", "size": "25.62"}, {"price": "0.04", "size": "5.47"}], "asks": [{"price": "0.99", "size": "162.05"}, {"price": "0.98", "size": "240.48"}, {"price": "0.97", "size": "18.99"}, {"price": "0.96", "size": "29.99"}], "event_type": "book", "last_trade_price": ""}, {"market": "0x754ef6f17592b0ef700ddd256368d8a853e1b2608d801cbd10bb8867943feb51", "asset_id": "58817089064209115360537822581951729680659415067098716481850517826996528126939", "timestamp": "1769383843652", "hash": "651385b26a17bf2d38e0c9d0b21e0c165347d238", "bids": [{"price": "0.01", "size": "106.67"}, {"price": "0.02", "size": "202.05"}, {"price": "0.03", "size": "25.74"}, {"price": "0.04", "size": "5.47"}], "asks": [{"price": "0.99", "size": "111.05"}, {"price": "0.98", "size": "214.48"}, {"price": "0.97", "size": "18.99"}, {"price": "0.96", "size": "29.99"}], "event_type": "book", "last_trade_price": ""}, {"market": "0x0e43c388a48dda26db3c52eb9813ea91188aea3b296595b6e4bbe4c21d8084b0", "asset_id": "34585893689836828365103711114049969648303333079217680891554537778358996709791", "timestamp": "1769383979108", "hash": "cdf1df86115a01b59ec2b00d9538938182d767da", "bids": [{"price": "0.01", "size": "62.05"}, {"price": "0.02", "size": "190.48"}, {"price": "0.03", "size": "18.99"}, {"price": "0.04", "size": "29.99"}], "asks": [{"price": "0.99", "size": "67.05"}, {"price": "0.98", "size": "182.48"}, {"price": "0.97", "size": "18.99"}, {"price": "0.96", "size": "5.47"}], "event_type": "book", "last_trade_price": ""}, {"market": "0x6a4478e27573f95e3440cbc34f7b2365f7cb10cfd0b4364ca5561b4e9aab4891", "asset_id": "55381454494707880049199570510897695915429248734443086753962741530042084242732", "timestamp": "1769383946693", "hash": "fff4eab6ba670f95a8adf2fecf7547eb6fe7d91e", "bids": [{"price": "0.01", "size": "940"}, {"price": "0.02", "size": "156.2"}, {"price": "0.03", "size": "75"}, {"price": "0.04", "size": "21.89"}, {"price": "0.1", "size": "300"}, {"price": "0.11", "size": "300"}, {"price": "0.12", "size": "125"}, {"price": "0.13", "size": "75"}, {"price": "0.2", "size": "194.78"}, {"price": "0.22", "size": "10"}, {"price": "0.25", "size": "10"}, {"price": "0.29", "size": "500"}, {"price": "0.3", "size": "50"}], "asks": [{"price": "0.99", "size": "3755.05"}, {"price": "0.98", "size": "2250"}, {"price": "0.97", "size": "9.36"}, {"price": "0.95", "size": "1700"}, {"price": "0.91", "size": "700"}, {"price": "0.9", "size": "6.18"}, {"price": "0.86", "size": "200"}, {"price": "0.79", "size": "2000"}, {"price": "0.78", "size": "250"}, {"price": "0.74", "size": "300"}, {"price": "0.71", "size": "200"}, {"price": "0.69", "size": "125"}, {"price": "0.66", "size": "75"}, {"price": "0.65", "size": "10"}, {"price": "0.5", "size": "30"}, {"price": "0.37", "size": "311.44"}, {"price": "0.36", "size": "250"}, {"price": "0.31", "size": "137.56"}], "event_type": "book", "last_trade_price": "0.690"}, {"market": "0xca130e51e4406596d098557a80d3fa6e95eb16d32ef09d08d20da8b7ab6d6298", "asset_id": "35965820443596672753502165079905474159071605177387618189868308759415426382973", "timestamp": "1769383843652", "hash": "1b327eb98cb4ff165d1c34983bb89fd6ecd82d7b", "bids": [{"price": "0.01", "size": "57.68"}, {"price": "0.02", "size": "177.05"}, {"price": "0.03", "size": "25.74"}, {"price": "0.04", "size": "5.47"}], "asks": [{"price": "0.99", "size": "62.05"}, {"price": "0.98", "size": "180.48"}, {"price": "0.97", "size": "18.99"}, {"price": "0.96", "size": "29.99"}], "event_type": "book", "last_trade_price": ""}]}
{"_local_timestamp": "2026-01-25T23:34:35.504060+00:00", "data": {"market": "0x83ecbe4fce688c64f4b5d4befac5e64922cb8682e0e1365fc0468ff533c71e49", "price_changes": [{"asset_id": "68037078242557231080288874617522547606466154419149083356555127918659292747130", "price": "0.05", "size": "23.99", "side": "BUY", "hash": "3324190134fe4657f0bd3c4b9816b5e5a0e4c0d4", "best_bid": "0.05", "best_ask": "0.96"}, {"asset_id": "105434914828600935285428845047491083161332333045327551979231234346212907811414", "price": "0.95", "size": "23.99", "side": "SELL", "hash": "ce55fa3f77eaddec54d4380e79fca99d4b2d1c5a", "best_bid": "0.04", "best_ask": "0.95"}], "timestamp": "1769384075257", "event_type": "price_change"}}
{"_local_timestamp": "2026-01-25T23:34:35.507468+00:00", "data": {"market": "0xca130e51e4406596d098557a80d3fa6e95eb16d32ef09d08d20da8b7ab6d6298", "price_changes": [{"asset_id": "35965820443596672753502165079905474159071605177387618189868308759415426382973", "price": "0.05", "size": "23.99", "side": "BUY", "hash": "61d9891b3d703d7485081582aadd62ea5287edb4", "best_bid": "0.05", "best_ask": "0.96"}, {"asset_id": "9877937220298673394222737478141754783632484432479493143738647510821851680044", "price": "0.95", "size": "23.99", "side": "SELL", "hash": "18e45c33cd4a8694db6411006e6c0a5158baca95", "best_bid": "0.04", "best_ask": "0.95"}], "timestamp": "1769384075257", "event_type": "price_change"}}
{"_local_timestamp": "2026-01-25T23:34:35.509308+00:00", "data": {"market": "0x887d9af4bfb28d239e7ed0c69ff91d84ece92a11b58984d0ff0393c0c24a2d01", "price_changes": [{"asset_id": "91500912612677572060291806454710032668881503701184797906037737191617363298512", "price": "0.05", "size": "23.99", "side": "BUY", "hash": "1b2f5d7ae38937d1b70bb2c4610d396057958c08", "best_bid": "0.05", "best_ask": "0.96"}, {"asset_id": "53797474885844189083818567441605903163912505725772675434705257100199647449827", "price": "0.95", "size": "23.99", "side": "SELL", "hash": "8f878a4ad388bb30f6d9c654acea918b06fd29e6", "best_bid": "0.04", "best_ask": "0.95"}], "timestamp": "1769384075257", "event_type": "price_change"}}
{"_local_timestamp": "2026-01-25T23:34:35.617838+00:00", "data": {"market": "0x755a62c90339cdf3468fab177c6bfd9dceb5e45203e68bf069b50303a6abd25f", "price_changes": [{"asset_id": "78909895416168898474213741912660947562122027739865278774230819696266961515246", "price": "0.05", "size": "23.99", "side": "BUY", "hash": "a799725b796e200eeb1fc3ce6a7a626d679e2f07", "best_bid": "0.05", "best_ask": "0.96"}, {"asset_id": "84460776671731186445015851207745064196399530432412893483409324414283960172444", "price": "0.95", "size": "23.99", "side": "SELL", "hash": "dfd5e37c03e9daccdcb27e069944b0c3d33a6bcc", "best_bid": "0.04", "best_ask": "0.95"}], "timestamp": "1769384075380", "event_type": "price_change"}}
{"_local_timestamp": "2026-01-25T23:34:35.618319+00:00", "data": {"market": "0x754ef6f17592b0ef700ddd256368d8a853e1b2608d801cbd10bb8867943feb51", "price_changes": [{"asset_id": "58817089064209115360537822581951729680659415067098716481850517826996528126939", "price": "0.05", "size": "23.99", "side": "BUY", "hash": "82caa4230170146bca2c5471935b788b735b8b75", "best_bid": "0.05", "best_ask": "0.96"}, {"asset_id": "100119332257398155495950907520135487242937804051607670301581332334796358396713", "price": "0.95", "size": "23.99", "side": "SELL", "hash": "f05a6c612e8e741d6e43de55da087b67bc9ccfb9", "best_bid": "0.04", "best_ask": "0.95"}], "timestamp": "1769384075380", "event_type": "price_change"}}
{"_local_timestamp": "2026-01-25T23:34:35.619019+00:00", "data": {"market": "0x0c35017fce45618791b247a0e015a99dfdaa11fce35665f46a21329c75539bf5", "price_changes": [{"asset_id": "91719725116883012291565512161477775996897243486374553084185529876278409496454", "price": "0.05", "size": "23.99", "side": "BUY", "hash": "080a8564b9ad3dc93785807a6e0c57219327fe91", "best_bid": "0.05", "best_ask": "0.96"}, {"asset_id": "113869036122116896359974222126121258669445902300788141703831662654178658580719", "price": "0.95", "size": "23.99", "side": "SELL", "hash": "b803c22d9d9e9004b0b2e72c0066d8d0b656fcf4", "best_bid": "0.04", "best_ask": "0.95"}], "timestamp": "1769384075380", "event_type": "price_change"}}
{"_local_timestamp": "2026-01-25T23:34:35.625316+00:00", "data": {"market": "0xa9e485d9ab8973f5683fc4992b591ab9997052b8d7acc5d800d197e95ba0f5ee", "price_changes": [{"asset_id": "52957896528748198044120161866858084167956853408096664478472083379802465908152", "price": "0.05", "size": "23.99", "side": "BUY", "hash": "9d4c79e16bdd757322f37281b223dedc1f4251b1", "best_bid": "0.05", "best_ask": "0.96"}, {"asset_id": "42963846885724327117066696479449241735482257984315608228983457680056285716377", "price": "0.95", "size": "23.99", "side": "SELL", "hash": "287d23e82deba7b7130399dd0b3783c77843b87b", "best_bid": "0.04", "best_ask": "0.95"}], "timestamp": "1769384075380", "event_type": "price_change"}}
{"_local_timestamp": "2026-01-25T23:34:35.713231+00:00", "data": {"market": "0xa2945f80a0c041b15c57a16539369873a31aae20c028d50efc9f4fe4c46f9973", "price_changes": [{"asset_id": "45622453771453949816894791094505340162140487852041488561027748414607473630122", "price": "0.05", "size": "23.99", "side": "BUY", "hash": "dcf2b65ad72f1d58970b4452345cfa507affef6f", "best_bid": "0.05", "best_ask": "0.96"}, {"asset_id": "36376479227210509138719694118857362983085092412966657890412021289097812996653", "price": "0.95", "size": "23.99", "side": "SELL", "hash": "deede40767284bd49b9809d694359007dd77342a", "best_bid": "0.04", "best_ask": "0.95"}], "timestamp": "1769384075478", "event_type": "price_change"}}
{"_local_timestamp": "2026-01-25T23:34:38.994952+00:00", "data": {"market": "0x887d9af4bfb28d239e7ed0c69ff91d84ece92a11b58984d0ff0393c0c24a2d01", "price_changes": [{"asset_id": "91500912612677572060291806454710032668881503701184797906037737191617363298512", "price": "0.04", "size": "0", "side": "BUY", "hash": "80932222ed32d03becd09c1f82b886fda7da6e54", "best_bid": "0.05", "best_ask": "0.96"}, {"asset_id": "53797474885844189083818567441605903163912505725772675434705257100199647449827", "price": "0.96", "size": "0", "side": "SELL", "hash": "c7ac4d9fe60f763dcd94bd9e53996cf010caf628", "best_bid": "0.04", "best_ask": "0.95"}], "timestamp": "1769384078926", "event_type": "price_change"}}
{"_local_timestamp": "2026-01-25T23:34:39.005612+00:00", "data": {"market": "0x755a62c90339cdf3468fab177c6bfd9dceb5e45203e68bf069b50303a6abd25f", "price_changes": [{"asset_id": "78909895416168898474213741912660947562122027739865278774230819696266961515246", "price": "0.04", "size": "0", "side": "BUY", "hash": "6bb068d3ee8c7463e3468d93bfd16384774942a0", "best_bid": "0.05", "best_ask": "0.96"}, {"asset_id": "84460776671731186445015851207745064196399530432412893483409324414283960172444", "price": "0.96", "size": "0", "side": "SELL", "hash": "42e59f6708ce4719dfa06b7ba3054a4f5efc6c4d", "best_bid": "0.04", "best_ask": "0.95"}], "timestamp": "1769384078927", "event_type": "price_change"}}
{"_local_timestamp": "2026-01-25T23:34:39.009226+00:00", "data": {"market": "0xa2945f80a0c041b15c57a16539369873a31aae20c028d50efc9f4fe4c46f9973", "price_changes": [{"asset_id": "45622453771453949816894791094505340162140487852041488561027748414607473630122", "price": "0.04", "size": "0", "side": "BUY", "hash": "a4a571eaee30d0868e4904ed6ad8f3e57d0509cf", "best_bid": "0.05", "best_ask": "0.96"}, {"asset_id": "36376479227210509138719694118857362983085092412966657890412021289097812996653", "price": "0.96", "size": "0", "side": "SELL", "hash": "b82fb20f042dd93210bca8a2e1b4c794fec7cc5c", "best_bid": "0.04", "best_ask": "0.95"}], "timestamp": "1769384078927", "event_type": "price_change"}}
{"_local_timestamp": "2026-01-25T23:34:39.009744+00:00", "data": {"market": "0xca130e51e4406596d098557a80d3fa6e95eb16d32ef09d08d20da8b7ab6d6298", "price_changes": [{"asset_id": "35965820443596672753502165079905474159071605177387618189868308759415426382973", "price": "0.04", "size": "0", "side": "BUY", "hash": "d3049ff9060c1e75a8d5606db98f65292fe1d47a", "best_bid": "0.05", "best_ask": "0.96"}, {"asset_id": "9877937220298673394222737478141754783632484432479493143738647510821851680044", "price": "0.96", "size": "0", "side": "SELL", "hash": "715d128429de30629f735f68958406ca58b953ea", "best_bid": "0.04", "best_ask": "0.95"}], "timestamp": "1769384078926", "event_type": "price_change"}}
{"_local_timestamp": "2026-01-25T23:34:39.010222+00:00", "data": {"market": "0xa9e485d9ab8973f5683fc4992b591ab9997052b8d7acc5d800d197e95ba0f5ee", "price_changes": [{"asset_id": "52957896528748198044120161866858084167956853408096664478472083379802465908152", "price": "0.04", "size": "0", "side": "BUY", "hash": "6fa1db53e7996c28df058052d49b1bc760b006e7", "best_bid": "0.05", "best_ask": "0.96"}, {"asset_id": "42963846885724327117066696479449241735482257984315608228983457680056285716377", "price": "0.96", "size": "0", "side": "SELL", "hash": "ac1cf2801a4e5baf396a7611f0629685912678f2", "best_bid": "0.04", "best_ask": "0.95"}], "timestamp": "1769384078927", "event_type": "price_change"}}
{"_local_timestamp": "2026-01-25T23:34:39.011525+00:00", "data": {"market": "0x754ef6f17592b0ef700ddd256368d8a853e1b2608d801cbd10bb8867943feb51", "price_changes": [{"asset_id": "58817089064209115360537822581951729680659415067098716481850517826996528126939", "price": "0.04", "size": "0", "side": "BUY", "hash": "a757e30c6a93667fd5493e83227e8d9a1be71818", "best_bid": "0.05", "best_ask": "0.96"}, {"asset_id": "100119332257398155495950907520135487242937804051607670301581332334796358396713", "price": "0.96", "size": "0", "side": "SELL", "hash": "cc7b982702e51fda1c8d5d27b0b0e7378fef54f5", "best_bid": "0.04", "best_ask": "0.95"}], "timestamp": "1769384078926", "event_type": "price_change"}}
{"_local_timestamp": "2026-01-25T23:34:39.019623+00:00", "data": {"market": "0x83ecbe4fce688c64f4b5d4befac5e64922cb8682e0e1365fc0468ff533c71e49", "price_changes": [{"asset_id": "68037078242557231080288874617522547606466154419149083356555127918659292747130", "price": "0.04", "size": "0", "side": "BUY", "hash": "20634f1e94e60e827fd45fbac815163c6009d5fa", "best_bid": "0.05", "best_ask": "0.96"}, {"asset_id": "105434914828600935285428845047491083161332333045327551979231234346212907811414", "price": "0.96", "size": "0", "side": "SELL", "hash": "49881c8e3bcb4f1b87d190124ee29bea2a1a5dce", "best_bid": "0.04", "best_ask": "0.95"}], "timestamp": "1769384078927", "event_type": "price_change"}}
{"_local_timestamp": "2026-01-25T23:34:39.027088+00:00", "data": {"market": "0x0c35017fce45618791b247a0e015a99dfdaa11fce35665f46a21329c75539bf5", "price_changes": [{"asset_id": "91719725116883012291565512161477775996897243486374553084185529876278409496454", "price": "0.04", "size": "0", "side": "BUY", "hash": "425ece3c4b69445f9a92d03101913b3651882859", "best_bid": "0.05", "best_ask": "0.96"}, {"asset_id": "113869036122116896359974222126121258669445902300788141703831662654178658580719", "price": "0.96", "size": "0", "side": "SELL", "hash": "31ab5b2f65da425acda77b03966dbbe9ad8e7359", "best_bid": "0.04", "best_ask": "0.95"}], "timestamp": "1769384078926", "event_type": "price_change"}}
{"_local_timestamp": "2026-01-25T23:34:39.267452+00:00", "data": {"market": "0x754ef6f17592b0ef700ddd256368d8a853e1b2608d801cbd10bb8867943feb51", "price_changes": [{"asset_id": "58817089064209115360537822581951729680659415067098716481850517826996528126939", "price": "0.06", "size": "5.47", "side": "BUY", "hash": "898f70fbe3f5fef8a38727e61bc5dcc072996118", "best_bid": "0.06", "best_ask": "0.96"}, {"asset_id": "100119332257398155495950907520135487242937804051607670301581332334796358396713", "price": "0.94", "size": "5.47", "side": "SELL", "hash": "4eb0de24bebda706a92550745eb780c9a0f02fa3", "best_bid": "0.04", "best_ask": "0.94"}], "timestamp": "1769384079158", "event_type": "price_change"}}
{"_local_timestamp": "2026-01-25T23:34:39.271692+00:00", "data": {"market": "0x0c35017fce45618791b247a0e015a99dfdaa11fce35665f46a21329c75539bf5", "price_changes": [{"asset_id": "91719725116883012291565512161477775996897243486374553084185529876278409496454", "price": "0.06", "size": "5.47", "side": "BUY", "hash": "daa6ee4f4a9d82016e3946e36efcd4701240ddc1", "best_bid": "0.06", "best_ask": "0.96"}, {"asset_id": "113869036122116896359974222126121258669445902300788141703831662654178658580719", "price": "0.94", "size": "5.47", "side": "SELL", "hash": "27528fdb3a53a4b603a1aeb4491f6698fa2420b8", "best_bid": "0.04", "best_ask": "0.94"}], "timestamp": "1769384079158", "event_type": "price_change"}}
{"_local_timestamp": "2026-01-25T23:34:39.272106+00:00", "data": {"market": "0xca130e51e4406596d098557a80d3fa6e95eb16d32ef09d08d20da8b7ab6d6298", "price_changes": [{"asset_id": "35965820443596672753502165079905474159071605177387618189868308759415426382973", "price": "0.06", "size": "5.47", "side": "BUY", "hash": "351fd429dc0e91ef74130f3a56dc7bee37f13157", "best_bid": "0.06", "best_ask": "0.96"}, {"asset_id": "9877937220298673394222737478141754783632484432479493143738647510821851680044", "price": "0.94", "size": "5.47", "side": "SELL", "hash": "94bd427974cfff0ad9dfcab29587e7064d788115", "best_bid": "0.04", "best_ask": "0.94"}], "timestamp": "1769384079158", "event_type": "price_change"}}
{"_local_timestamp": "2026-01-25T23:34:39.272425+00:00", "data": {"market": "0xa2945f80a0c041b15c57a16539369873a31aae20c028d50efc9f4fe4c46f9973", "price_changes": [{"asset_id": "45622453771453949816894791094505340162140487852041488561027748414607473630122", "price": "0.06", "size": "5.47", "side": "BUY", "hash": "4c2cab4cbe5f27df3bab786f06679245475b5d4d", "best_bid": "0.06", "best_ask": "0.96"}, {"asset_id": "36376479227210509138719694118857362983085092412966657890412021289097812996653", "price": "0.94", "size": "5.47", "side": "SELL", "hash": "1be1cdbb1279bad5e4b1d12cf98cde337f10dd9b", "best_bid": "0.04", "best_ask": "0.94"}], "timestamp": "1769384079158", "event_type": "price_change"}}
{"_local_timestamp": "2026-01-25T23:34:39.272723+00:00", "data": {"market": "0xa9e485d9ab8973f5683fc4992b591ab9997052b8d7acc5d800d197e95ba0f5ee", "price_changes": [{"asset_id": "52957896528748198044120161866858084167956853408096664478472083379802465908152", "price": "0.06", "size": "5.47", "side": "BUY", "hash": "c85ebf8431628adeb6367b7c8efa58848d19aa1b", "best_bid": "0.06", "best_ask": "0.96"}, {"asset_id": "42963846885724327117066696479449241735482257984315608228983457680056285716377", "price": "0.94", "size": "5.47", "side": "SELL", "hash": "9e3d67b4a4f514c510e64ef26cc1d91835c9e3fa", "best_bid": "0.04", "best_ask": "0.94"}], "timestamp": "1769384079158", "event_type": "price_change"}}
{"_local_timestamp": "2026-01-25T23:34:39.273345+00:00", "data": {"market": "0x83ecbe4fce688c64f4b5d4befac5e64922cb8682e0e1365fc0468ff533c71e49", "price_changes": [{"asset_id": "68037078242557231080288874617522547606466154419149083356555127918659292747130", "price": "0.06", "size": "5.47", "side": "BUY", "hash": "145ae5db5f9846d6f020a8a3f9e3efac940f8d6a", "best_bid": "0.06", "best_ask": "0.96"}, {"asset_id": "105434914828600935285428845047491083161332333045327551979231234346212907811414", "price": "0.94", "size": "5.47", "side": "SELL", "hash": "7e141bea3d520bf4d2c47c1aedf019acf912d74d", "best_bid": "0.04", "best_ask": "0.94"}], "timestamp": "1769384079158", "event_type": "price_change"}}
{"_local_timestamp": "2026-01-25T23:34:39.273659+00:00", "data": {"market": "0x755a62c90339cdf3468fab177c6bfd9dceb5e45203e68bf069b50303a6abd25f", "price_changes": [{"asset_id": "78909895416168898474213741912660947562122027739865278774230819696266961515246", "price": "0.06", "size": "5.47", "side": "BUY", "hash": "2469a7b4ec8383866b2ee5d505d49abb0c5764d0", "best_bid": "0.06", "best_ask": "0.96"}, {"asset_id": "84460776671731186445015851207745064196399530432412893483409324414283960172444", "price": "0.94", "size": "5.47", "side": "SELL", "hash": "a1a55476d85689605b5bb994aa2c9b58314e01a5", "best_bid": "0.04", "best_ask": "0.94"}], "timestamp": "1769384079158", "event_type": "price_change"}}
{"_local_timestamp": "2026-01-25T23:34:39.273969+00:00", "data": {"market": "0x887d9af4bfb28d239e7ed0c69ff91d84ece92a11b58984d0ff0393c0c24a2d01", "price_changes": [{"asset_id": "91500912612677572060291806454710032668881503701184797906037737191617363298512", "price": "0.06", "size": "5.47", "side": "BUY", "hash": "3f937a8528a3c1f4ea9d8a7f4fd1b347813a4205", "best_bid": "0.06", "best_ask": "0.96"}, {"asset_id": "53797474885844189083818567441605903163912505725772675434705257100199647449827", "price": "0.94", "size": "5.47", "side": "SELL", "hash": "320aba4d18008685e7dcc2ea14b9aab04439c5ab", "best_bid": "0.04", "best_ask": "0.94"}], "timestamp": "1769384079158", "event_type": "price_change"}}
