{"_local_timestamp": "2026-01-25T23:34:23.674278+00:00", "data": [{"market": "0x3075f8991c5aa636ed359fb7b91430a2a8cbfa68b494817b26dd458842d703a3", "asset_id": "94913083419052211968210573560944594034146264626578818326270980957562157445752", "timestamp": "1769383981508", "hash": "5c0c4515f5acb1c35ded76ee6b9a07c9133650db", "bids": [{"price": "0.01", "size": "21939.88"}, {"price": "0.03", "size": "28.88"}, {"price": "0.23", "size": "10"}, {"price": "0.28", "size": "15"}, {"price": "0.29", "size": "50"}], "asks": [{"price": "0.99", "size": "21937.55"}, {"price": "0.98", "size": "2190.11"}, {"price": "0.97", "size": "29.66"}, {"price": "0.61", "size": "48.36"}], "event_type": "book", "last_trade_price": "0.390"}, {"market": "0xb623eb524cf1dcd94273ca9bc562d9eb665f817bed053e31433dae767607086e", "asset_id": "16696179518832786947393173268333630002953510944216010395388160234922002213424", "timestamp": "1769383983025", "hash": "a5a4c22ee476d3240e70579564ecdf40c3399dd7", "bids": [{"price": "0.01", "size": "252.65"}, {"price": "0.02", "size": "22.69"}, {"price": "0.04", "size": "29.99"}, {"price": "0.05", "size": "5.47"}], "asks": [{"price": "0.99", "size": "255.04"}, {"price": "0.98", "size": "38.97"}, {"price": "0.96", "size": "29.99"}], "event_type": "book", "last_trade_price": ""}, {"market": "0x184e9edddf282a0c50079f393159c527a1aaf2b84ff7d052a1bce89d8e0dc4d7", "asset_id": "87326362222831040522498250501380548212999031366594547838604458114130445942133", "timestamp": "1769383983025", "hash": "33432128b67ef9f1b83a91f0ad697a3868c31c73", "bids": [{"price": "0.01", "size": "202.04"}, {"price": "0.02", "size": "38.98"}, {"price": "0.04", "size": "29.99"}], "asks": [{"price": "0.99", "size": "198.05"}, {"price": "0.98", "size": "40.97"}, {"price": "0.96", "size": "29.99"}, {"price": "0.95", "size": "5.47"}], "event_type": "book", "last_trade_price": ""}, {"market": "0xb623eb524cf1dcd94273ca9bc562d9eb665f817bed053e31433dae767607086e", "asset_id": "109354612215904168307628013281983124614604501139275781701578855874131966714836", "timestamp": "1769383983025", "hash": "5cf9fac0edbde38a196d16c257d29f1dc5dc4df0", "bids": [{"price": "0.01", "size": "255.04"}, {"price": "0.02", "size": "38.97"}, {"price": "0.04", "size": "29.99"}], "asks": [{"price": "0.99", "size": "252.65"}, {"price": "0.98", "size": "22.69"}, {"price": "0.96", "size": "29.99"}, {"price": "0.95", "size": "5.47"}], "event_type": "book", "last_trade_price": ""}, {"market": "0x3075f8991c5aa636ed359fb7b91430a2a8cbfa68b494817b26dd458842d703a3", "asset_id": "53190039768851531493284084463964570052283533076541897466842651066771943857048", "timestamp": "1769383981508", "hash": "6f5e9ce29700ead7e3be1c49d5b86fa8b96cdc1c", "bids": [{"price": "0.01", "size": "21937.55"}, {"price": "0.02", "size": "2190.11"}, {"price": "0.03", "size": "29.66"}, {"price": "0.39", "size": "48.36"}], "asks": [{"price": "0.99", "size": "21939.88"}, {"price": "0.97", "size": "28.88"}, {"price": "0.77", "size": "10"}, {"price": "0.72", "size": "15"}, {"price": "0.71", "size": "50"}], "event_type": "book", "last_trade_price": "0.390"}, {"market": "0x3bf93e79fd4f065e3ee60b9c43dc2adc7b304a812ead93f563fdf71c5e70a1f5", "asset_id": "25442539528646279207578875112716436002335302294016782534444447304389693614336", "timestamp": "1769383981508", "hash": "02654b78b52bae1384cb35c02a420c8164bd1eca", "bids": [{"price": "0.01", "size": "21941.34"}, {"price": "0.02", "size": "2197.14"}, {"price": "0.03", "size": "23.71"}, {"price": "0.06", "size": "15.47"}], "asks": [{"price": "0.99", "size": "21948.59"}, {"price": "0.98", "size": "10.48"}, {"price": "0.97", "size": "18.99"}, {"price": "0.96", "size": "42.49"}], "event_type": "book", "last_trade_price": ""}, {"market": "0x44bfb1d6343c06bbd9a889f57dc667c5467cfd786c8dfc0b795c9d3918064e30", "asset_id": "112773138651044994156466906896799981628890708504729044376052546359787234388642", "timestamp": "1769383983979", "hash": "71ab7100eeaedc1349b802ad8a220593ff2f861e", "bids": [{"price": "0.01", "size": "21941.34"}, {"price": "0.02", "size": "2197.14"}, {"price": "0.03", "size": "23.71"}, {"price": "0.06", "size": "15.47"}], "asks": [{"price": "0.99", "size": "21948.59"}, {"price": "0.98", "size": "2200.59"}, {"price": "0.97", "size": "18.99"}, {"price": "0.96", "size": "42.49"}], "event_type": "book", "last_trade_price": ""}, {"market": "0x184e9edddf282a0c50079f393159c527a1aaf2b84ff7d052a1bce89d8e0dc4d7", "asset_id": "95703168464269255914902612808226625851477586732956781650027560960228565710273", "timestamp": "1769383983025", "hash": "e0d003475b540d6bfc1e3b28a15484a905647be1", "bids": [{"price": "0.01", "size": "198.05"}, {"price": "0.02", "size": "40.97"}, {"price": "0.04", "size": "29.99"}, {"price": "0.05", "size": "5.47"}], "asks": [{"price": "0.99", "size": "202.04"}, {"price": "0.98", "size": "38.98"}, {"price": "0.96", "size": "29.99"}], "event_type": "book", "last_trade_price": ""}, {"market": "0x44bfb1d6343c06bbd9a889f57dc667c5467cfd786c8dfc0b795c9d3918064e30", "asset_id": "32795835116926795657603331733551077788847388052015233218736038670174736888114", "timestamp": "1769383983979", "hash": "5e5f290c84be3e5ac5e4c8bc2732909e0d7357f6", "bids": [{"price": "0.01", "size": "21948.59"}, {"price": "0.02", "size": "2200.59"}, {"price": "0.03", "size": "18.99"}, {"price": "0.04", "size": "42.49"}], "asks": [{"price": "0.99", "size": "21941.34"}, {"price": "0.98", "size": "2197.14"}, {"price": "0.97", "size": "23.71"}, {"price": "0.94", "size": "15.47"}], "event_type": "book", "last_trade_price": ""}, {"market": "0x3bf93e79fd4f065e3ee60b9c43dc2adc7b304a812ead93f563fdf71c5e70a1f5", "asset_id": "46025691078712585294745111007011706978341874821623135013587047350407105443750", "timestamp": "1769383981508", "hash": "d2ec6e4bbab97f8e2df64a96fc5dbbd7dfc9c56b", "bids": [{"price": "0.01", "size": "21948.59"}, {"price": "0.02", "size": "10.48"}, {"price": "0.03", "size": "18.99"}, {"price": "0.04", "size": "42.49"}], "asks": [{"price": "0.99", "size": "21941.34"}, {"price": "0.98", "size": "2197.14"}, {"price": "0.97", "size": "23.71"}, {"price": "0.94", "size": "15.47"}], "event_type": "book", "last_trade_price": ""}]}
{"_local_timestamp": "2026-01-25T23:34:33.754801+00:00", "data": {"market": "0x184e9edddf282a0c50079f393159c527a1aaf2b84ff7d052a1bce89d8e0dc4d7", "price_changes": [{"asset_id": "95703168464269255914902612808226625851477586732956781650027560960228565710273", "price": "0.04", "size": "0", "side": "BUY", "hash": "2d30f0fb9dc8312ed454459b11a9a13ec6ad84ec", "best_bid": "0.05", "best_ask": "0.96"}, {"asset_id": "87326362222831040522498250501380548212999031366594547838604458114130445942133", "price": "0.96", "size": "0", "side": "SELL", "hash": "8a1bd4f4a0c3f742b8a4f26d19fb054800bbf93e", "best_bid": "0.04", "best_ask": "0.95"}], "timestamp": "1769384073686", "event_type": "price_change"}}
{"_local_timestamp": "2026-01-25T23:34:33.768410+00:00", "data": {"market": "0xb623eb524cf1dcd94273ca9bc562d9eb665f817bed053e31433dae767607086e", "price_changes": [{"asset_id": "16696179518832786947393173268333630002953510944216010395388160234922002213424", "price": "0.04", "size": "0", "side": "BUY", "hash": "4789dd1b990d934bcbdc3cca4e87babf4ac5db57", "best_bid": "0.05", "best_ask": "0.96"}, {"asset_id": "109354612215904168307628013281983124614604501139275781701578855874131966714836", "price": "0.96", "size": "0", "side": "SELL", "hash": "3d4bae2d3a0bcdc3b7b012d3c26c901fc6fa9249", "best_bid": "0.04", "best_ask": "0.95"}], "timestamp": "1769384073686", "event_type": "price_change"}}
{"_local_timestamp": "2026-01-25T23:34:35.138881+00:00", "data": {"market": "0x184e9edddf282a0c50079f393159c527a1aaf2b84ff7d052a1bce89d8e0dc4d7", "price_changes": [{"asset_id": "95703168464269255914902612808226625851477586732956781650027560960228565710273", "price": "0.05", "size": "0", "side": "BUY", "hash": "f63aa9b6c22937a1f985979aa2066f71d1a95ab6", "best_bid": "0.02", "best_ask": "0.96"}, {"asset_id": "87326362222831040522498250501380548212999031366594547838604458114130445942133", "price": "0.95", "size": "0", "side": "SELL", "hash": "06c52fbf10c3e495e113c376bf0eddd068a4b8af", "best_bid": "0.04", "best_ask": "0.98"}], "timestamp": "1769384075057", "event_type": "price_change"}}
{"_local_timestamp": "2026-01-25T23:34:35.150970+00:00", "data": {"market": "0xb623eb524cf1dcd94273ca9bc562d9eb665f817bed053e31433dae767607086e", "price_changes": [{"asset_id": "16696179518832786947393173268333630002953510944216010395388160234922002213424", "price": "0.05", "size": "0", "side": "BUY", "hash": "4fc66f068bce553fc8a47689ba6cec888bf4ec34", "best_bid": "0.02", "best_ask": "0.96"}, {"asset_id": "109354612215904168307628013281983124614604501139275781701578855874131966714836", "price": "0.95", "size": "0", "side": "SELL", "hash": "57c81760f77c4fb6e250ce762573201996b92023", "best_bid": "0.04", "best_ask": "0.98"}], "timestamp": "1769384075057", "event_type": "price_change"}}
{"_local_timestamp": "2026-01-25T23:34:35.465051+00:00", "data": {"market": "0xb623eb524cf1dcd94273ca9bc562d9eb665f817bed053e31433dae767607086e", "price_changes": [{"asset_id": "16696179518832786947393173268333630002953510944216010395388160234922002213424", "price": "0.03", "size": "5.47", "side": "BUY", "hash": "d875fdfef68fe1d709b9b9613c97efb24f56fd39", "best_bid": "0.03", "best_ask": "0.96"}, {"asset_id": "109354612215904168307628013281983124614604501139275781701578855874131966714836", "price": "0.97", "size": "5.47", "side": "SELL", "hash": "f9e2c5cce2b51bd88ce3f578ff632d68b4207f3c", "best_bid": "0.04", "best_ask": "0.97"}], "timestamp": "1769384075389", "event_type": "price_change"}}
{"_local_timestamp": "2026-01-25T23:34:35.469095+00:00", "data": {"market": "0x184e9edddf282a0c50079f393159c527a1aaf2b84ff7d052a1bce89d8e0dc4d7", "price_changes": [{"asset_id": "95703168464269255914902612808226625851477586732956781650027560960228565710273", "price": "0.03", "size": "5.47", "side": "BUY", "hash": "659bf5ba7f91965f36dd5948620ab8119a9a11c3", "best_bid": "0.03", "best_ask": "0.96"}, {"asset_id": "87326362222831040522498250501380548212999031366594547838604458114130445942133", "price": "0.97", "size": "5.47", "side": "SELL", "hash": "d89d00606dbc0d450bb1627861fb6c37a0a117fe", "best_bid": "0.04", "best_ask": "0.97"}], "timestamp": "1769384075389", "event_type": "price_change"}}
{"_local_timestamp": "2026-01-25T23:35:42.568591+00:00", "data": {"market": "0x184e9edddf282a0c50079f393159c527a1aaf2b84ff7d052a1bce89d8e0dc4d7", "price_changes": [{"asset_id": "95703168464269255914902612808226625851477586732956781650027560960228565710273", "price": "0.02", "size": "23.07", "side": "BUY", "hash": "629425d3bd6e4472e62c6db6856c738cadcfee5e", "best_bid": "0.03", "best_ask": "0.96"}, {"asset_id": "87326362222831040522498250501380548212999031366594547838604458114130445942133", "price": "0.98", "size": "23.07", "side": "SELL", "hash": "d7cb5683d73d2a8fa6354107237c5b2528988db1", "best_bid": "0.04", "best_ask": "0.97"}], "timestamp": "1769384142503", "event_type": "price_change"}}
{"_local_timestamp": "2026-01-25T23:35:43.294532+00:00", "data": {"market": "0x184e9edddf282a0c50079f393159c527a1aaf2b84ff7d052a1bce89d8e0dc4d7", "price_changes": [{"asset_id": "95703168464269255914902612808226625851477586732956781650027560960228565710273", "price": "0.02", "size": "36.54", "side": "BUY", "hash": "6a8cac04ce1b57dc6323cc0656a461761d122873", "best_bid": "0.03", "best_ask": "0.96"}, {"asset_id": "87326362222831040522498250501380548212999031366594547838604458114130445942133", "price": "0.98", "size": "36.54", "side": "SELL", "hash": "5019fdf0f7f60641897b405ece00a11b571fe61c", "best_bid": "0.04", "best_ask": "0.97"}], "timestamp": "1769384143233", "event_type": "price_change"}}
{"_local_timestamp": "2026-01-25T23:35:43.306572+00:00", "data": {"market": "0x184e9edddf282a0c50079f393159c527a1aaf2b84ff7d052a1bce89d8e0dc4d7", "price_changes": [{"asset_id": "95703168464269255914902612808226625851477586732956781650027560960228565710273", "price": "0.01", "size": "206.9", "side": "BUY", "hash": "2fd76e1314a3fbccd1897ceead5e140a6807af85", "best_bid": "0.03", "best_ask": "0.96"}, {"asset_id": "87326362222831040522498250501380548212999031366594547838604458114130445942133", "price": "0.99", "size": "206.9", "side": "SELL", "hash": "55f81a62b46a979c8959dcfcf22dae0fca4bfb96", "best_bid": "0.04", "best_ask": "0.97"}], "timestamp": "1769384143237", "event_type": "price_change"}}
{"_local_timestamp": "2026-01-25T23:35:43.599241+00:00", "data": {"market": "0x3bf93e79fd4f065e3ee60b9c43dc2adc7b304a812ead93f563fdf71c5e70a1f5", "price_changes": [{"asset_id": "46025691078712585294745111007011706978341874821623135013587047350407105443750", "price": "0.03", "size": "0", "side": "BUY", "hash": "53e747091c924870e17236c89cff930c7cc6c69e", "best_bid": "0.04", "best_ask": "0.94"}, {"asset_id": "25442539528646279207578875112716436002335302294016782534444447304389693614336", "price": "0.97", "size": "0", "side": "SELL", "hash": "84ceb9d4a6f55f9e3f330cf906a77866a7cd7eeb", "best_bid": "0.06", "best_ask": "0.96"}], "timestamp": "1769384143534", "event_type": "price_change"}}
{"_local_timestamp": "2026-01-25T23:35:43.835023+00:00", "data": {"market": "0x3bf93e79fd4f065e3ee60b9c43dc2adc7b304a812ead93f563fdf71c5e70a1f5", "price_changes": [{"asset_id": "46025691078712585294745111007011706978341874821623135013587047350407105443750", "price": "0.02", "size": "2200.59", "side": "BUY", "hash": "cf3235c9c52c90e0646aa4d866ce817862244d05", "best_bid": "0.04", "best_ask": "0.94"}, {"asset_id": "25442539528646279207578875112716436002335302294016782534444447304389693614336", "price": "0.98", "size": "2200.59", "side": "SELL", "hash": "37034fcd92cc47639978527895a9c9a55780aef0", "best_bid": "0.06", "best_ask": "0.96"}], "timestamp": "1769384143772", "event_type": "price_change"}}
{"_local_timestamp": "2026-01-25T23:35:44.230742+00:00", "data": {"market": "0x3bf93e79fd4f065e3ee60b9c43dc2adc7b304a812ead93f563fdf71c5e70a1f5", "price_changes": [{"asset_id": "46025691078712585294745111007011706978341874821623135013587047350407105443750", "price": "0.02", "size": "2229.09", "side": "BUY", "hash": "215ba9a8c3e7c38f809d10d282fbfc6b84a7afe9", "best_bid": "0.04", "best_ask": "0.94"}, {"asset_id": "25442539528646279207578875112716436002335302294016782534444447304389693614336", "price": "0.98", "size": "2229.09", "side": "SELL", "hash": "d8cd527391bf6ccc75f6a3b3ca62b63c3d845e49", "best_bid": "0.06", "best_ask": "0.96"}], "timestamp": "1769384144158", "event_type": "price_change"}}
{"_local_timestamp": "2026-01-25T23:35:51.452981+00:00", "data": {"market": "0x3075f8991c5aa636ed359fb7b91430a2a8cbfa68b494817b26dd458842d703a3", "price_changes": [{"asset_id": "94913083419052211968210573560944594034146264626578818326270980957562157445752", "price": "0.01", "size": "21926.55", "side": "BUY", "hash": "584ae7165481864d27d9e585fa03284875f8ff8f", "best_bid": "0.29", "best_ask": "0.61"}, {"asset_id": "53190039768851531493284084463964570052283533076541897466842651066771943857048", "price": "0.99", "size": "21926.55", "side": "SELL", "hash": "daa9e1d57905b6c5e7c0ef9e8721b52865ff17a8", "best_bid": "0.39", "best_ask": "0.71"}], "timestamp": "1769384151383", "event_type": "price_change"}}
{"_local_timestamp": "2026-01-25T23:35:51.453383+00:00", "data": {"market": "0x3075f8991c5aa636ed359fb7b91430a2a8cbfa68b494817b26dd458842d703a3", "price_changes": [{"asset_id": "94913083419052211968210573560944594034146264626578818326270980957562157445752", "price": "0.03", "size": "0", "side": "BUY", "hash": "584ae7165481864d27d9e585fa03284875f8ff8f", "best_bid": "0.29", "best_ask": "0.61"}, {"asset_id": "53190039768851531493284084463964570052283533076541897466842651066771943857048", "price": "0.97", "size": "0", "side": "SELL", "hash": "daa9e1d57905b6c5e7c0ef9e8721b52865ff17a8", "best_bid": "0.39", "best_ask": "0.71"}], "timestamp": "1769384151383", "event_type": "price_change"}}
{"_local_timestamp": "2026-01-25T23:35:51.664663+00:00", "data": {"market": "0x3075f8991c5aa636ed359fb7b91430a2a8cbfa68b494817b26dd458842d703a3", "price_changes": [{"asset_id": "94913083419052211968210573560944594034146264626578818326270980957562157445752", "price": "0.02", "size": "2190.11", "side": "BUY", "hash": "838a40c1742b59849d9dc76f7b48f311786ffd20", "best_bid": "0.29", "best_ask": "0.61"}, {"asset_id": "53190039768851531493284084463964570052283533076541897466842651066771943857048", "price": "0.98", "size": "2190.11", "side": "SELL", "hash": "57c49ae0a72b1d5f0b2b3cef23da82bf7903f5d9", "best_bid": "0.39", "best_ask": "0.71"}], "timestamp": "1769384151580", "event_type": "price_change"}}
{"_local_timestamp": "2026-01-25T23:35:52.158799+00:00", "data": {"market": "0x3075f8991c5aa636ed359fb7b91430a2a8cbfa68b494817b26dd458842d703a3", "price_changes": [{"asset_id": "94913083419052211968210573560944594034146264626578818326270980957562157445752", "price": "0.02", "size": "2236.97", "side": "BUY", "hash": "0de0edb7469b200f2069bb9f727c48ea11cbb06d", "best_bid": "0.29", "best_ask": "0.61"}, {"asset_id": "53190039768851531493284084463964570052283533076541897466842651066771943857048", "price": "0.98", "size": "2236.97", "side": "SELL", "hash": "d0efcc348c82d98b68ec9ddf1563c9f4eec062c8", "best_bid": "0.39", "best_ask": "0.71"}], "timestamp": "1769384152093", "event_type": "price_change"}}
{"_local_timestamp": "2026-01-25T23:35:52.159249+00:00", "data": {"market": "0x3075f8991c5aa636ed359fb7b91430a2a8cbfa68b494817b26dd458842d703a3", "price_changes": [{"asset_id": "94913083419052211968210573560944594034146264626578818326270980957562157445752", "price": "0.01", "size": "21932.82", "side": "BUY", "hash": "969d185e03138ef35eda68adb5418aa7abfc73a3", "best_bid": "0.29", "best_ask": "0.61"}, {"asset_id": "53190039768851531493284084463964570052283533076541897466842651066771943857048", "price": "0.99", "size": "21932.82", "side": "SELL", "hash": "1d8d8c371fea2a18f9bcb80128366da7717700b2", "best_bid": "0.39", "best_ask": "0.71"}], "timestamp": "1769384152094", "event_type": "price_change"}}
{"_local_timestamp": "2026-01-25T23:36:05.750497+00:00", "data": {"market": "0xb623eb524cf1dcd94273ca9bc562d9eb665f817bed053e31433dae767607086e", "price_changes": [{"asset_id": "16696179518832786947393173268333630002953510944216010395388160234922002213424", "price": "0.04", "size": "29.99", "side": "BUY", "hash": "3bf491e2001fb907bb6a315099d8b02abf4e18d6", "best_bid": "0.04", "best_ask": "0.96"}, {"asset_id": "109354612215904168307628013281983124614604501139275781701578855874131966714836", "price": "0.96", "size": "29.99", "side": "SELL", "hash": "95d0b00f6808ad268451cd388df26eae89dc211b", "best_bid": "0.04", "best_ask": "0.96"}], "timestamp": "1769384165677", "event_type": "price_change"}}
{"_local_timestamp": "2026-01-25T23:36:05.856664+00:00", "data": {"market": "0x184e9edddf282a0c50079f393159c527a1aaf2b84ff7d052a1bce89d8e0dc4d7", "price_changes": [{"asset_id": "95703168464269255914902612808226625851477586732956781650027560960228565710273", "price": "0.04", "size": "29.99", "side": "BUY", "hash": "80da273e798a60592810b59b1199e5fbe59ad134", "best_bid": "0.04", "best_ask": "0.96"}, {"asset_id": "87326362222831040522498250501380548212999031366594547838604458114130445942133", "price": "0.96", "size": "29.99", "side": "SELL", "hash": "3c9cb6068b5855ac2c69f1c788a079d60c4206d9", "best_bid": "0.04", "best_ask": "0.96"}], "timestamp": "1769384165775", "event_type": "price_change"}}
{"_local_timestamp": "2026-01-25T23:36:09.243073+00:00", "data": {"market": "0xb623eb524cf1dcd94273ca9bc562d9eb665f817bed053e31433dae767607086e", "price_changes": [{"asset_id": "16696179518832786947393173268333630002953510944216010395388160234922002213424", "price": "0.03", "size": "0", "side": "BUY", "hash": "bf9d310594c0f3af43226bd01536c335f5179eae", "best_bid": "0.04", "best_ask": "0.96"}, {"asset_id": "109354612215904168307628013281983124614604501139275781701578855874131966714836", "price": "0.97", "size": "0", "side": "SELL", "hash": "cbb86b835e661350688821443f5cc2cdb1760485", "best_bid": "0.04", "best_ask": "0.96"}], "timestamp": "1769384169171", "event_type": "price_change"}}
{"_local_timestamp": "2026-01-25T23:36:09.243640+00:00", "data": {"market": "0x184e9edddf282a0c50079f393159c527a1aaf2b84ff7d052a1bce89d8e0dc4d7", "price_changes": [{"asset_id": "95703168464269255914902612808226625851477586732956781650027560960228565710273", "price": "0.03", "size": "0", "side": "BUY", "hash": "56c45648b4529d08b8c0aaed55c1ecb27060a9ef", "best_bid": "0.04", "best_ask": "0.96"}, {"asset_id": "87326362222831040522498250501380548212999031366594547838604458114130445942133", "price": "0.97", "size": "0", "side": "SELL", "hash": "5da81d5100591fa36c843dc9beb65cf86fcda442", "best_bid": "0.04", "best_ask": "0.96"}], "timestamp": "1769384169171", "event_type": "price_change"}}
{"_local_timestamp": "2026-01-25T23:36:09.630679+00:00", "data": {"market": "0xb623eb524cf1dcd94273ca9bc562d9eb665f817bed053e31433dae767607086e", "price_changes": [{"asset_id": "16696179518832786947393173268333630002953510944216010395388160234922002213424", "price": "0.05", "size": "5.47", "side": "BUY", "hash": "d493e38ba601b7d1f020b00e57fbb0e449881c3c", "best_bid": "0.05", "best_ask": "0.96"}, {"asset_id": "109354612215904168307628013281983124614604501139275781701578855874131966714836", "price": "0.95", "size": "5.47", "side": "SELL", "hash": "f6736dd18d71e15f8334711d12c6f907fbf451db", "best_bid": "0.04", "best_ask": "0.95"}], "timestamp": "1769384169563", "event_type": "price_change"}}
{"_local_timestamp": "2026-01-25T23:36:09.631114+00:00", "data": {"market": "0x184e9edddf282a0c50079f393159c527a1aaf2b84ff7d052a1bce89d8e0dc4d7", "price_changes": [{"asset_id": "95703168464269255914902612808226625851477586732956781650027560960228565710273", "price": "0.05", "size": "5.47", "side": "BUY", "hash": "68e0868000ebcf4431fb6fc968625d726e9d9644", "best_bid": "0.05", "best_ask": "0.96"}, {"asset_id": "87326362222831040522498250501380548212999031366594547838604458114130445942133", "price": "0.95", "size": "5.47", "side": "SELL", "hash": "7cd53d1de4cc6b54e99f0506c646f5bdd5a558ce", "best_bid": "0.04", "best_ask": "0.95"}], "timestamp": "1769384169564", "event_type": "price_change"}}
