{"_local_timestamp": "2026-01-25T23:41:01.080868+00:00", "data": [{"market": "0x175e69177f2d7cf02fdcff16e202961f9612a09ff33971aec03d05020a0b1199", "asset_id": "60887569837508291295916655730396920686005600529125093632172877356146679344714", "timestamp": "1769384447587", "hash": "6b3419b72b91f19142dc3e9ed522a977f113df01", "bids": [{"price": "0.01", "size": "62.04"}, {"price": "0.02", "size": "190.48"}, {"price": "0.03", "size": "18.99"}, {"price": "0.04", "size": "29.99"}], "asks": [{"price": "0.99", "size": "68.9"}, {"price": "0.98", "size": "179.09"}, {"price": "0.97", "size": "20.63"}, {"price": "0.95", "size": "23.99"}, {"price": "0.94", "size": "5.47"}], "event_type": "book", "last_trade_price": ""}, {"market": "0xa1b9d7fff200e84bcf2684a443bf40ed2b665c50a4fbb2439d08de4fd785350a", "asset_id": "77080769017483600787817881033334646523397288202305488639707173409532353448610", "timestamp": "1769384447588", "hash": "9fae3561db0ed25171087b9ae38b17993a99dfe8", "bids": [{"price": "0.01", "size": "69.95"}, {"price": "0.02", "size": "178.32"}, {"price": "0.03", "size": "20.8"}, {"price": "0.05", "size": "23.99"}, {"price": "0.06", "size": "5.47"}], "asks": [{"price": "0.99", "size": "62.05"}, {"price": "0.98", "size": "190.48"}, {"price": "0.97", "size": "18.99"}, {"price": "0.96", "size": "37.48"}], "event_type": "book", "last_trade_price": ""}, {"market": "0xdfa7b19fbcb59b92c3bec0e621e1e418955ea5a0a423a2ef3408e79d3eba96fe", "asset_id": "58431102899607910291415088402464650122181979137323137024435096103623983815045", "timestamp": "1769384276870", "hash": "43151daf5e7874958d4228017c2dcc34af2c38d5", "bids": [{"price": "0.01", "size": "111.38"}, {"price": "0.02", "size": "215.17"}, {"price": "0.03", "size": "52.57"}], "asks": [{"price": "0.99", "size": "101.81"}, {"price": "0.98", "size": "203.94"}, {"price": "0.97", "size": "23.43"}, {"price": "0.96", "size": "5.47"}], "event_type": "book", "last_trade_price": ""}, {"market": "0x5f688e7a0f4eb7fc71ddec0fe044da8fb7b8737d75f27b9a675cd894897718b6", "asset_id": "42347792632529314087337453310563689621032224655508626964373601540157695885235", "timestamp": "1769384437912", "hash": "be98bc56d0bc7be2d0dbc2e055f316f55de8274e", "bids": [{"price": "0.01", "size": "67.05"}, {"price": "0.02", "size": "182.48"}, {"price": "0.03", "size": "18.99"}, {"price": "0.04", "size": "5.47"}], "asks": [{"price": "0.99", "size": "62.05"}, {"price": "0.98", "size": "190.48"}, {"price": "0.97", "size": "18.99"}, {"price": "0.96", "size": "29.99"}], "event_type": "book", "last_trade_price": ""}, {"market": "0xcf66c59fc45624eba5a0b3868772dc91fbddabf505e01a397c20f4520081f1a0", "asset_id": "54961469773013489461056927051811782705138901895193858133493599641666328502532", "timestamp": "1769384447587", "hash": "92e6eae9ac53e13c4ef336c71348c508e6ab20e2", "bids": [{"price": "0.01", "size": "62.05"}, {"price": "0.02", "size": "190.48"}, {"price": "0.03", "size": "18.99"}, {"price": "0.04", "size": "29.99"}], "asks": [{"price": "0.99", "size": "67.05"}, {"price": "0.98", "size": "182.48"}, {"price": "0.97", "size": "18.99"}, {"price": "0.95", "size": "23.99"}, {"price": "0.94", "size": "5.47"}], "event_type": "book", "last_trade_price": ""}, {"market": "0x3d592ce41a32dfc924149d132c4a51e1aa4712c5138b7a4e0ba9c9d561807bf4", "asset_id": "78259657010365916953250002457662228306734521902918228244730548278292542564760", "timestamp": "1769384447588", "hash": "72d5acc26269fc58c912b5dd13feb1109a1b5805", "bids": [{"price": "0.01", "size": "118.6"}, {"price": "0.02", "size": "202.75"}, {"price": "0.03", "size": "21.29"}, {"price": "0.05", "size": "23.99"}, {"price": "0.06", "size": "5.47"}], "asks": [{"price": "0.99", "size": "111.05"}, {"price": "0.98", "size": "214.48"}, {"price": "0.97", "size": "18.99"}, {"price": "0.96", "size": "29.99"}], "event_type": "book", "last_trade_price": ""}, {"market": "0x9f9195da64dfbd6a747175e111016fcc290e69b60adb8832ca9b05f461054b34", "asset_id": "90077007167598244410823278461090554735976924102873193770652761319939404389385", "timestamp": "1769384437912", "hash": "9d43b1091f178ea4e8b9f0aec1bec46f851e8e44", "bids": [{"price": "0.01", "size": "206.56"}, {"price": "0.02", "size": "254.14"}, {"price": "0.03", "size": "21.72"}, {"price": "0.04", "size": "5.47"}], "asks": [{"price": "0.99", "size": "212.04"}, {"price": "0.98", "size": "222.48"}, {"price": "0.97", "size": "18.99"}, {"price": "0.96", "size": "37.48"}], "event_type": "book", "last_trade_price": ""}, {"market": "0x27793ee494c547df71f7131e11a3d5124c258c83ca09dd3f8dab1d98bc7baae0", "asset_id": "79918837423908735992540984013067664248484145666314798167265711979529288274675", "timestamp": "1769384447587", "hash": "eba9d3c293f0765af7f8bca43557c8ce8ce4ddcd", "bids": [{"price": "0.01", "size": "62.05"}, {"price": "0.02", "size": "190.48"}, {"price": "0.03", "size": "18.99"}, {"price": "0.04", "size": "29.99"}], "asks": [{"price": "0.99", "size": "69.95"}, {"price": "0.98", "size": "178.32"}, {"price": "0.97", "size": "20.8"}, {"price": "0.95", "size": "23.99"}, {"price": "0.94", "size": "5.47"}], "event_type": "book", "last_trade_price": ""}, {"market": "0xfffa368c924e430912dea090d9bff7910b972d0598ab90a21fca779847ffbe4e", "asset_id": "3878946684830604954859829454479310573167410136019621753145428686598926264290", "timestamp": "1769382932548", "hash": "c410fe9bd6270f10897fe9a55fc9815a526a8afa", "bids": [{"price": "0.01", "size": "3745.52"}, {"price": "0.02", "size": "2105.11"}, {"price": "0.03", "size": "250"}, {"price": "0.04", "size": "6.25"}, {"price": "0.06", "size": "1800"}, {"price": "0.08", "size": "100"}, {"price": "0.09", "size": "700"}, {"price": "0.1", "size": "5.92"}, {"price": "0.14", "size": "250"}, {"price": "0.21", "size": "2200"}, {"price": "0.25", "size": "300"}, {"price": "0.28", "size": "200"}, {"price": "0.3", "size": "125"}, {"price": "0.32", "size": "75"}, {"price": "0.43", "size": "150"}, {"price": "0.44", "size": "5591.07"}, {"price": "0.46", "size": "2204"}, {"price": "0.47", "size": "1204"}, {"price": "0.48", "size": "1180"}, {"price": "0.49", "size": "250"}], "asks": [{"price": "0.99", "size": "3750.46"}, {"price": "0.98", "size": "1809.62"}, {"price": "0.95", "size": "1500"}, {"price": "0.94", "size": "12.54"}, {"price": "0.87", "size": "700"}, {"price": "0.85", "size": "250"}, {"price": "0.8", "size": "300"}, {"price": "0.77", "size": "200"}, {"price": "0.75", "size": "125"}, {"price": "0.74", "size": "75"}, {"price": "0.7", "size": "5"}, {"price": "0.53", "size": "9"}, {"price": "0.52", "size": "159"}, {"price": "0.5", "size": "30"}], "event_type": "book", "last_trade_price": "0.490"}, {"market": "0x42a7d88719904699b7962fb9260b56f0d30d1578b4d84e56cdd2377b571cce90", "asset_id": "11567160664106765195674843001189304981471006432830977250582261949318460235214", "timestamp": "1769384355231", "hash": "f53182df588809eeff5bf7d64c90442c1d16f3c6", "bids": [{"price": "0.01", "size": "62.05"}, {"price": "0.02", "size": "190.48"}, {"price": "0.03", "size": "18.99"}, {"price": "0.04", "size": "29.99"}], "asks": [{"price": "0.99", "size": "65"}, {"price": "0.98", "size": "178.32"}, {"price": "0.97", "size": "12.58"}, {"price": "0.96", "size": "7.4"}, {"price": "0.95", "size": "5.47"}], "event_type": "book", "last_trade_price": ""}, {"market": "0xfffa368c924e430912dea090d9bff7910b972d0598ab90a21fca779847ffbe4e", "asset_id": "30953465395375834024981775034826025702153391768871720818399007262067081607487", "timestamp": "1769382932548", "hash": "75b44c92deb99ea0e43e6f7642c8b66fb2c015f8", "bids": [{"price": "0.01", "size": "3750.46"}, {"price": "0.02", "size": "1809.62"}, {"price": "0.05", "size": "1500"}, {"price": "0.06", "size": "12.54"}, {"price": "0.13", "size": "700"}, {"price": "0.15", "size": "250"}, {"price": "0.2", "size": "300"}, {"price": "0.23", "size": "200"}, {"price": "0.25", "size": "125"}, {"price": "0.26", "size": "75"}, {"price": "0.3", "size": "5"}, {"price": "0.47", "size": "9"}, {"price": "0.48", "size": "159"}, {"price": "0.5", "size": "30"}], "asks": [{"price": "0.99", "size": "3745.52"}, {"price": "0.98", "size": "2105.11"}, {"price": "0.97", "size": "250"}, {"price": "0.96", "size": "6.25"}, {"price": "0.94", "size": "1800"}, {"price": "0.92", "size": "100"}, {"price": "0.91", "size": "700"}, {"price": "0.9", "size": "5.92"}, {"price": "0.86", "size": "250"}, {"price": "0.79", "size": "2200"}, {"price": "0.75", "size": "300"}, {"price": "0.72", "size": "200"}, {"price": "0.7", "size": "125"}, {"price": "0.68", "size": "75"}, {"price": "0.57", "size": "150"}, {"price": "0.56", "size": "5591.07"}, {"price": "0.54", "size": "2204"}, {"price": "0.53", "size": "1204"}, {"price": "0.52", "size": "1180"}, {"price": "0.51", "size": "250"}], "event_type": "book", "last_trade_price": "0.490"}, {"market": "0x25ff665a44449d08d4184d2fd42230901b839566c696232f49790b7c8e924550", "asset_id": "95156585720657261905790035439287311689889186408937935010455720168308091840688", "timestamp": "1769384447588", "hash": "506654ab4cf089a68e1f789ddc05b8663d3f67e7", "bids": [{"price": "0.01", "size": "168.98"}, {"price": "0.02", "size": "229.03"}, {"price": "0.03", "size": "20.65"}, {"price": "0.05", "size": "23.99"}, {"price": "0.06", "size": "5.47"}], "asks": [{"price": "0.99", "size": "162.05"}, {"price": "0.98", "size": "230.48"}, {"price": "0.97", "size": "18.99"}, {"price": "0.96", "size": "29.99"}], "event_type": "book", "last_trade_price": ""}, {"market": "0x175e69177f2d7cf02fdcff16e202961f9612a09ff33971aec03d05020a0b1199", "asset_id": "28761157267249667115897213561611371340131595039131543470941370155164195151512", "timestamp": "1769384447587", "hash": "f91a054912bcb468393647a0040c61446f09ed76", "bids": [{"price": "0.01", "size": "68.9"}, {"price": "0.02", "size": "179.09"}, {"price": "0.03", "size": "20.63"}, {"price": "0.05", "size": "23.99"}, {"price": "0.06", "size": "5.47"}], "asks": [{"price": "0.99", "size": "62.04"}, {"price": "0.98", "size": "190.48"}, {"price": "0.97", "size": "18.99"}, {"price": "0.96", "size": "29.99"}], "event_type": "book", "last_trade_price": ""}, {"market": "0x33267893b9fa8f0f711c6d0e86356c5a77dafe2b640f61547c67be6b8d4dfc0f", "asset_id": "50296918760794917431232153110352098415478987764479553174390004607903287756580", "timestamp": "1769384447587", "hash": "74b209f548949d5037a6b367207099d9adfc1176", "bids": [{"price": "0.01", "size": "69.6"}, {"price": "0.02", "size": "177.76"}, {"price": "0.03", "size": "21.29"}, {"price": "0.05", "size": "23.99"}, {"price": "0.06", "size": "5.47"}], "asks": [{"price": "0.99", "size": "62.04"}, {"price": "0.98", "size": "190.48"}, {"price": "0.97", "size": "18.99"}, {"price": "0.96", "size": "29.99"}], "event_type": "book", "last_trade_price": ""}, {"market": "0x25ff665a44449d08d4184d2fd42230901b839566c696232f49790b7c8e924550", "asset_id": "69560367679296271699770279135842959181114618593422448154814588031014098432144", "timestamp": "1769384447588", "hash": "6187246bfd2f861ffc3f720f0ca235083d3de9c3", "bids": [{"price": "0.01", "size": "162.05"}, {"price": "0.02", "size": "230.48"}, {"price": "0.03", "size": "18.99"}, {"price": "0.04", "size": "29.99"}], "asks": [{"price": "0.99", "size": "168.98"}, {"price": "0.98", "size": "229.03"}, {"price": "0.97", "size": "20.65"}, {"price": "0.95", "size": "23.99"}, {"price": "0.94", "size": "5.47"}], "event_type": "book", "last_trade_price": ""}, {"market": "0xdfa7b19fbcb59b92c3bec0e621e1e418955ea5a0a423a2ef3408e79d3eba96fe", "asset_id": "99450121280464766854817052996598820423505147873666527053713493691156472290880", "timestamp": "1769384276870", "hash": "fdeeeca2ed42c09215ca79e1e7c8f07fad026a69", "bids": [{"price": "0.01", "size": "101.81"}, {"price": "0.02", "size": "203.94"}, {"price": "0.03", "size": "23.43"}, {"price": "0.04", "size": "5.47"}], "asks": [{"price": "0.99", "size": "111.38"}, {"price": "0.98", "size": "215.17"}, {"price": "0.97", "size": "52.57"}], "event_type": "book", "last_trade_price": ""}, {"market": "0x3d592ce41a32dfc924149d132c4a51e1aa4712c5138b7a4e0ba9c9d561807bf4", "asset_id": "32745122141225860980404681195677204979156452342821108988625381214229399112942", "timestamp": "1769384447588", "hash": "c42d339b19dc49d0245c214c32f0f4764507c57d", "bids": [{"price": "0.01", "size": "111.05"}, {"price": "0.02", "size": "214.48"}, {"price": "0.03", "size": "18.99"}, {"price": "0.04", "size": "29.99"}], "asks": [{"price": "0.99", "size": "118.6"}, {"price": "0.98", "size": "202.75"}, {"price": "0.97", "size": "21.29"}, {"price": "0.95", "size": "23.99"}, {"price": "0.94", "size": "5.47"}], "event_type": "book", "last_trade_price": ""}, {"market": "0x5f688e7a0f4eb7fc71ddec0fe044da8fb7b8737d75f27b9a675cd894897718b6", "asset_id": "47501677235615677626832545378049314732666476069842432032197968521739840110857", "timestamp": "1769384437912", "hash": "c464061536df5a0b035c1b6a57319ea7f9a13996", "bids": [{"price": "0.01", "size": "62.05"}, {"price": "0.02", "size": "190.48"}, {"price": "0.03", "size": "18.99"}, {"price": "0.04", "size": "29.99"}], "asks": [{"price": "0.99", "size": "67.05"}, {"price": "0.98", "size": "182.48"}, {"price": "0.97", "size": "18.99"}, {"price": "0.96", "size": "5.47"}], "event_type": "book", "last_trade_price": ""}, {"market": "0xa1b9d7fff200e84bcf2684a443bf40ed2b665c50a4fbb2439d08de4fd785350a", "asset_id": "30717654372154121348143058376388972354073953535024422936548346590563545276696", "timestamp": "1769384447588", "hash": "90177d1e8885fdb94f4c7bbbaf1f669b65bbb6ac", "bids": [{"price": "0.01", "size": "62.05"}, {"price": "0.02", "size": "190.48"}, {"price": "0.03", "size": "18.99"}, {"price": "0.04", "size": "37.48"}], "asks": [{"price": "0.99", "size": "69.95"}, {"price": "0.98", "size": "178.32"}, {"price": "0.97", "size": "20.8"}, {"price": "0.95", "size": "23.99"}, {"price": "0.94", "size": "5.47"}], "event_type": "book", "last_trade_price": ""}, {"market": "0x7ce406b46bf164abad804a5676e873bd8b6d225cf3659492ea07e72ba43a9557", "asset_id": "2187014942351925528407016341119504627637855323396365334981647413482584472627", "timestamp": "1769382580718", "hash": "cdb253d24af6c14302fbba073252e5be9ab6bf27", "bids": [{"price": "0.01", "size": "159.79"}, {"price": "0.02", "size": "159.39"}, {"price": "0.03", "size": "83.95"}, {"price": "0.04", "size": "12.13"}, {"price": "0.05", "size": "15"}], "asks": [{"price": "0.99", "size": "162.05"}, {"price": "0.98", "size": "230.48"}, {"price": "0.97", "size": "18.99"}, {"price": "0.96", "size": "42.49"}], "event_type": "book", "last_trade_price": "0.070"}, {"market": "0x9f9195da64dfbd6a747175e111016fcc290e69b60adb8832ca9b05f461054b34", "asset_id": "43235516429326289661214648331504147646258423333135138470035182901331080100043", "timestamp": "1769384437912", "hash": "94b5b38369bf6088f4ccdda91569bb53b7606eb1", "bids": [{"price": "0.01", "size": "212.04"}, {"price": "0.02", "size": "222.48"}, {"price": "0.03", "size": "18.99"}, {"price": "0.04", "size": "37.48"}], "asks": [{"price": "0.99", "size": "206.56"}, {"price": "0.98", "size": "254.14"}, {"price": "0.97", "size": "21.72"}, {"price": "0.96", "size": "5.47"}], "event_type": "book", "last_trade_price": ""}, {"market": "0x7ce406b46bf164abad804a5676e873bd8b6d225cf3659492ea07e72ba43a9557", "asset_id": "47207874643637778419577921001453876837409279545999735849171376054612770771834", "timestamp": "1769382580718", "hash": "2e0566f7dafdbb8b4ac5d8036bafc71a70ddd7e3", "bids": [{"price": "0.01", "size": "162.05"}, {"price": "0.02", "size": "230.48"}, {"price": "0.03", "size": "18.99"}, {"price": "0.04", "size": "42.49"}], "asks": [{"price": "0.99", "size": "159.79"}, {"price": "0.98", "size": "159.39"}, {"price": "0.97", "size": "83.95"}, {"price": "0.96", "size": "12.13"}, {"price": "0.95", "size": "15"}], "event_type": "book", "last_trade_price": "0.070"}, {"market": "0x33267893b9fa8f0f711c6d0e86356c5a77dafe2b640f61547c67be6b8d4dfc0f", "asset_id": "100356396609196682650771077285492448506201335687494546617889883901277102614517", "timestamp": "1769384447587", "hash": "aba712f01c4af6705d3749ce7e31c67b6fb9e2e6", "bids": [{"price": "0.01", "size": "62.04"}, {"price": "0.02", "size": "190.48"}, {"price": "0.03", "size": "18.99"}, {"price": "0.04", "size": "29.99"}], "asks": [{"price": "0.99", "size": "69.6"}, {"price": "0.98", "size": "177.76"}, {"price": "0.97", "size": "21.29"}, {"price": "0.95", "size": "23.99"}, {"price": "0.94", "size": "5.47"}], "event_type": "book", "last_trade_price": ""}, {"market": "0x42a7d88719904699b7962fb9260b56f0d30d1578b4d84e56cdd2377b571cce90", "asset_id": "78316349374228453007963078224592737861487870490116823058396697445638000990198", "timestamp": "1769384355231", "hash": "e56e243435fba1bed674a2cfc56a64fc570b4bf4", "bids": [{"price": "0.01", "size": "65"}, {"price": "0.02", "size": "178.32"}, {"price": "0.03", "size": "12.58"}, {"price": "0.04", "size": "7.4"}, {"price": "0.05", "size": "5.47"}], "asks": [{"price": "0.99", "size": "62.05"}, {"price": "0.98", "size": "190.48"}, {"price": "0.97", "size": "18.99"}, {"price": "0.96", "size": "29.99"}], "event_type": "book", "last_trade_price": ""}, {"market": "0x27793ee494c547df71f7131e11a3d5124c258c83ca09dd3f8dab1d98bc7baae0", "asset_id": "41325717620769777066345905541078062182376820446307588363978091074836165824932", "timestamp": "1769384447587", "hash": "5d679c76a35d232d7aec604a20ecd0704be87949", "bids": [{"price": "0.01", "size": "69.95"}, {"price": "0.02", "size": "178.32"}, {"price": "0.03", "size": "20.8"}, {"price": "0.05", "size": "23.99"}, {"price": "0.06", "size": "5.47"}], "asks": [{"price": "0.99", "size": "62.05"}, {"price": "0.98", "size": "190.48"}, {"price": "0.97", "size": "18.99"}, {"price": "0.96", "size": "29.99"}], "event_type": "book", "last_trade_price": ""}, {"market": "0xcf66c59fc45624eba5a0b3868772dc91fbddabf505e01a397c20f4520081f1a0", "asset_id": "103824925532990605151636793524095411831792323686698247325142256728614490798614", "timestamp": "1769384447587", "hash": "84dadf5da382cbecb6ea1e56e128d8af320084d2", "bids": [{"price": "0.01", "size": "67.05"}, {"price": "0.02", "size": "182.48"}, {"price": "0.03", "size": "18.99"}, {"price": "0.05", "size": "23.99"}, {"price": "0.06", "size": "5.47"}], "asks": [{"price": "0.99", "size": "62.05"}, {"price": "0.98", "size": "190.48"}, {"price": "0.97", "size": "18.99"}, {"price": "0.96", "size": "29.99"}], "event_type": "book", "last_trade_price": ""}]}
{"_local_timestamp": "2026-01-25T23:42:06.364858+00:00", "data": {"market": "0x175e69177f2d7cf02fdcff16e202961f9612a09ff33971aec03d05020a0b1199", "price_changes": [{"asset_id": "28761157267249667115897213561611371340131595039131543470941370155164195151512", "price": "0.05", "size": "0", "side": "BUY", "hash": "5367a7502371c19e5eeea6ddb526a9bcdebaefb3", "best_bid": "0.06", "best_ask": "0.96"}, {"asset_id": "60887569837508291295916655730396920686005600529125093632172877356146679344714", "price": "0.95", "size": "0", "side": "SELL", "hash": "f76b432716e19244fa3c5f74167e7c5c43c423ce", "best_bid": "0.04", "best_ask": "0.94"}], "timestamp": "1769384526282", "event_type": "price_change"}}
{"_local_timestamp": "2026-01-25T23:42:06.365815+00:00", "data": {"market": "0x33267893b9fa8f0f711c6d0e86356c5a77dafe2b640f61547c67be6b8d4dfc0f", "price_changes": [{"asset_id": "50296918760794917431232153110352098415478987764479553174390004607903287756580", "price": "0.05", "size": "0", "side": "BUY", "hash": "5b9ced148c704202403ca757a377d933f761e2f6", "best_bid": "0.06", "best_ask": "0.96"}, {"asset_id": "100356396609196682650771077285492448506201335687494546617889883901277102614517", "price": "0.95", "size": "0", "side": "SELL", "hash": "ea50497ffc4cca6afffefbe28a6c4da24f70c3af", "best_bid": "0.04", "best_ask": "0.94"}], "timestamp": "1769384526282", "event_type": "price_change"}}
{"_local_timestamp": "2026-01-25T23:42:06.366103+00:00", "data": {"market": "0xa1b9d7fff200e84bcf2684a443bf40ed2b665c50a4fbb2439d08de4fd785350a", "price_changes": [{"asset_id": "77080769017483600787817881033334646523397288202305488639707173409532353448610", "price": "0.05", "size": "0", "side": "BUY", "hash": "a7fc8970ce5389f2d4900c68f9496bc057af7615", "best_bid": "0.06", "best_ask": "0.96"}, {"asset_id": "30717654372154121348143058376388972354073953535024422936548346590563545276696", "price": "0.95", "size": "0", "side": "SELL", "hash": "e1f56a18318000978ec4dd3adc1bc3cba579c6eb", "best_bid": "0.04", "best_ask": "0.94"}], "timestamp": "1769384526282", "event_type": "price_change"}}
{"_local_timestamp": "2026-01-25T23:42:06.366353+00:00", "data": {"market": "0xcf66c59fc45624eba5a0b3868772dc91fbddabf505e01a397c20f4520081f1a0", "price_changes": [{"asset_id": "103824925532990605151636793524095411831792323686698247325142256728614490798614", "price": "0.05", "size": "0", "side": "BUY", "hash": "8fe12dd4621b4a75d6065c552bb4ee5605e87074", "best_bid": "0.06", "best_ask": "0.96"}, {"asset_id": "54961469773013489461056927051811782705138901895193858133493599641666328502532", "price": "0.95", "size": "0", "side": "SELL", "hash": "e320f439fe13b04d4fa6ba0f5264ac1907c3f450", "best_bid": "0.04", "best_ask": "0.94"}], "timestamp": "1769384526282", "event_type": "price_change"}}
{"_local_timestamp": "2026-01-25T23:42:06.366609+00:00", "data": {"market": "0x3d592ce41a32dfc924149d132c4a51e1aa4712c5138b7a4e0ba9c9d561807bf4", "price_changes": [{"asset_id": "78259657010365916953250002457662228306734521902918228244730548278292542564760", "price": "0.05", "size": "0", "side": "BUY", "hash": "fb2eed39cf15e5fbbe8893e4c9d3c51bb913fbad", "best_bid": "0.06", "best_ask": "0.96"}, {"asset_id": "32745122141225860980404681195677204979156452342821108988625381214229399112942", "price": "0.95", "size": "0", "side": "SELL", "hash": "df2d4a68dd9ee9bce8f7e627d3650ce615746f1d", "best_bid": "0.04", "best_ask": "0.94"}], "timestamp": "1769384526282", "event_type": "price_change"}}
{"_local_timestamp": "2026-01-25T23:42:06.366872+00:00", "data": {"market": "0x25ff665a44449d08d4184d2fd42230901b839566c696232f49790b7c8e924550", "price_changes": [{"asset_id": "95156585720657261905790035439287311689889186408937935010455720168308091840688", "price": "0.05", "size": "0", "side": "BUY", "hash": "d46745755a3da3b341e6d7aa6d9622ccab3af783", "best_bid": "0.06", "best_ask": "0.96"}, {"asset_id": "69560367679296271699770279135842959181114618593422448154814588031014098432144", "price": "0.95", "size": "0", "side": "SELL", "hash": "755fb9b8b3e851cdcac23f8e3158d7cece9767d3", "best_bid": "0.04", "best_ask": "0.94"}], "timestamp": "1769384526282", "event_type": "price_change"}}
{"_local_timestamp": "2026-01-25T23:42:06.442523+00:00", "data": {"market": "0x27793ee494c547df71f7131e11a3d5124c258c83ca09dd3f8dab1d98bc7baae0", "price_changes": [{"asset_id": "41325717620769777066345905541078062182376820446307588363978091074836165824932", "price": "0.05", "size": "0", "side": "BUY", "hash": "1652d2dde8572f4438259f55e6e49ca192c0b0e2", "best_bid": "0.06", "best_ask": "0.96"}, {"asset_id": "79918837423908735992540984013067664248484145666314798167265711979529288274675", "price": "0.95", "size": "0", "side": "SELL", "hash": "77c866c6c72f907677d1f3c30820d4e03de6c164", "best_bid": "0.04", "best_ask": "0.94"}], "timestamp": "1769384526376", "event_type": "price_change"}}
{"_local_timestamp": "2026-01-25T23:42:07.652503+00:00", "data": {"market": "0x5f688e7a0f4eb7fc71ddec0fe044da8fb7b8737d75f27b9a675cd894897718b6", "price_changes": [{"asset_id": "42347792632529314087337453310563689621032224655508626964373601540157695885235", "price": "0.05", "size": "23.99", "side": "BUY", "hash": "1657edb92ddf817a3a57de69b730cd144413bc94", "best_bid": "0.05", "best_ask": "0.96"}, {"asset_id": "47501677235615677626832545378049314732666476069842432032197968521739840110857", "price": "0.95", "size": "23.99", "side": "SELL", "hash": "d76fde31918a7fd0f940721273ca1359a74936dd", "best_bid": "0.04", "best_ask": "0.95"}], "timestamp": "1769384527566", "event_type": "price_change"}}
