{"_local_timestamp": "2026-01-25T23:41:30.220813+00:00", "data": [{"market": "0xab63c6a3cf43c3ab99f68e4a72f6c3c0a7d06bad3fdd5b619939fe3fee0e9e5e", "asset_id": "56685619967578726571385852838438545201981689299488058810797637488735546768106", "timestamp": "1769384488129", "hash": "6ba3e19c2be79f61d8dcffc01fddfe170c095595", "bids": [{"price": "0.01", "size": "2785.24"}, {"price": "0.02", "size": "12304.32"}, {"price": "0.03", "size": "1300"}, {"price": "0.04", "size": "6.42"}, {"price": "0.07", "size": "1400"}, {"price": "0.09", "size": "2490.11"}, {"price": "0.1", "size": "10653.3"}, {"price": "0.14", "size": "150"}, {"price": "0.26", "size": "10"}, {"price": "0.27", "size": "50"}, {"price": "0.4", "size": "1000"}], "asks": [{"price": "0.99", "size": "2790.27"}, {"price": "0.98", "size": "12299.11"}, {"price": "0.97", "size": "1300"}, {"price": "0.96", "size": "6.36"}, {"price": "0.93", "size": "1400"}, {"price": "0.92", "size": "500"}, {"price": "0.91", "size": "300"}, {"price": "0.9", "size": "8557.33"}, {"price": "0.89", "size": "5.84"}, {"price": "0.86", "size": "50"}, {"price": "0.8", "size": "400"}, {"price": "0.67", "size": "50"}, {"price": "0.5", "size": "3190.11"}, {"price": "0.49", "size": "2190.11"}], "event_type": "book", "last_trade_price": ""}, {"market": "0x66e5c68cb6c3dca73f72ed6e665776661366e9f4f25f842bfbf7f75f0dda3323", "asset_id": "22602465680333142740738653707825273834609968702208203830031438765401302434739", "timestamp": "1769384425879", "hash": "789614fbc78684e777a0ede6f9b3cb98a2e7b1d3", "bids": [{"price": "0.01", "size": "1085.09"}, {"price": "0.02", "size": "47.45"}, {"price": "0.62", "size": "500"}], "asks": [{"price": "0.99", "size": "95.96"}, {"price": "0.98", "size": "42.01"}, {"price": "0.73", "size": "500"}], "event_type": "book", "last_trade_price": ""}, {"market": "0x3dc17d4432aca0f9eaa4f41e94dc7a937c4c19aa06407f7d367ea66dd6b705ef", "asset_id": "74555465594182996458086305494139561200582443194358600782509963958084564246340", "timestamp": "1769384426057", "hash": "496d2d036cef50ef1746fca20c18000238c00b45", "bids": [{"price": "0.01", "size": "12137.5"}, {"price": "0.02", "size": "8562.33"}, {"price": "0.03", "size": "100"}, {"price": "0.04", "size": "5.26"}, {"price": "0.08", "size": "100"}, {"price": "0.09", "size": "7.06"}, {"price": "0.14", "size": "50"}, {"price": "0.45", "size": "2690.11"}, {"price": "0.46", "size": "2190.11"}], "asks": [{"price": "0.99", "size": "22784.68"}, {"price": "0.98", "size": "10752.48"}, {"price": "0.97", "size": "100"}, {"price": "0.96", "size": "5.3"}, {"price": "0.92", "size": "100"}, {"price": "0.91", "size": "7.06"}, {"price": "0.86", "size": "50"}, {"price": "0.55", "size": "2690.11"}, {"price": "0.54", "size": "2190.11"}], "event_type": "book", "last_trade_price": ""}, {"market": "0x6ec1533bf58c24859221f4f951e1bd6635d4062c159173b1fd1104f64152bfb6", "asset_id": "96315953066058902024740936163730408631841769397037516243247976463789679670058", "timestamp": "1769384466560", "hash": "9ca9876c0ed4d1833291375375b570e4aac2d962", "bids": [{"price": "0.01", "size": "12189.47"}, {"price": "0.02", "size": "8557.33"}, {"price": "0.03", "size": "107.32"}, {"price": "0.08", "size": "100"}, {"price": "0.09", "size": "7.52"}, {"price": "0.14", "size": "50"}, {"price": "0.48", "size": "2690.11"}, {"price": "0.49", "size": "2190.11"}], "asks": [{"price": "0.99", "size": "14379.99"}, {"price": "0.98", "size": "10647.44"}, {"price": "0.97", "size": "29.74"}, {"price": "0.58", "size": "500"}], "event_type": "book", "last_trade_price": ""}, {"market": "0x3dc17d4432aca0f9eaa4f41e94dc7a937c4c19aa06407f7d367ea66dd6b705ef", "asset_id": "30750035538606607297476799570164338497863402313268221214550121682051958326536", "timestamp": "1769384426057", "hash": "16c99036a13a3068fc55123f3cb3a406dcdd7b9c", "bids": [{"price": "0.01", "size": "22784.68"}, {"price": "0.02", "size": "10752.48"}, {"price": "0.03", "size": "100"}, {"price": "0.04", "size": "5.3"}, {"price": "0.08", "size": "100"}, {"price": "0.09", "size": "7.06"}, {"price": "0.14", "size": "50"}, {"price": "0.45", "size": "2690.11"}, {"price": "0.46", "size": "2190.11"}], "asks": [{"price": "0.99", "size": "12137.5"}, {"price": "0.98", "size": "8562.33"}, {"price": "0.97", "size": "100"}, {"price": "0.96", "size": "5.26"}, {"price": "0.92", "size": "100"}, {"price": "0.91", "size": "7.06"}, {"price": "0.86", "size": "50"}, {"price": "0.55", "size": "2690.11"}, {"price": "0.54", "size": "2190.11"}], "event_type": "book", "last_trade_price": ""}, {"market": "0xab63c6a3cf43c3ab99f68e4a72f6c3c0a7d06bad3fdd5b619939fe3fee0e9e5e", "asset_id": "108442430286615765527014752360734543488337168821843553883980136466628838344959", "timestamp": "1769384488129", "hash": "18525f171e5331fa3ddf7c75cc00e7a9d78d65ab", "bids": [{"price": "0.01", "size": "2790.27"}, {"price": "0.02", "size": "12299.11"}, {"price": "0.03", "size": "1300"}, {"price": "0.04", "size": "6.36"}, {"price": "0.07", "size": "1400"}, {"price": "0.08", "size": "500"}, {"price": "0.09", "size": "300"}, {"price": "0.1", "size": "8557.33"}, {"price": "0.11", "size": "5.84"}, {"price": "0.14", "size": "50"}, {"price": "0.2", "size": "400"}, {"price": "0.33", "size": "50"}, {"price": "0.5", "size": "3190.11"}, {"price": "0.51", "size": "2190.11"}], "asks": [{"price": "0.99", "size": "2785.24"}, {"price": "0.98", "size": "12304.32"}, {"price": "0.97", "size": "1300"}, {"price": "0.96", "size": "6.42"}, {"price": "0.93", "size": "1400"}, {"price": "0.91", "size": "2490.11"}, {"price": "0.9", "size": "10653.3"}, {"price": "0.86", "size": "150"}, {"price": "0.74", "size": "10"}, {"price": "0.73", "size": "50"}, {"price": "0.6", "size": "1000"}], "event_type": "book", "last_trade_price": ""}, {"market": "0x4872c930ece80c81d460bc9a556d3a4ea8901b1458d549818818f3f053c7a7b6", "asset_id": "97161560949970963455523949468677098315209092765222688292442105148353382047565", "timestamp": "1769384425878", "hash": "c27987ca8cd64e6464f0de3dbf8a1aa878e81bb3", "bids": [{"price": "0.01", "size": "14379.99"}, {"price": "0.02", "size": "10647.44"}, {"price": "0.03", "size": "29.74"}, {"price": "0.42", "size": "500"}], "asks": [{"price": "0.99", "size": "14384.39"}, {"price": "0.98", "size": "21746.55"}, {"price": "0.97", "size": "100"}, {"price": "0.96", "size": "5.18"}, {"price": "0.92", "size": "100"}, {"price": "0.91", "size": "7.12"}, {"price": "0.86", "size": "50"}, {"price": "0.52", "size": "2690.11"}, {"price": "0.51", "size": "2190.11"}], "event_type": "book", "last_trade_price": ""}, {"market": "0x6ec1533bf58c24859221f4f951e1bd6635d4062c159173b1fd1104f64152bfb6", "asset_id": "28283266317199105918230110303158762359229840619714595669980694133018968933728", "timestamp": "1769384466560", "hash": "07644d1941ec80b025c2f8ed00d75c37ead18a77", "bids": [{"price": "0.01", "size": "14379.99"}, {"price": "0.02", "size": "10647.44"}, {"price": "0.03", "size": "29.74"}, {"price": "0.42", "size": "500"}], "asks": [{"price": "0.99", "size": "12189.47"}, {"price": "0.98", "size": "8557.33"}, {"price": "0.97", "size": "107.32"}, {"price": "0.92", "size": "100"}, {"price": "0.91", "size": "7.52"}, {"price": "0.86", "size": "50"}, {"price": "0.52", "size": "2690.11"}, {"price": "0.51", "size": "2190.11"}], "event_type": "book", "last_trade_price": ""}, {"market": "0x4872c930ece80c81d460bc9a556d3a4ea8901b1458d549818818f3f053c7a7b6", "asset_id": "85569336831214603775259988300588821277764294578753230582533005019610107696093", "timestamp": "1769384425878", "hash": "d51075feff5a3f6fc5f97065cd23edc3a395be32", "bids": [{"price": "0.01", "size": "14384.39"}, {"price": "0.02", "size": "21746.55"}, {"price": "0.03", "size": "100"}, {"price": "0.04", "size": "5.18"}, {"price": "0.08", "size": "100"}, {"price": "0.09", "size": "7.12"}, {"price": "0.14", "size": "50"}, {"price": "0.48", "size": "2690.11"}, {"price": "0.49", "size": "2190.11"}], "asks": [{"price": "0.99", "size": "14379.99"}, {"price": "0.98", "size": "10647.44"}, {"price": "0.97", "size": "29.74"}, {"price": "0.58", "size": "500"}], "event_type": "book", "last_trade_price": ""}, {"market": "0x66e5c68cb6c3dca73f72ed6e665776661366e9f4f25f842bfbf7f75f0dda3323", "asset_id": "33921637683474286438249541660342486664896644993598623846148168155018203039646", "timestamp": "1769384425879", "hash": "779292534b607c78684f3ac74a34edc24bbc6cd6", "bids": [{"price": "0.01", "size": "95.96"}, {"price": "0.02", "size": "42.01"}, {"price": "0.27", "size": "500"}], "asks": [{"price": "0.99", "size": "1085.09"}, {"price": "0.98", "size": "47.45"}, {"price": "0.38", "size": "500"}], "event_type": "book", "last_trade_price": ""}]}
{"_local_timestamp": "2026-01-25T23:41:33.492609+00:00", "data": {"market": "0xab63c6a3cf43c3ab99f68e4a72f6c3c0a7d06bad3fdd5b619939fe3fee0e9e5e", "price_changes": [{"asset_id": "56685619967578726571385852838438545201981689299488058810797637488735546768106", "price": "0.09", "size": "2390.11", "side": "BUY", "hash": "eb74f5cf192f577aaa04f52fa632f378f4a19129", "best_bid": "0.4", "best_ask": "0.49"}, {"asset_id": "108442430286615765527014752360734543488337168821843553883980136466628838344959", "price": "0.91", "size": "2390.11", "side": "SELL", "hash": "d8d6e7d2e25f48978b23a213ad584a908b6762d3", "best_bid": "0.51", "best_ask": "0.6"}], "timestamp": "1769384493419", "event_type": "price_change"}}
{"_local_timestamp": "2026-01-25T23:41:33.498876+00:00", "data": {"market": "0xab63c6a3cf43c3ab99f68e4a72f6c3c0a7d06bad3fdd5b619939fe3fee0e9e5e", "price_changes": [{"asset_id": "108442430286615765527014752360734543488337168821843553883980136466628838344959", "price": "0.09", "size": "200", "side": "BUY", "hash": "c2d6db60ec14c172524d251b4e4a6092ea8d7906", "best_bid": "0.51", "best_ask": "0.6"}, {"asset_id": "56685619967578726571385852838438545201981689299488058810797637488735546768106", "price": "0.91", "size": "200", "side": "SELL", "hash": "dc4cdc96fd18549c648a613962630bebf99dc395", "best_bid": "0.4", "best_ask": "0.49"}], "timestamp": "1769384493419", "event_type": "price_change"}}
{"_local_timestamp": "2026-01-25T23:41:33.501730+00:00", "data": {"market": "0xab63c6a3cf43c3ab99f68e4a72f6c3c0a7d06bad3fdd5b619939fe3fee0e9e5e", "price_changes": [{"asset_id": "108442430286615765527014752360734543488337168821843553883980136466628838344959", "price": "0.03", "size": "900", "side": "BUY", "hash": "c2d6db60ec14c172524d251b4e4a6092ea8d7906", "best_bid": "0.51", "best_ask": "0.6"}, {"asset_id": "56685619967578726571385852838438545201981689299488058810797637488735546768106", "price": "0.97", "size": "900", "side": "SELL", "hash": "dc4cdc96fd18549c648a613962630bebf99dc395", "best_bid": "0.4", "best_ask": "0.49"}], "timestamp": "1769384493419", "event_type": "price_change"}}
{"_local_timestamp": "2026-01-25T23:41:33.505903+00:00", "data": {"market": "0xab63c6a3cf43c3ab99f68e4a72f6c3c0a7d06bad3fdd5b619939fe3fee0e9e5e", "price_changes": [{"asset_id": "56685619967578726571385852838438545201981689299488058810797637488735546768106", "price": "0.03", "size": "900", "side": "BUY", "hash": "6b58fc478751c603a336ac95af6004f0ea043673", "best_bid": "0.4", "best_ask": "0.49"}, {"asset_id": "108442430286615765527014752360734543488337168821843553883980136466628838344959", "price": "0.97", "size": "900", "side": "SELL", "hash": "c795afa44de77695e959f7832ed1e485219443b7", "best_bid": "0.51", "best_ask": "0.6"}], "timestamp": "1769384493420", "event_type": "price_change"}}
{"_local_timestamp": "2026-01-25T23:41:33.511211+00:00", "data": {"market": "0xab63c6a3cf43c3ab99f68e4a72f6c3c0a7d06bad3fdd5b619939fe3fee0e9e5e", "price_changes": [{"asset_id": "56685619967578726571385852838438545201981689299488058810797637488735546768106", "price": "0.14", "size": "50", "side": "BUY", "hash": "29a5697c0dbe85c3f524a3de9759ba6b31d90538", "best_bid": "0.4", "best_ask": "0.49"}, {"asset_id": "108442430286615765527014752360734543488337168821843553883980136466628838344959", "price": "0.86", "size": "50", "side": "SELL", "hash": "e8cfff35af5d6b15ed3a1b5730d155b8ec1a98a8", "best_bid": "0.51", "best_ask": "0.6"}], "timestamp": "1769384493429", "event_type": "price_change"}}
{"_local_timestamp": "2026-01-25T23:41:33.558962+00:00", "data": {"market": "0xab63c6a3cf43c3ab99f68e4a72f6c3c0a7d06bad3fdd5b619939fe3fee0e9e5e", "price_changes": [{"asset_id": "56685619967578726571385852838438545201981689299488058810797637488735546768106", "price": "0.1", "size": "2195.97", "side": "BUY", "hash": "9667a5fa4f1db241593bfede0bca9bfa8f077bb2", "best_bid": "0.4", "best_ask": "0.49"}, {"asset_id": "108442430286615765527014752360734543488337168821843553883980136466628838344959", "price": "0.9", "size": "2195.97", "side": "SELL", "hash": "c48e4873b56d248130bd01b5292242b8e5a2afbf", "best_bid": "0.51", "best_ask": "0.6"}], "timestamp": "1769384493478", "event_type": "price_change"}}
{"_local_timestamp": "2026-01-25T23:41:33.581278+00:00", "data": {"market": "0xab63c6a3cf43c3ab99f68e4a72f6c3c0a7d06bad3fdd5b619939fe3fee0e9e5e", "price_changes": [{"asset_id": "108442430286615765527014752360734543488337168821843553883980136466628838344959", "price": "0.1", "size": "100", "side": "BUY", "hash": "79c4fc8303aef7377cb5c1d392ae983c71750d4e", "best_bid": "0.51", "best_ask": "0.6"}, {"asset_id": "56685619967578726571385852838438545201981689299488058810797637488735546768106", "price": "0.9", "size": "100", "side": "SELL", "hash": "b3afee13e355a756da9f4408d204a48b0363ea47", "best_bid": "0.4", "best_ask": "0.49"}], "timestamp": "1769384493478", "event_type": "price_change"}}
{"_local_timestamp": "2026-01-25T23:41:33.669094+00:00", "data": {"market": "0xab63c6a3cf43c3ab99f68e4a72f6c3c0a7d06bad3fdd5b619939fe3fee0e9e5e", "price_changes": [{"asset_id": "56685619967578726571385852838438545201981689299488058810797637488735546768106", "price": "0.08", "size": "3997.11", "side": "BUY", "hash": "5166b6bf1c6d50a1e75fd1670a1c458a18983cf9", "best_bid": "0.4", "best_ask": "0.49"}, {"asset_id": "108442430286615765527014752360734543488337168821843553883980136466628838344959", "price": "0.92", "size": "3997.11", "side": "SELL", "hash": "53aa212db5f0677ed09970231c0ebe2ab4557f0b", "best_bid": "0.51", "best_ask": "0.6"}], "timestamp": "1769384493488", "event_type": "price_change"}}
{"_local_timestamp": "2026-01-25T23:41:33.676242+00:00", "data": {"market": "0xab63c6a3cf43c3ab99f68e4a72f6c3c0a7d06bad3fdd5b619939fe3fee0e9e5e", "price_changes": [{"asset_id": "56685619967578726571385852838438545201981689299488058810797637488735546768106", "price": "0.08", "size": "6187.22", "side": "BUY", "hash": "4e4e08c5bbf317be38f40c90466c08f96a32d87c", "best_bid": "0.4", "best_ask": "0.49"}, {"asset_id": "108442430286615765527014752360734543488337168821843553883980136466628838344959", "price": "0.92", "size": "6187.22", "side": "SELL", "hash": "340be4d1952dcaa216f703597f48c3a3d7ef5559", "best_bid": "0.51", "best_ask": "0.6"}], "timestamp": "1769384493489", "event_type": "price_change"}}
{"_local_timestamp": "2026-01-25T23:41:33.680521+00:00", "data": {"market": "0xab63c6a3cf43c3ab99f68e4a72f6c3c0a7d06bad3fdd5b619939fe3fee0e9e5e", "price_changes": [{"asset_id": "56685619967578726571385852838438545201981689299488058810797637488735546768106", "price": "0.08", "size": "8457.33", "side": "BUY", "hash": "48566a6c6aba99e286690ca747b6c7ce57553e84", "best_bid": "0.4", "best_ask": "0.49"}, {"asset_id": "108442430286615765527014752360734543488337168821843553883980136466628838344959", "price": "0.92", "size": "8457.33", "side": "SELL", "hash": "0b90904b5a9bdeeea034db23a8237e3425a25ef2", "best_bid": "0.51", "best_ask": "0.6"}], "timestamp": "1769384493489", "event_type": "price_change"}}
{"_local_timestamp": "2026-01-25T23:41:33.683467+00:00", "data": {"market": "0xab63c6a3cf43c3ab99f68e4a72f6c3c0a7d06bad3fdd5b619939fe3fee0e9e5e", "price_changes": [{"asset_id": "108442430286615765527014752360734543488337168821843553883980136466628838344959", "price": "0.08", "size": "2690.11", "side": "BUY", "hash": "6965f2a54141d0ce414b5977cfd52b5dfb0ac710", "best_bid": "0.51", "best_ask": "0.6"}, {"asset_id": "56685619967578726571385852838438545201981689299488058810797637488735546768106", "price": "0.92", "size": "2690.11", "side": "SELL", "hash": "35e988ae89096fef46d217259d257843b1f43e6d", "best_bid": "0.4", "best_ask": "0.49"}], "timestamp": "1769384493490", "event_type": "price_change"}}
{"_local_timestamp": "2026-01-25T23:41:33.693959+00:00", "data": {"market": "0xab63c6a3cf43c3ab99f68e4a72f6c3c0a7d06bad3fdd5b619939fe3fee0e9e5e", "price_changes": [{"asset_id": "108442430286615765527014752360734543488337168821843553883980136466628838344959", "price": "0.08", "size": "4960.22", "side": "BUY", "hash": "493d62ed1c32a7f2c519995fafdb9ee1c6dccef3", "best_bid": "0.51", "best_ask": "0.6"}, {"asset_id": "56685619967578726571385852838438545201981689299488058810797637488735546768106", "price": "0.92", "size": "4960.22", "side": "SELL", "hash": "6dc1725bdc26bcf2d42786a133da5b78188795be", "best_bid": "0.4", "best_ask": "0.49"}], "timestamp": "1769384493491", "event_type": "price_change"}}
{"_local_timestamp": "2026-01-25T23:41:33.699140+00:00", "data": {"market": "0xab63c6a3cf43c3ab99f68e4a72f6c3c0a7d06bad3fdd5b619939fe3fee0e9e5e", "price_changes": [{"asset_id": "108442430286615765527014752360734543488337168821843553883980136466628838344959", "price": "0.08", "size": "8957.33", "side": "BUY", "hash": "c787fd45c2720db7bf6d141a90ce10dc120f1777", "best_bid": "0.51", "best_ask": "0.6"}, {"asset_id": "56685619967578726571385852838438545201981689299488058810797637488735546768106", "price": "0.92", "size": "8957.33", "side": "SELL", "hash": "db5c7d6ca66e946f1a9b4264296e310b5d0299c5", "best_bid": "0.4", "best_ask": "0.49"}], "timestamp": "1769384493492", "event_type": "price_change"}}
{"_local_timestamp": "2026-01-25T23:41:33.706647+00:00", "data": {"market": "0xab63c6a3cf43c3ab99f68e4a72f6c3c0a7d06bad3fdd5b619939fe3fee0e9e5e", "price_changes": [{"asset_id": "56685619967578726571385852838438545201981689299488058810797637488735546768106", "price": "0.11", "size": "10999.11", "side": "BUY", "hash": "ddd1c059d4ade20a03027b3eae136ab28dbc2321", "best_bid": "0.4", "best_ask": "0.49"}, {"asset_id": "108442430286615765527014752360734543488337168821843553883980136466628838344959", "price": "0.89", "size": "10999.11", "side": "SELL", "hash": "3b7cdd091720128cc0d6668e58a6aae6498c65c9", "best_bid": "0.51", "best_ask": "0.6"}], "timestamp": "1769384493538", "event_type": "price_change"}}
{"_local_timestamp": "2026-01-25T23:41:33.709929+00:00", "data": {"market": "0xab63c6a3cf43c3ab99f68e4a72f6c3c0a7d06bad3fdd5b619939fe3fee0e9e5e", "price_changes": [{"asset_id": "56685619967578726571385852838438545201981689299488058810797637488735546768106", "price": "0.11", "size": "13189.22", "side": "BUY", "hash": "e5bce5a93792566f7e22bde7c0421a6184fb6c71", "best_bid": "0.4", "best_ask": "0.49"}, {"asset_id": "108442430286615765527014752360734543488337168821843553883980136466628838344959", "price": "0.89", "size": "13189.22", "side": "SELL", "hash": "4f38b8497a9d9912f560809d9664c46ac69b7e99", "best_bid": "0.51", "best_ask": "0.6"}], "timestamp": "1769384493538", "event_type": "price_change"}}
{"_local_timestamp": "2026-01-25T23:41:33.715371+00:00", "data": {"market": "0xab63c6a3cf43c3ab99f68e4a72f6c3c0a7d06bad3fdd5b619939fe3fee0e9e5e", "price_changes": [{"asset_id": "108442430286615765527014752360734543488337168821843553883980136466628838344959", "price": "0.11", "size": "11004.95", "side": "BUY", "hash": "39091878e8a14bc9bd002d7090a8a11997432bb1", "best_bid": "0.51", "best_ask": "0.6"}, {"asset_id": "56685619967578726571385852838438545201981689299488058810797637488735546768106", "price": "0.89", "size": "11004.95", "side": "SELL", "hash": "938605f1f87a654050edd3f3809745d91989c7eb", "best_bid": "0.4", "best_ask": "0.49"}], "timestamp": "1769384493539", "event_type": "price_change"}}
{"_local_timestamp": "2026-01-25T23:41:33.719655+00:00", "data": {"market": "0xab63c6a3cf43c3ab99f68e4a72f6c3c0a7d06bad3fdd5b619939fe3fee0e9e5e", "price_changes": [{"asset_id": "56685619967578726571385852838438545201981689299488058810797637488735546768106", "price": "0.15", "size": "100", "side": "BUY", "hash": "bdbf0241cf596899bc5950e2532da6e6394d52c4", "best_bid": "0.4", "best_ask": "0.49"}, {"asset_id": "108442430286615765527014752360734543488337168821843553883980136466628838344959", "price": "0.85", "size": "100", "side": "SELL", "hash": "9abf5d114ab30a9c1b20a75b88d06c0c8e188763", "best_bid": "0.51", "best_ask": "0.6"}], "timestamp": "1769384493645", "event_type": "price_change"}}
{"_local_timestamp": "2026-01-25T23:41:33.785626+00:00", "data": {"market": "0xab63c6a3cf43c3ab99f68e4a72f6c3c0a7d06bad3fdd5b619939fe3fee0e9e5e", "price_changes": [{"asset_id": "108442430286615765527014752360734543488337168821843553883980136466628838344959", "price": "0.02", "size": "12699.11", "side": "BUY", "hash": "e5c2962b351a5a7ccbb7438103ff4078c3722b8f", "best_bid": "0.51", "best_ask": "0.6"}, {"asset_id": "56685619967578726571385852838438545201981689299488058810797637488735546768106", "price": "0.98", "size": "12699.11", "side": "SELL", "hash": "e309220fdbf5b65040530a389008afdfa2d59a05", "best_bid": "0.4", "best_ask": "0.49"}], "timestamp": "1769384493717", "event_type": "price_change"}}
{"_local_timestamp": "2026-01-25T23:41:33.794791+00:00", "data": {"market": "0xab63c6a3cf43c3ab99f68e4a72f6c3c0a7d06bad3fdd5b619939fe3fee0e9e5e", "price_changes": [{"asset_id": "108442430286615765527014752360734543488337168821843553883980136466628838344959", "price": "0.1", "size": "200", "side": "BUY", "hash": "24a5753603f47935027aa201c28664aec1260f64", "best_bid": "0.51", "best_ask": "0.6"}, {"asset_id": "56685619967578726571385852838438545201981689299488058810797637488735546768106", "price": "0.9", "size": "200", "side": "SELL", "hash": "d9f9c707fec469f3e18ac2900ca3d13dd727ffe1", "best_bid": "0.4", "best_ask": "0.49"}], "timestamp": "1769384493718", "event_type": "price_change"}}
{"_local_timestamp": "2026-01-25T23:41:33.807440+00:00", "data": {"market": "0xab63c6a3cf43c3ab99f68e4a72f6c3c0a7d06bad3fdd5b619939fe3fee0e9e5e", "price_changes": [{"asset_id": "56685619967578726571385852838438545201981689299488058810797637488735546768106", "price": "0.02", "size": "12704.32", "side": "BUY", "hash": "f31581ff977198ef756d97f1af9b7f8ca0cf722e", "best_bid": "0.4", "best_ask": "0.49"}, {"asset_id": "108442430286615765527014752360734543488337168821843553883980136466628838344959", "price": "0.98", "size": "12704.32", "side": "SELL", "hash": "e341d2c21260d0b2beb4e354cd2dc979ff2c4837", "best_bid": "0.51", "best_ask": "0.6"}], "timestamp": "1769384493719", "event_type": "price_change"}}
{"_local_timestamp": "2026-01-25T23:41:42.448152+00:00", "data": {"market": "0xab63c6a3cf43c3ab99f68e4a72f6c3c0a7d06bad3fdd5b619939fe3fee0e9e5e", "price_changes": [{"asset_id": "108442430286615765527014752360734543488337168821843553883980136466628838344959", "price": "0.09", "size": "100", "side": "BUY", "hash": "ccb456f99a8bb5c505923e18ef2b766ef8352433", "best_bid": "0.51", "best_ask": "0.6"}, {"asset_id": "56685619967578726571385852838438545201981689299488058810797637488735546768106", "price": "0.91", "size": "100", "side": "SELL", "hash": "6dd4b89068046ae7459a1f606b6b7aa58731ee0e", "best_bid": "0.4", "best_ask": "0.49"}], "timestamp": "1769384502368", "event_type": "price_change"}}
{"_local_timestamp": "2026-01-25T23:41:42.451834+00:00", "data": {"market": "0xab63c6a3cf43c3ab99f68e4a72f6c3c0a7d06bad3fdd5b619939fe3fee0e9e5e", "price_changes": [{"asset_id": "108442430286615765527014752360734543488337168821843553883980136466628838344959", "price": "0.03", "size": "500", "side": "BUY", "hash": "ccb456f99a8bb5c505923e18ef2b766ef8352433", "best_bid": "0.51", "best_ask": "0.6"}, {"asset_id": "56685619967578726571385852838438545201981689299488058810797637488735546768106", "price": "0.97", "size": "500", "side": "SELL", "hash": "6dd4b89068046ae7459a1f606b6b7aa58731ee0e", "best_bid": "0.4", "best_ask": "0.49"}], "timestamp": "1769384502368", "event_type": "price_change"}}
{"_local_timestamp": "2026-01-25T23:41:42.454740+00:00", "data": {"market": "0xab63c6a3cf43c3ab99f68e4a72f6c3c0a7d06bad3fdd5b619939fe3fee0e9e5e", "price_changes": [{"asset_id": "56685619967578726571385852838438545201981689299488058810797637488735546768106", "price": "0.03", "size": "500", "side": "BUY", "hash": "ae8c44cc2018195fdfc90ebae04c94d554d30ae6", "best_bid": "0.4", "best_ask": "0.49"}, {"asset_id": "108442430286615765527014752360734543488337168821843553883980136466628838344959", "price": "0.97", "size": "500", "side": "SELL", "hash": "3df17467b90c73ed8b15cf7a6b6aedb09f736587", "best_bid": "0.51", "best_ask": "0.6"}], "timestamp": "1769384502369", "event_type": "price_change"}}
{"_local_timestamp": "2026-01-25T23:41:42.527400+00:00", "data": {"market": "0xab63c6a3cf43c3ab99f68e4a72f6c3c0a7d06bad3fdd5b619939fe3fee0e9e5e", "price_changes": [{"asset_id": "56685619967578726571385852838438545201981689299488058810797637488735546768106", "price": "0.09", "size": "2290.11", "side": "BUY", "hash": "ae8c44cc2018195fdfc90ebae04c94d554d30ae6", "best_bid": "0.4", "best_ask": "0.49"}, {"asset_id": "108442430286615765527014752360734543488337168821843553883980136466628838344959", "price": "0.91", "size": "2290.11", "side": "SELL", "hash": "3df17467b90c73ed8b15cf7a6b6aedb09f736587", "best_bid": "0.51", "best_ask": "0.6"}], "timestamp": "1769384502369", "event_type": "price_change"}}
{"_local_timestamp": "2026-01-25T23:41:42.530435+00:00", "data": {"market": "0xab63c6a3cf43c3ab99f68e4a72f6c3c0a7d06bad3fdd5b619939fe3fee0e9e5e", "price_changes": [{"asset_id": "56685619967578726571385852838438545201981689299488058810797637488735546768106", "price": "0.11", "size": "0", "side": "BUY", "hash": "a3719e039acdf1c05d6e3cafcef909322a43b00d", "best_bid": "0.4", "best_ask": "0.49"}, {"asset_id": "108442430286615765527014752360734543488337168821843553883980136466628838344959", "price": "0.89", "size": "0", "side": "SELL", "hash": "2f126795f14e95e00aec3efc17ed0b6a661aee36", "best_bid": "0.51", "best_ask": "0.6"}], "timestamp": "1769384502432", "event_type": "price_change"}}
{"_local_timestamp": "2026-01-25T23:41:42.533181+00:00", "data": {"market": "0xab63c6a3cf43c3ab99f68e4a72f6c3c0a7d06bad3fdd5b619939fe3fee0e9e5e", "price_changes": [{"asset_id": "108442430286615765527014752360734543488337168821843553883980136466628838344959", "price": "0.11", "size": "5.84", "side": "BUY", "hash": "401ccccdcb3c88889849ab74d01e5aab9cb10472", "best_bid": "0.51", "best_ask": "0.6"}, {"asset_id": "56685619967578726571385852838438545201981689299488058810797637488735546768106", "price": "0.89", "size": "5.84", "side": "SELL", "hash": "da8a87d8c370abf18e12d88e60cae35a50c7fd6a", "best_bid": "0.4", "best_ask": "0.49"}], "timestamp": "1769384502432", "event_type": "price_change"}}
{"_local_timestamp": "2026-01-25T23:41:42.545115+00:00", "data": {"market": "0xab63c6a3cf43c3ab99f68e4a72f6c3c0a7d06bad3fdd5b619939fe3fee0e9e5e", "price_changes": [{"asset_id": "56685619967578726571385852838438545201981689299488058810797637488735546768106", "price": "0.07", "size": "3590.11", "side": "BUY", "hash": "704b3f5ede3ac65debf0652abe76d3311f4f47d1", "best_bid": "0.4", "best_ask": "0.49"}, {"asset_id": "108442430286615765527014752360734543488337168821843553883980136466628838344959", "price": "0.93", "size": "3590.11", "side": "SELL", "hash": "66f17616fce6e58b132821c2e8c52532f62352a2", "best_bid": "0.51", "best_ask": "0.6"}], "timestamp": "1769384502471", "event_type": "price_change"}}
{"_local_timestamp": "2026-01-25T23:41:42.552016+00:00", "data": {"market": "0xab63c6a3cf43c3ab99f68e4a72f6c3c0a7d06bad3fdd5b619939fe3fee0e9e5e", "price_changes": [{"asset_id": "56685619967578726571385852838438545201981689299488058810797637488735546768106", "price": "0.08", "size": "10647.44", "side": "BUY", "hash": "116f5c0bdd49567f8333834a82a21765bead15a8", "best_bid": "0.4", "best_ask": "0.49"}, {"asset_id": "108442430286615765527014752360734543488337168821843553883980136466628838344959", "price": "0.92", "size": "10647.44", "side": "SELL", "hash": "e526aee647b4cbb23518714bb1a2269df0e42a47", "best_bid": "0.51", "best_ask": "0.6"}], "timestamp": "1769384502472", "event_type": "price_change"}}
{"_local_timestamp": "2026-01-25T23:41:42.613375+00:00", "data": {"market": "0xab63c6a3cf43c3ab99f68e4a72f6c3c0a7d06bad3fdd5b619939fe3fee0e9e5e", "price_changes": [{"asset_id": "108442430286615765527014752360734543488337168821843553883980136466628838344959", "price": "0.12", "size": "3997.11", "side": "BUY", "hash": "f31d670dd9c99c65f18b97e991f39a77382c27f1", "best_bid": "0.51", "best_ask": "0.6"}, {"asset_id": "56685619967578726571385852838438545201981689299488058810797637488735546768106", "price": "0.88", "size": "3997.11", "side": "SELL", "hash": "b85d54e87dee58ef85c31d2578d25761395cb73a", "best_bid": "0.4", "best_ask": "0.49"}], "timestamp": "1769384502544", "event_type": "price_change"}}
{"_local_timestamp": "2026-01-25T23:41:42.616175+00:00", "data": {"market": "0xab63c6a3cf43c3ab99f68e4a72f6c3c0a7d06bad3fdd5b619939fe3fee0e9e5e", "price_changes": [{"asset_id": "108442430286615765527014752360734543488337168821843553883980136466628838344959", "price": "0.12", "size": "14996.22", "side": "BUY", "hash": "73c5609cc35c3e59fdd810e59b3a0c0b55a8e4c5", "best_bid": "0.51", "best_ask": "0.6"}, {"asset_id": "56685619967578726571385852838438545201981689299488058810797637488735546768106", "price": "0.88", "size": "14996.22", "side": "SELL", "hash": "e76e7b182a6532de5370b993ccfc8f806fa6082a", "best_bid": "0.4", "best_ask": "0.49"}], "timestamp": "1769384502545", "event_type": "price_change"}}
{"_local_timestamp": "2026-01-25T23:41:42.622624+00:00", "data": {"market": "0xab63c6a3cf43c3ab99f68e4a72f6c3c0a7d06bad3fdd5b619939fe3fee0e9e5e", "price_changes": [{"asset_id": "108442430286615765527014752360734543488337168821843553883980136466628838344959", "price": "0.12", "size": "17186.33", "side": "BUY", "hash": "6b735045b61496feeb70096f0f2f851e28c16462", "best_bid": "0.51", "best_ask": "0.6"}, {"asset_id": "56685619967578726571385852838438545201981689299488058810797637488735546768106", "price": "0.88", "size": "17186.33", "side": "SELL", "hash": "d6f78a08c34dbc6b2934ab816101c4409b32c653", "best_bid": "0.4", "best_ask": "0.49"}], "timestamp": "1769384502545", "event_type": "price_change"}}
{"_local_timestamp": "2026-01-25T23:41:42.625691+00:00", "data": {"market": "0xab63c6a3cf43c3ab99f68e4a72f6c3c0a7d06bad3fdd5b619939fe3fee0e9e5e", "price_changes": [{"asset_id": "108442430286615765527014752360734543488337168821843553883980136466628838344959", "price": "0.12", "size": "19456.44", "side": "BUY", "hash": "32c625cb4aeef698af685fb891c8a432bb98f132", "best_bid": "0.51", "best_ask": "0.6"}, {"asset_id": "56685619967578726571385852838438545201981689299488058810797637488735546768106", "price": "0.88", "size": "19456.44", "side": "SELL", "hash": "e75df470a962338da227637ff913dbec8f793eda", "best_bid": "0.4", "best_ask": "0.49"}], "timestamp": "1769384502546", "event_type": "price_change"}}
{"_local_timestamp": "2026-01-25T23:41:42.728496+00:00", "data": {"market": "0xab63c6a3cf43c3ab99f68e4a72f6c3c0a7d06bad3fdd5b619939fe3fee0e9e5e", "price_changes": [{"asset_id": "56685619967578726571385852838438545201981689299488058810797637488735546768106", "price": "0.1", "size": "2295.97", "side": "BUY", "hash": "1085c3ebdd534bac7372e2685384e2ce9881cf8a", "best_bid": "0.4", "best_ask": "0.49"}, {"asset_id": "108442430286615765527014752360734543488337168821843553883980136466628838344959", "price": "0.9", "size": "2295.97", "side": "SELL", "hash": "d8bb0e83de06b47c0bd3b2b982b7241f2b0a50e1", "best_bid": "0.51", "best_ask": "0.6"}], "timestamp": "1769384502658", "event_type": "price_change"}}
{"_local_timestamp": "2026-01-25T23:41:42.731591+00:00", "data": {"market": "0xab63c6a3cf43c3ab99f68e4a72f6c3c0a7d06bad3fdd5b619939fe3fee0e9e5e", "price_changes": [{"asset_id": "108442430286615765527014752360734543488337168821843553883980136466628838344959", "price": "0.02", "size": "13099.11", "side": "BUY", "hash": "8e94b7a4c9bd79f8f246aa2965400cf5bdbbc220", "best_bid": "0.51", "best_ask": "0.6"}, {"asset_id": "56685619967578726571385852838438545201981689299488058810797637488735546768106", "price": "0.98", "size": "13099.11", "side": "SELL", "hash": "fa9fe786bec95ff958523d1d0915eafd7b0244c0", "best_bid": "0.4", "best_ask": "0.49"}], "timestamp": "1769384502659", "event_type": "price_change"}}
{"_local_timestamp": "2026-01-25T23:41:42.734530+00:00", "data": {"market": "0xab63c6a3cf43c3ab99f68e4a72f6c3c0a7d06bad3fdd5b619939fe3fee0e9e5e", "price_changes": [{"asset_id": "56685619967578726571385852838438545201981689299488058810797637488735546768106", "price": "0.02", "size": "13104.32", "side": "BUY", "hash": "b33f7562207007e8da71b40ec9c24a856626d06e", "best_bid": "0.4", "best_ask": "0.49"}, {"asset_id": "108442430286615765527014752360734543488337168821843553883980136466628838344959", "price": "0.98", "size": "13104.32", "side": "SELL", "hash": "3412bbe535a3ef4a0815d557c1e88f783eb87725", "best_bid": "0.51", "best_ask": "0.6"}], "timestamp": "1769384502660", "event_type": "price_change"}}
{"_local_timestamp": "2026-01-25T23:41:42.737635+00:00", "data": {"market": "0xab63c6a3cf43c3ab99f68e4a72f6c3c0a7d06bad3fdd5b619939fe3fee0e9e5e", "price_changes": [{"asset_id": "108442430286615765527014752360734543488337168821843553883980136466628838344959", "price": "0.1", "size": "300", "side": "BUY", "hash": "0fc9b16e14d7f95b7666ca02a7d515e080716447", "best_bid": "0.51", "best_ask": "0.6"}, {"asset_id": "56685619967578726571385852838438545201981689299488058810797637488735546768106", "price": "0.9", "size": "300", "side": "SELL", "hash": "8702649fcbabfb6f80ab6b552f69cf823402e9a2", "best_bid": "0.4", "best_ask": "0.49"}], "timestamp": "1769384502660", "event_type": "price_change"}}
{"_local_timestamp": "2026-01-25T23:41:44.453926+00:00", "data": {"market": "0xab63c6a3cf43c3ab99f68e4a72f6c3c0a7d06bad3fdd5b619939fe3fee0e9e5e", "price_changes": [{"asset_id": "108442430286615765527014752360734543488337168821843553883980136466628838344959", "price": "0.09", "size": "0", "side": "BUY", "hash": "cc03623f0c7ae76c2df89f871374ab4d5b602eee", "best_bid": "0.51", "best_ask": "0.6"}, {"asset_id": "56685619967578726571385852838438545201981689299488058810797637488735546768106", "price": "0.91", "size": "0", "side": "SELL", "hash": "5f806b777c99e1c610db06a3dd0ea02c470bca26", "best_bid": "0.4", "best_ask": "0.49"}], "timestamp": "1769384504381", "event_type": "price_change"}}
{"_local_timestamp": "2026-01-25T23:41:44.456811+00:00", "data": {"market": "0xab63c6a3cf43c3ab99f68e4a72f6c3c0a7d06bad3fdd5b619939fe3fee0e9e5e", "price_changes": [{"asset_id": "108442430286615765527014752360734543488337168821843553883980136466628838344959", "price": "0.03", "size": "100", "side": "BUY", "hash": "cc03623f0c7ae76c2df89f871374ab4d5b602eee", "best_bid": "0.51", "best_ask": "0.6"}, {"asset_id": "56685619967578726571385852838438545201981689299488058810797637488735546768106", "price": "0.97", "size": "100", "side": "SELL", "hash": "5f806b777c99e1c610db06a3dd0ea02c470bca26", "best_bid": "0.4", "best_ask": "0.49"}], "timestamp": "1769384504381", "event_type": "price_change"}}
{"_local_timestamp": "2026-01-25T23:41:44.459463+00:00", "data": {"market": "0xab63c6a3cf43c3ab99f68e4a72f6c3c0a7d06bad3fdd5b619939fe3fee0e9e5e", "price_changes": [{"asset_id": "56685619967578726571385852838438545201981689299488058810797637488735546768106", "price": "0.03", "size": "100", "side": "BUY", "hash": "5d963c28e59e7a0dcbeec1b0bf8fa1c3ae241219", "best_bid": "0.4", "best_ask": "0.49"}, {"asset_id": "108442430286615765527014752360734543488337168821843553883980136466628838344959", "price": "0.97", "size": "100", "side": "SELL", "hash": "c69706177f1d2234f63b912e5dc0f09c842c6c95", "best_bid": "0.51", "best_ask": "0.6"}], "timestamp": "1769384504381", "event_type": "price_change"}}
{"_local_timestamp": "2026-01-25T23:41:44.462102+00:00", "data": {"market": "0xab63c6a3cf43c3ab99f68e4a72f6c3c0a7d06bad3fdd5b619939fe3fee0e9e5e", "price_changes": [{"asset_id": "56685619967578726571385852838438545201981689299488058810797637488735546768106", "price": "0.09", "size": "2190.11", "side": "BUY", "hash": "5d963c28e59e7a0dcbeec1b0bf8fa1c3ae241219", "best_bid": "0.4", "best_ask": "0.49"}, {"asset_id": "108442430286615765527014752360734543488337168821843553883980136466628838344959", "price": "0.91", "size": "2190.11", "side": "SELL", "hash": "c69706177f1d2234f63b912e5dc0f09c842c6c95", "best_bid": "0.51", "best_ask": "0.6"}], "timestamp": "1769384504381", "event_type": "price_change"}}
{"_local_timestamp": "2026-01-25T23:41:44.608945+00:00", "data": {"market": "0xab63c6a3cf43c3ab99f68e4a72f6c3c0a7d06bad3fdd5b619939fe3fee0e9e5e", "price_changes": [{"asset_id": "108442430286615765527014752360734543488337168821843553883980136466628838344959", "price": "0.03", "size": "0", "side": "BUY", "hash": "f405b97e015e026620ec1a262228b5c9554fa1af", "best_bid": "0.51", "best_ask": "0.6"}, {"asset_id": "56685619967578726571385852838438545201981689299488058810797637488735546768106", "price": "0.97", "size": "0", "side": "SELL", "hash": "886ee3ce23b5c5e23638760da516ff7f6b26968f", "best_bid": "0.4", "best_ask": "0.49"}], "timestamp": "1769384504529", "event_type": "price_change"}}
{"_local_timestamp": "2026-01-25T23:41:44.611768+00:00", "data": {"market": "0xab63c6a3cf43c3ab99f68e4a72f6c3c0a7d06bad3fdd5b619939fe3fee0e9e5e", "price_changes": [{"asset_id": "108442430286615765527014752360734543488337168821843553883980136466628838344959", "price": "0.08", "size": "8857.33", "side": "BUY", "hash": "f405b97e015e026620ec1a262228b5c9554fa1af", "best_bid": "0.51", "best_ask": "0.6"}, {"asset_id": "56685619967578726571385852838438545201981689299488058810797637488735546768106", "price": "0.92", "size": "8857.33", "side": "SELL", "hash": "886ee3ce23b5c5e23638760da516ff7f6b26968f", "best_bid": "0.4", "best_ask": "0.49"}], "timestamp": "1769384504529", "event_type": "price_change"}}
{"_local_timestamp": "2026-01-25T23:41:44.614477+00:00", "data": {"market": "0xab63c6a3cf43c3ab99f68e4a72f6c3c0a7d06bad3fdd5b619939fe3fee0e9e5e", "price_changes": [{"asset_id": "56685619967578726571385852838438545201981689299488058810797637488735546768106", "price": "0.03", "size": "0", "side": "BUY", "hash": "e583fb093c2cbe244a9970a1587565ec8e34b801", "best_bid": "0.4", "best_ask": "0.49"}, {"asset_id": "108442430286615765527014752360734543488337168821843553883980136466628838344959", "price": "0.97", "size": "0", "side": "SELL", "hash": "9b0e5cfe23a04797ad83598a8d1bc6f287992001", "best_bid": "0.51", "best_ask": "0.6"}], "timestamp": "1769384504529", "event_type": "price_change"}}
{"_local_timestamp": "2026-01-25T23:41:44.617321+00:00", "data": {"market": "0xab63c6a3cf43c3ab99f68e4a72f6c3c0a7d06bad3fdd5b619939fe3fee0e9e5e", "price_changes": [{"asset_id": "56685619967578726571385852838438545201981689299488058810797637488735546768106", "price": "0.14", "size": "0", "side": "BUY", "hash": "e583fb093c2cbe244a9970a1587565ec8e34b801", "best_bid": "0.4", "best_ask": "0.49"}, {"asset_id": "108442430286615765527014752360734543488337168821843553883980136466628838344959", "price": "0.86", "size": "0", "side": "SELL", "hash": "9b0e5cfe23a04797ad83598a8d1bc6f287992001", "best_bid": "0.51", "best_ask": "0.6"}], "timestamp": "1769384504529", "event_type": "price_change"}}
{"_local_timestamp": "2026-01-25T23:41:44.767730+00:00", "data": {"market": "0xab63c6a3cf43c3ab99f68e4a72f6c3c0a7d06bad3fdd5b619939fe3fee0e9e5e", "price_changes": [{"asset_id": "108442430286615765527014752360734543488337168821843553883980136466628838344959", "price": "0.02", "size": "13499.11", "side": "BUY", "hash": "945aa64139a112d165fcf4829543cfffa34eb5a1", "best_bid": "0.51", "best_ask": "0.6"}, {"asset_id": "56685619967578726571385852838438545201981689299488058810797637488735546768106", "price": "0.98", "size": "13499.11", "side": "SELL", "hash": "d8790595fd526c006d2bbcfc0a5cc9322c8d370d", "best_bid": "0.4", "best_ask": "0.49"}], "timestamp": "1769384504696", "event_type": "price_change"}}
{"_local_timestamp": "2026-01-25T23:41:44.770789+00:00", "data": {"market": "0xab63c6a3cf43c3ab99f68e4a72f6c3c0a7d06bad3fdd5b619939fe3fee0e9e5e", "price_changes": [{"asset_id": "56685619967578726571385852838438545201981689299488058810797637488735546768106", "price": "0.02", "size": "13504.32", "side": "BUY", "hash": "2522313342f7573015830466fa05ebb4dc33f618", "best_bid": "0.4", "best_ask": "0.49"}, {"asset_id": "108442430286615765527014752360734543488337168821843553883980136466628838344959", "price": "0.98", "size": "13504.32", "side": "SELL", "hash": "ace31bf7af6dd425c956de8bc04033d81148d953", "best_bid": "0.51", "best_ask": "0.6"}], "timestamp": "1769384504697", "event_type": "price_change"}}
{"_local_timestamp": "2026-01-25T23:41:44.773743+00:00", "data": {"market": "0xab63c6a3cf43c3ab99f68e4a72f6c3c0a7d06bad3fdd5b619939fe3fee0e9e5e", "price_changes": [{"asset_id": "108442430286615765527014752360734543488337168821843553883980136466628838344959", "price": "0.1", "size": "400", "side": "BUY", "hash": "09e1f04a971c8b932eb903a784d2b2a501a379f4", "best_bid": "0.51", "best_ask": "0.6"}, {"asset_id": "56685619967578726571385852838438545201981689299488058810797637488735546768106", "price": "0.9", "size": "400", "side": "SELL", "hash": "919c920ad378ee8588476bbc594ba0e95412c262", "best_bid": "0.4", "best_ask": "0.49"}], "timestamp": "1769384504698", "event_type": "price_change"}}
{"_local_timestamp": "2026-01-25T23:41:44.863266+00:00", "data": {"market": "0xab63c6a3cf43c3ab99f68e4a72f6c3c0a7d06bad3fdd5b619939fe3fee0e9e5e", "price_changes": [{"asset_id": "56685619967578726571385852838438545201981689299488058810797637488735546768106", "price": "0.1", "size": "2395.97", "side": "BUY", "hash": "2df9fb8efb81696c9573ed6f326e68da7a499791", "best_bid": "0.4", "best_ask": "0.49"}, {"asset_id": "108442430286615765527014752360734543488337168821843553883980136466628838344959", "price": "0.9", "size": "2395.97", "side": "SELL", "hash": "00e01252d3f7a718cbfc74d29cc376e0ce6f5541", "best_bid": "0.51", "best_ask": "0.6"}], "timestamp": "1769384504791", "event_type": "price_change"}}
{"_local_timestamp": "2026-01-25T23:41:44.866257+00:00", "data": {"market": "0xab63c6a3cf43c3ab99f68e4a72f6c3c0a7d06bad3fdd5b619939fe3fee0e9e5e", "price_changes": [{"asset_id": "56685619967578726571385852838438545201981689299488058810797637488735546768106", "price": "0.07", "size": "3690.11", "side": "BUY", "hash": "7f24748f834ef186f6c8b85e7f3b06baf7b215ac", "best_bid": "0.4", "best_ask": "0.49"}, {"asset_id": "108442430286615765527014752360734543488337168821843553883980136466628838344959", "price": "0.93", "size": "3690.11", "side": "SELL", "hash": "793b03679fa05706e538253dcfd974a5534ae601", "best_bid": "0.51", "best_ask": "0.6"}], "timestamp": "1769384504792", "event_type": "price_change"}}
{"_local_timestamp": "2026-01-25T23:41:44.869162+00:00", "data": {"market": "0xab63c6a3cf43c3ab99f68e4a72f6c3c0a7d06bad3fdd5b619939fe3fee0e9e5e", "price_changes": [{"asset_id": "108442430286615765527014752360734543488337168821843553883980136466628838344959", "price": "0.1", "size": "500", "side": "BUY", "hash": "f6007180b4fad9f091447f08d6a36c8fd234fbe5", "best_bid": "0.51", "best_ask": "0.6"}, {"asset_id": "56685619967578726571385852838438545201981689299488058810797637488735546768106", "price": "0.9", "size": "500", "side": "SELL", "hash": "d06c540da9c8b1f583aea414bdf438b9fb02b45a", "best_bid": "0.4", "best_ask": "0.49"}], "timestamp": "1769384504793", "event_type": "price_change"}}
{"_local_timestamp": "2026-01-25T23:41:44.871985+00:00", "data": {"market": "0xab63c6a3cf43c3ab99f68e4a72f6c3c0a7d06bad3fdd5b619939fe3fee0e9e5e", "price_changes": [{"asset_id": "108442430286615765527014752360734543488337168821843553883980136466628838344959", "price": "0.07", "size": "1500", "side": "BUY", "hash": "00fd3b91acedbd111bcc9bb5457cafe3206fca18", "best_bid": "0.51", "best_ask": "0.6"}, {"asset_id": "56685619967578726571385852838438545201981689299488058810797637488735546768106", "price": "0.93", "size": "1500", "side": "SELL", "hash": "9ebebac3d88b919681c7c6bb6698e6492688239f", "best_bid": "0.4", "best_ask": "0.49"}], "timestamp": "1769384504793", "event_type": "price_change"}}
{"_local_timestamp": "2026-01-25T23:41:45.866866+00:00", "data": {"market": "0xab63c6a3cf43c3ab99f68e4a72f6c3c0a7d06bad3fdd5b619939fe3fee0e9e5e", "price_changes": [{"asset_id": "108442430286615765527014752360734543488337168821843553883980136466628838344959", "price": "0.1", "size": "400", "side": "BUY", "hash": "37f8b728d6acf1a0236897eac14f307054638d50", "best_bid": "0.51", "best_ask": "0.6"}, {"asset_id": "56685619967578726571385852838438545201981689299488058810797637488735546768106", "price": "0.9", "size": "400", "side": "SELL", "hash": "ebefe7c2c1ff783f68a8bbc16c66d0d29ac880fa", "best_bid": "0.4", "best_ask": "0.49"}], "timestamp": "1769384505784", "event_type": "price_change"}}
{"_local_timestamp": "2026-01-25T23:41:45.870127+00:00", "data": {"market": "0xab63c6a3cf43c3ab99f68e4a72f6c3c0a7d06bad3fdd5b619939fe3fee0e9e5e", "price_changes": [{"asset_id": "56685619967578726571385852838438545201981689299488058810797637488735546768106", "price": "0.15", "size": "0", "side": "BUY", "hash": "da443876f82be6d72e8c56ce3c059efc78b92704", "best_bid": "0.4", "best_ask": "0.49"}, {"asset_id": "108442430286615765527014752360734543488337168821843553883980136466628838344959", "price": "0.85", "size": "0", "side": "SELL", "hash": "e97a2f0d8863535b8c88207d84abd8fede5b7400", "best_bid": "0.51", "best_ask": "0.6"}], "timestamp": "1769384505785", "event_type": "price_change"}}
{"_local_timestamp": "2026-01-25T23:41:45.906565+00:00", "data": {"market": "0xab63c6a3cf43c3ab99f68e4a72f6c3c0a7d06bad3fdd5b619939fe3fee0e9e5e", "price_changes": [{"asset_id": "108442430286615765527014752360734543488337168821843553883980136466628838344959", "price": "0.12", "size": "0", "side": "BUY", "hash": "7187e350a1c39f727fb24a5d41e575846ece90b0", "best_bid": "0.51", "best_ask": "0.6"}, {"asset_id": "56685619967578726571385852838438545201981689299488058810797637488735546768106", "price": "0.88", "size": "0", "side": "SELL", "hash": "3fdf9ce71d78713304d48a9ccc4156f2d8278b80", "best_bid": "0.4", "best_ask": "0.49"}], "timestamp": "1769384505826", "event_type": "price_change"}}
{"_local_timestamp": "2026-01-25T23:41:45.909528+00:00", "data": {"market": "0xab63c6a3cf43c3ab99f68e4a72f6c3c0a7d06bad3fdd5b619939fe3fee0e9e5e", "price_changes": [{"asset_id": "56685619967578726571385852838438545201981689299488058810797637488735546768106", "price": "0.09", "size": "0", "side": "BUY", "hash": "fda0c51107b255228ad73be08341daa5a9467ac8", "best_bid": "0.4", "best_ask": "0.49"}, {"asset_id": "108442430286615765527014752360734543488337168821843553883980136466628838344959", "price": "0.91", "size": "0", "side": "SELL", "hash": "b3734993ddaf34b3abe814263f4c258b486ec1d8", "best_bid": "0.51", "best_ask": "0.6"}], "timestamp": "1769384505826", "event_type": "price_change"}}
{"_local_timestamp": "2026-01-25T23:41:45.930714+00:00", "data": {"market": "0xab63c6a3cf43c3ab99f68e4a72f6c3c0a7d06bad3fdd5b619939fe3fee0e9e5e", "price_changes": [{"asset_id": "108442430286615765527014752360734543488337168821843553883980136466628838344959", "price": "0.03", "size": "10999.11", "side": "BUY", "hash": "b925c9db7035dd3d524e1a0ba802278a91152290", "best_bid": "0.51", "best_ask": "0.6"}, {"asset_id": "56685619967578726571385852838438545201981689299488058810797637488735546768106", "price": "0.97", "size": "10999.11", "side": "SELL", "hash": "0af5455ef6b49b13a84186ae684079919c1a0644", "best_bid": "0.4", "best_ask": "0.49"}], "timestamp": "1769384505866", "event_type": "price_change"}}
{"_local_timestamp": "2026-01-25T23:41:45.940238+00:00", "data": {"market": "0xab63c6a3cf43c3ab99f68e4a72f6c3c0a7d06bad3fdd5b619939fe3fee0e9e5e", "price_changes": [{"asset_id": "56685619967578726571385852838438545201981689299488058810797637488735546768106", "price": "0.03", "size": "10999.11", "side": "BUY", "hash": "f4ac402538d8b43548f9d92d01ff469f07c269d9", "best_bid": "0.4", "best_ask": "0.49"}, {"asset_id": "108442430286615765527014752360734543488337168821843553883980136466628838344959", "price": "0.97", "size": "10999.11", "side": "SELL", "hash": "9b9e798d926bf667f43f8518d7180d4e65e14b6c", "best_bid": "0.51", "best_ask": "0.6"}], "timestamp": "1769384505867", "event_type": "price_change"}}
{"_local_timestamp": "2026-01-25T23:41:45.943186+00:00", "data": {"market": "0xab63c6a3cf43c3ab99f68e4a72f6c3c0a7d06bad3fdd5b619939fe3fee0e9e5e", "price_changes": [{"asset_id": "56685619967578726571385852838438545201981689299488058810797637488735546768106", "price": "0.11", "size": "2190.11", "side": "BUY", "hash": "362b0e6fb0aa2ebba7239a62fa5387fc7b4181f0", "best_bid": "0.4", "best_ask": "0.49"}, {"asset_id": "108442430286615765527014752360734543488337168821843553883980136466628838344959", "price": "0.89", "size": "2190.11", "side": "SELL", "hash": "5a0926424d729cc40873420e810aa176c7a00006", "best_bid": "0.51", "best_ask": "0.6"}], "timestamp": "1769384505868", "event_type": "price_change"}}
{"_local_timestamp": "2026-01-25T23:41:46.110887+00:00", "data": {"market": "0xab63c6a3cf43c3ab99f68e4a72f6c3c0a7d06bad3fdd5b619939fe3fee0e9e5e", "price_changes": [{"asset_id": "56685619967578726571385852838438545201981689299488058810797637488735546768106", "price": "0.11", "size": "2290.11", "side": "BUY", "hash": "59ff9eb740d8705706fc43223ccc6b519eaa49e5", "best_bid": "0.4", "best_ask": "0.49"}, {"asset_id": "108442430286615765527014752360734543488337168821843553883980136466628838344959", "price": "0.89", "size": "2290.11", "side": "SELL", "hash": "34b594f97fbb1d0ca7cd692507c1e6f2447a66a3", "best_bid": "0.51", "best_ask": "0.6"}], "timestamp": "1769384506018", "event_type": "price_change"}}
{"_local_timestamp": "2026-01-25T23:41:46.169879+00:00", "data": {"market": "0xab63c6a3cf43c3ab99f68e4a72f6c3c0a7d06bad3fdd5b619939fe3fee0e9e5e", "price_changes": [{"asset_id": "56685619967578726571385852838438545201981689299488058810797637488735546768106", "price": "0.12", "size": "3997.11", "side": "BUY", "hash": "781f4132349c0fe5238b6fa96ad3986cc5b46766", "best_bid": "0.4", "best_ask": "0.49"}, {"asset_id": "108442430286615765527014752360734543488337168821843553883980136466628838344959", "price": "0.88", "size": "3997.11", "side": "SELL", "hash": "1c1f07b873c77c905cc6ece53b2a9d37ce85d2f9", "best_bid": "0.51", "best_ask": "0.6"}], "timestamp": "1769384506099", "event_type": "price_change"}}
{"_local_timestamp": "2026-01-25T23:41:46.173066+00:00", "data": {"market": "0xab63c6a3cf43c3ab99f68e4a72f6c3c0a7d06bad3fdd5b619939fe3fee0e9e5e", "price_changes": [{"asset_id": "56685619967578726571385852838438545201981689299488058810797637488735546768106", "price": "0.12", "size": "6267.22", "side": "BUY", "hash": "bb3249134858200f70f5902e2608573d63545804", "best_bid": "0.4", "best_ask": "0.49"}, {"asset_id": "108442430286615765527014752360734543488337168821843553883980136466628838344959", "price": "0.88", "size": "6267.22", "side": "SELL", "hash": "b41b9328f3f1091d3cad8515b08cecc368561888", "best_bid": "0.51", "best_ask": "0.6"}], "timestamp": "1769384506100", "event_type": "price_change"}}
{"_local_timestamp": "2026-01-25T23:41:46.175989+00:00", "data": {"market": "0xab63c6a3cf43c3ab99f68e4a72f6c3c0a7d06bad3fdd5b619939fe3fee0e9e5e", "price_changes": [{"asset_id": "56685619967578726571385852838438545201981689299488058810797637488735546768106", "price": "0.12", "size": "8457.33", "side": "BUY", "hash": "4807765358b182b7c313366a59edc446ab9598f4", "best_bid": "0.4", "best_ask": "0.49"}, {"asset_id": "108442430286615765527014752360734543488337168821843553883980136466628838344959", "price": "0.88", "size": "8457.33", "side": "SELL", "hash": "28c5d544ff1570cba6690ad1810165e158184674", "best_bid": "0.51", "best_ask": "0.6"}], "timestamp": "1769384506101", "event_type": "price_change"}}
