{"_local_timestamp": "2026-01-25T23:34:25.903888+00:00", "data": [{"market": "0x66e5c68cb6c3dca73f72ed6e665776661366e9f4f25f842bfbf7f75f0dda3323", "asset_id": "33921637683474286438249541660342486664896644993598623846148168155018203039646", "timestamp": "1769384064285", "hash": "7b18e93c6e1766ea23bf2a6b7d7e788d8a36215b", "bids": [{"price": "0.01", "size": "95.96"}, {"price": "0.02", "size": "42.01"}, {"price": "0.27", "size": "500"}], "asks": [{"price": "0.99", "size": "1085.09"}, {"price": "0.98", "size": "47.45"}, {"price": "0.38", "size": "500"}], "event_type": "book", "last_trade_price": ""}, {"market": "0x66e5c68cb6c3dca73f72ed6e665776661366e9f4f25f842bfbf7f75f0dda3323", "asset_id": "22602465680333142740738653707825273834609968702208203830031438765401302434739", "timestamp": "1769384064285", "hash": "5a4c267f4f5df593a80dfe6d55b5bf96237be903", "bids": [{"price": "0.01", "size": "1085.09"}, {"price": "0.02", "size": "47.45"}, {"price": "0.62", "size": "500"}], "asks": [{"price": "0.99", "size": "95.96"}, {"price": "0.98", "size": "42.01"}, {"price": "0.73", "size": "500"}], "event_type": "book", "last_trade_price": ""}, {"market": "0x3dc17d4432aca0f9eaa4f41e94dc7a937c4c19aa06407f7d367ea66dd6b705ef", "asset_id": "30750035538606607297476799570164338497863402313268221214550121682051958326536", "timestamp": "1769384064291", "hash": "c636e2e8f3b16beea9909a56e03fb9a2678b77b8", "bids": [{"price": "0.01", "size": "14327.35"}, {"price": "0.02", "size": "10752.48"}, {"price": "0.03", "size": "100"}, {"price": "0.04", "size": "5.3"}, {"price": "0.08", "size": "100"}, {"price": "0.09", "size": "7.06"}, {"price": "0.14", "size": "50"}, {"price": "0.45", "size": "2690.11"}, {"price": "0.46", "size": "2190.11"}], "asks": [{"price": "0.99", "size": "12137.5"}, {"price": "0.98", "size": "8562.33"}, {"price": "0.97", "size": "100"}, {"price": "0.96", "size": "5.26"}, {"price": "0.92", "size": "100"}, {"price": "0.91", "size": "7.06"}, {"price": "0.86", "size": "50"}, {"price": "0.55", "size": "2690.11"}, {"price": "0.54", "size": "2190.11"}], "event_type": "book", "last_trade_price": ""}, {"market": "0xab63c6a3cf43c3ab99f68e4a72f6c3c0a7d06bad3fdd5b619939fe3fee0e9e5e", "asset_id": "108442430286615765527014752360734543488337168821843553883980136466628838344959", "timestamp": "1769384064417", "hash": "6cb2b0057cdd44bb6d8ae7efdf867c984490ecea", "bids": [{"price": "0.01", "size": "2790.27"}, {"price": "0.02", "size": "13199.11"}, {"price": "0.03", "size": "400"}, {"price": "0.04", "size": "6.36"}, {"price": "0.07", "size": "1400"}, {"price": "0.08", "size": "8557.33"}, {"price": "0.09", "size": "300"}, {"price": "0.1", "size": "406.42"}, {"price": "0.11", "size": "100"}, {"price": "0.14", "size": "50"}, {"price": "0.2", "size": "400"}, {"price": "0.33", "size": "50"}, {"price": "0.5", "size": "3190.11"}, {"price": "0.51", "size": "2190.11"}], "asks": [{"price": "0.99", "size": "2790.73"}, {"price": "0.98", "size": "13199.11"}, {"price": "0.97", "size": "409.02"}, {"price": "0.93", "size": "3590.11"}, {"price": "0.92", "size": "10747.44"}, {"price": "0.91", "size": "8464.24"}, {"price": "0.9", "size": "100"}, {"price": "0.86", "size": "150"}, {"price": "0.74", "size": "10"}, {"price": "0.73", "size": "50"}, {"price": "0.6", "size": "1000"}], "event_type": "book", "last_trade_price": ""}, {"market": "0x6ec1533bf58c24859221f4f951e1bd6635d4062c159173b1fd1104f64152bfb6", "asset_id": "96315953066058902024740936163730408631841769397037516243247976463789679670058", "timestamp": "1769384065064", "hash": "a2a4ac6ff0d5566d347820b2f23d579ca8ad7c6a", "bids": [{"price": "0.01", "size": "14379.58"}, {"price": "0.02", "size": "21746.55"}, {"price": "0.03", "size": "8557.33"}, {"price": "0.04", "size": "5.47"}, {"price": "0.08", "size": "100"}, {"price": "0.09", "size": "7.52"}, {"price": "0.14", "size": "50"}, {"price": "0.48", "size": "2690.11"}, {"price": "0.49", "size": "2190.11"}], "asks": [{"price": "0.99", "size": "14379.99"}, {"price": "0.98", "size": "10647.44"}, {"price": "0.97", "size": "29.74"}, {"price": "0.58", "size": "500"}], "event_type": "book", "last_trade_price": ""}, {"market": "0x4872c930ece80c81d460bc9a556d3a4ea8901b1458d549818818f3f053c7a7b6", "asset_id": "97161560949970963455523949468677098315209092765222688292442105148353382047565", "timestamp": "1769384064290", "hash": "52feed663520575a396df34247926fa23017cd7e", "bids": [{"price": "0.01", "size": "14379.99"}, {"price": "0.02", "size": "10647.44"}, {"price": "0.03", "size": "29.74"}, {"price": "0.42", "size": "500"}], "asks": [{"price": "0.99", "size": "14384.39"}, {"price": "0.98", "size": "10747.44"}, {"price": "0.97", "size": "100"}, {"price": "0.96", "size": "5.18"}, {"price": "0.92", "size": "100"}, {"price": "0.91", "size": "7.12"}, {"price": "0.86", "size": "50"}, {"price": "0.52", "size": "2690.11"}, {"price": "0.51", "size": "2190.11"}], "event_type": "book", "last_trade_price": ""}, {"market": "0x4872c930ece80c81d460bc9a556d3a4ea8901b1458d549818818f3f053c7a7b6", "asset_id": "85569336831214603775259988300588821277764294578753230582533005019610107696093", "timestamp": "1769384064290", "hash": "5ced0b706feac54ae2122b204a4f3b1b75a51e84", "bids": [{"price": "0.01", "size": "14384.39"}, {"price": "0.02", "size": "10747.44"}, {"price": "0.03", "size": "100"}, {"price": "0.04", "size": "5.18"}, {"price": "0.08", "size": "100"}, {"price": "0.09", "size": "7.12"}, {"price": "0.14", "size": "50"}, {"price": "0.48", "size": "2690.11"}, {"price": "0.49", "size": "2190.11"}], "asks": [{"price": "0.99", "size": "14379.99"}, {"price": "0.98", "size": "10647.44"}, {"price": "0.97", "size": "29.74"}, {"price": "0.58", "size": "500"}], "event_type": "book", "last_trade_price": ""}, {"market": "0x3dc17d4432aca0f9eaa4f41e94dc7a937c4c19aa06407f7d367ea66dd6b705ef", "asset_id": "74555465594182996458086305494139561200582443194358600782509963958084564246340", "timestamp": "1769384064291", "hash": "5f4f93d00d7bbb916c6aa1f20d0216b3622add08", "bids": [{"price": "0.01", "size": "12137.5"}, {"price": "0.02", "size": "8562.33"}, {"price": "0.03", "size": "100"}, {"price": "0.04", "size": "5.26"}, {"price": "0.08", "size": "100"}, {"price": "0.09", "size": "7.06"}, {"price": "0.14", "size": "50"}, {"price": "0.45", "size": "2690.11"}, {"price": "0.46", "size": "2190.11"}], "asks": [{"price": "0.99", "size": "14327.35"}, {"price": "0.98", "size": "10752.48"}, {"price": "0.97", "size": "100"}, {"price": "0.96", "size": "5.3"}, {"price": "0.92", "size": "100"}, {"price": "0.91", "size": "7.06"}, {"price": "0.86", "size": "50"}, {"price": "0.55", "size": "2690.11"}, {"price": "0.54", "size": "2190.11"}], "event_type": "book", "last_trade_price": ""}, {"market": "0x6ec1533bf58c24859221f4f951e1bd6635d4062c159173b1fd1104f64152bfb6", "asset_id": "28283266317199105918230110303158762359229840619714595669980694133018968933728", "timestamp": "1769384065064", "hash": "c6d4cf178d476d9a3967b97362cddc223a87664d", "bids": [{"price": "0.01", "size": "14379.99"}, {"price": "0.02", "size": "10647.44"}, {"price": "0.03", "size": "29.74"}, {"price": "0.42", "size": "500"}], "asks": [{"price": "0.99", "size": "14379.58"}, {"price": "0.98", "size": "21746.55"}, {"price": "0.97", "size": "8557.33"}, {"price": "0.96", "size": "5.47"}, {"price": "0.92", "size": "100"}, {"price": "0.91", "size": "7.52"}, {"price": "0.86", "size": "50"}, {"price": "0.52", "size": "2690.11"}, {"price": "0.51", "size": "2190.11"}], "event_type": "book", "last_trade_price": ""}, {"market": "0xab63c6a3cf43c3ab99f68e4a72f6c3c0a7d06bad3fdd5b619939fe3fee0e9e5e", "asset_id": "56685619967578726571385852838438545201981689299488058810797637488735546768106", "timestamp": "1769384064417", "hash": "7d6021a5ff0d05fe1ff4472bf5f849dd530b53dd", "bids": [{"price": "0.01", "size": "2790.73"}, {"price": "0.02", "size": "13199.11"}, {"price": "0.03", "size": "409.02"}, {"price": "0.07", "size": "3590.11"}, {"price": "0.08", "size": "10747.44"}, {"price": "0.09", "size": "8464.24"}, {"price": "0.1", "size": "100"}, {"price": "0.14", "size": "150"}, {"price": "0.26", "size": "10"}, {"price": "0.27", "size": "50"}, {"price": "0.4", "size": "1000"}], "asks": [{"price": "0.99", "size": "2790.27"}, {"price": "0.98", "size": "13199.11"}, {"price": "0.97", "size": "400"}, {"price": "0.96", "size": "6.36"}, {"price": "0.93", "size": "1400"}, {"price": "0.92", "size": "8557.33"}, {"price": "0.91", "size": "300"}, {"price": "0.9", "size": "406.42"}, {"price": "0.89", "size": "100"}, {"price": "0.86", "size": "50"}, {"price": "0.8", "size": "400"}, {"price": "0.67", "size": "50"}, {"price": "0.5", "size": "3190.11"}, {"price": "0.49", "size": "2190.11"}], "event_type": "book", "last_trade_price": ""}]}
{"_local_timestamp": "2026-01-25T23:34:29.272696+00:00", "data": {"market": "0xab63c6a3cf43c3ab99f68e4a72f6c3c0a7d06bad3fdd5b619939fe3fee0e9e5e", "price_changes": [{"asset_id": "56685619967578726571385852838438545201981689299488058810797637488735546768106", "price": "0.08", "size": "10647.44", "side": "BUY", "hash": "f8c038ecb35e13311ae5652d7cbaa9a581a3ed99", "best_bid": "0.4", "best_ask": "0.49"}, {"asset_id": "108442430286615765527014752360734543488337168821843553883980136466628838344959", "price": "0.92", "size": "10647.44", "side": "SELL", "hash": "1b85eeb4d1685a79e4dee39cc497d9512480822c", "best_bid": "0.51", "best_ask": "0.6"}], "timestamp": "1769384069205", "event_type": "price_change"}}
{"_local_timestamp": "2026-01-25T23:34:29.274712+00:00", "data": {"market": "0xab63c6a3cf43c3ab99f68e4a72f6c3c0a7d06bad3fdd5b619939fe3fee0e9e5e", "price_changes": [{"asset_id": "108442430286615765527014752360734543488337168821843553883980136466628838344959", "price": "0.02", "size": "12799.11", "side": "BUY", "hash": "00e074c5d40347bfe1237f683e23a89d16acbb18", "best_bid": "0.51", "best_ask": "0.6"}, {"asset_id": "56685619967578726571385852838438545201981689299488058810797637488735546768106", "price": "0.98", "size": "12799.11", "side": "SELL", "hash": "d83d07a520861459522f6020aa3728df49629dea", "best_bid": "0.4", "best_ask": "0.49"}], "timestamp": "1769384069205", "event_type": "price_change"}}
{"_local_timestamp": "2026-01-25T23:34:29.275204+00:00", "data": {"market": "0xab63c6a3cf43c3ab99f68e4a72f6c3c0a7d06bad3fdd5b619939fe3fee0e9e5e", "price_changes": [{"asset_id": "108442430286615765527014752360734543488337168821843553883980136466628838344959", "price": "0.08", "size": "8457.33", "side": "BUY", "hash": "00e074c5d40347bfe1237f683e23a89d16acbb18", "best_bid": "0.51", "best_ask": "0.6"}, {"asset_id": "56685619967578726571385852838438545201981689299488058810797637488735546768106", "price": "0.92", "size": "8457.33", "side": "SELL", "hash": "d83d07a520861459522f6020aa3728df49629dea", "best_bid": "0.4", "best_ask": "0.49"}], "timestamp": "1769384069205", "event_type": "price_change"}}
{"_local_timestamp": "2026-01-25T23:34:29.289173+00:00", "data": {"market": "0xab63c6a3cf43c3ab99f68e4a72f6c3c0a7d06bad3fdd5b619939fe3fee0e9e5e", "price_changes": [{"asset_id": "56685619967578726571385852838438545201981689299488058810797637488735546768106", "price": "0.02", "size": "12799.11", "side": "BUY", "hash": "c905e1c8d3f24550e389560d99770aaa0696453b", "best_bid": "0.4", "best_ask": "0.49"}, {"asset_id": "108442430286615765527014752360734543488337168821843553883980136466628838344959", "price": "0.98", "size": "12799.11", "side": "SELL", "hash": "6c812844488c15d1b8f83d7f4c2f60ae93e9bf8b", "best_bid": "0.51", "best_ask": "0.6"}], "timestamp": "1769384069211", "event_type": "price_change"}}
{"_local_timestamp": "2026-01-25T23:34:29.328213+00:00", "data": {"market": "0xab63c6a3cf43c3ab99f68e4a72f6c3c0a7d06bad3fdd5b619939fe3fee0e9e5e", "price_changes": [{"asset_id": "56685619967578726571385852838438545201981689299488058810797637488735546768106", "price": "0.1", "size": "2290.11", "side": "BUY", "hash": "9a9cd1db8584130728ee282b4aa6ee84b6303b0b", "best_bid": "0.4", "best_ask": "0.49"}, {"asset_id": "108442430286615765527014752360734543488337168821843553883980136466628838344959", "price": "0.9", "size": "2290.11", "side": "SELL", "hash": "45b1f78c903adb8e4d3e153252661f8971aac47c", "best_bid": "0.51", "best_ask": "0.6"}], "timestamp": "1769384069258", "event_type": "price_change"}}
{"_local_timestamp": "2026-01-25T23:34:29.328975+00:00", "data": {"market": "0xab63c6a3cf43c3ab99f68e4a72f6c3c0a7d06bad3fdd5b619939fe3fee0e9e5e", "price_changes": [{"asset_id": "56685619967578726571385852838438545201981689299488058810797637488735546768106", "price": "0.1", "size": "4480.22", "side": "BUY", "hash": "c0df746037ab3544af5f42f25e949f0d314e3f6e", "best_bid": "0.4", "best_ask": "0.49"}, {"asset_id": "108442430286615765527014752360734543488337168821843553883980136466628838344959", "price": "0.9", "size": "4480.22", "side": "SELL", "hash": "89ab1c1923cee8ccb125bc2ed391d3908b2145f2", "best_bid": "0.51", "best_ask": "0.6"}], "timestamp": "1769384069259", "event_type": "price_change"}}
{"_local_timestamp": "2026-01-25T23:34:29.329336+00:00", "data": {"market": "0xab63c6a3cf43c3ab99f68e4a72f6c3c0a7d06bad3fdd5b619939fe3fee0e9e5e", "price_changes": [{"asset_id": "56685619967578726571385852838438545201981689299488058810797637488735546768106", "price": "0.09", "size": "10654.35", "side": "BUY", "hash": "cdcf72d43e993699e0b821da0288a9f0665dbc2c", "best_bid": "0.4", "best_ask": "0.49"}, {"asset_id": "108442430286615765527014752360734543488337168821843553883980136466628838344959", "price": "0.91", "size": "10654.35", "side": "SELL", "hash": "04f9e109d097f32ba55d7584adf5c58f37ddc2c2", "best_bid": "0.51", "best_ask": "0.6"}], "timestamp": "1769384069259", "event_type": "price_change"}}
{"_local_timestamp": "2026-01-25T23:34:29.329792+00:00", "data": {"market": "0xab63c6a3cf43c3ab99f68e4a72f6c3c0a7d06bad3fdd5b619939fe3fee0e9e5e", "price_changes": [{"asset_id": "56685619967578726571385852838438545201981689299488058810797637488735546768106", "price": "0.1", "size": "8477.33", "side": "BUY", "hash": "ab6c17975fd9627808ba9e4133b5fc7d947c7d1f", "best_bid": "0.4", "best_ask": "0.49"}, {"asset_id": "108442430286615765527014752360734543488337168821843553883980136466628838344959", "price": "0.9", "size": "8477.33", "side": "SELL", "hash": "7b7772dc0c39a7d4d5497d7ab1bff099972bec03", "best_bid": "0.51", "best_ask": "0.6"}], "timestamp": "1769384069260", "event_type": "price_change"}}
{"_local_timestamp": "2026-01-25T23:34:29.330885+00:00", "data": {"market": "0xab63c6a3cf43c3ab99f68e4a72f6c3c0a7d06bad3fdd5b619939fe3fee0e9e5e", "price_changes": [{"asset_id": "56685619967578726571385852838438545201981689299488058810797637488735546768106", "price": "0.1", "size": "10747.44", "side": "BUY", "hash": "be9f7567da1899f17851b18a728f21ae55c0fcc7", "best_bid": "0.4", "best_ask": "0.49"}, {"asset_id": "108442430286615765527014752360734543488337168821843553883980136466628838344959", "price": "0.9", "size": "10747.44", "side": "SELL", "hash": "f4912ed01075a35021512e90f306c890c061a040", "best_bid": "0.51", "best_ask": "0.6"}], "timestamp": "1769384069261", "event_type": "price_change"}}
{"_local_timestamp": "2026-01-25T23:34:29.334061+00:00", "data": {"market": "0xab63c6a3cf43c3ab99f68e4a72f6c3c0a7d06bad3fdd5b619939fe3fee0e9e5e", "price_changes": [{"asset_id": "56685619967578726571385852838438545201981689299488058810797637488735546768106", "price": "0.1", "size": "21746.55", "side": "BUY", "hash": "ee2b505267ca819186c3fb11de73ce25d33a276f", "best_bid": "0.4", "best_ask": "0.49"}, {"asset_id": "108442430286615765527014752360734543488337168821843553883980136466628838344959", "price": "0.9", "size": "21746.55", "side": "SELL", "hash": "657758f9df0f98ce0f88db0f9deae1efbe18f65c", "best_bid": "0.51", "best_ask": "0.6"}], "timestamp": "1769384069261", "event_type": "price_change"}}
{"_local_timestamp": "2026-01-25T23:34:29.412710+00:00", "data": {"market": "0xab63c6a3cf43c3ab99f68e4a72f6c3c0a7d06bad3fdd5b619939fe3fee0e9e5e", "price_changes": [{"asset_id": "56685619967578726571385852838438545201981689299488058810797637488735546768106", "price": "0.09", "size": "2197.02", "side": "BUY", "hash": "74bd936e78822c83da9e664c284cae598ab76f53", "best_bid": "0.4", "best_ask": "0.49"}, {"asset_id": "108442430286615765527014752360734543488337168821843553883980136466628838344959", "price": "0.91", "size": "2197.02", "side": "SELL", "hash": "578d2df933158037fd339433633a1e412bf94420", "best_bid": "0.51", "best_ask": "0.6"}], "timestamp": "1769384069304", "event_type": "price_change"}}
{"_local_timestamp": "2026-01-25T23:34:29.563768+00:00", "data": {"market": "0xab63c6a3cf43c3ab99f68e4a72f6c3c0a7d06bad3fdd5b619939fe3fee0e9e5e", "price_changes": [{"asset_id": "56685619967578726571385852838438545201981689299488058810797637488735546768106", "price": "0.03", "size": "809.02", "side": "BUY", "hash": "4f388db5f8e94d4fc57b263a693bb3e68e153af1", "best_bid": "0.4", "best_ask": "0.49"}, {"asset_id": "108442430286615765527014752360734543488337168821843553883980136466628838344959", "price": "0.97", "size": "809.02", "side": "SELL", "hash": "b25df24766284db6d178de2395bd0787a746595e", "best_bid": "0.51", "best_ask": "0.6"}], "timestamp": "1769384069496", "event_type": "price_change"}}
{"_local_timestamp": "2026-01-25T23:34:29.570049+00:00", "data": {"market": "0xab63c6a3cf43c3ab99f68e4a72f6c3c0a7d06bad3fdd5b619939fe3fee0e9e5e", "price_changes": [{"asset_id": "108442430286615765527014752360734543488337168821843553883980136466628838344959", "price": "0.03", "size": "800", "side": "BUY", "hash": "2a1ff2b807f030de176e7c54d23094b9b0a08ef4", "best_bid": "0.51", "best_ask": "0.6"}, {"asset_id": "56685619967578726571385852838438545201981689299488058810797637488735546768106", "price": "0.97", "size": "800", "side": "SELL", "hash": "8ca62d40bc8cc1505ff73de8a4cb94956785388f", "best_bid": "0.4", "best_ask": "0.49"}], "timestamp": "1769384069497", "event_type": "price_change"}}
{"_local_timestamp": "2026-01-25T23:34:29.572270+00:00", "data": {"market": "0xab63c6a3cf43c3ab99f68e4a72f6c3c0a7d06bad3fdd5b619939fe3fee0e9e5e", "price_changes": [{"asset_id": "108442430286615765527014752360734543488337168821843553883980136466628838344959", "price": "0.09", "size": "400", "side": "BUY", "hash": "65b0a3cecc29ee2ad2b7112561c987672634b02f", "best_bid": "0.51", "best_ask": "0.6"}, {"asset_id": "56685619967578726571385852838438545201981689299488058810797637488735546768106", "price": "0.91", "size": "400", "side": "SELL", "hash": "61a3027d3add396c5b51e531c6fb368328e6dcd4", "best_bid": "0.4", "best_ask": "0.49"}], "timestamp": "1769384069498", "event_type": "price_change"}}
{"_local_timestamp": "2026-01-25T23:34:30.048092+00:00", "data": {"market": "0xab63c6a3cf43c3ab99f68e4a72f6c3c0a7d06bad3fdd5b619939fe3fee0e9e5e", "price_changes": [{"asset_id": "108442430286615765527014752360734543488337168821843553883980136466628838344959", "price": "0.07", "size": "800", "side": "BUY", "hash": "117ecb3fe23e271829c1334b408c8e771de782e9", "best_bid": "0.51", "best_ask": "0.6"}, {"asset_id": "56685619967578726571385852838438545201981689299488058810797637488735546768106", "price": "0.93", "size": "800", "side": "SELL", "hash": "1dfe6d7b0e2acc77a4ecf8658a200a4e5eddaac7", "best_bid": "0.4", "best_ask": "0.49"}], "timestamp": "1769384069842", "event_type": "price_change"}}
{"_local_timestamp": "2026-01-25T23:34:30.051919+00:00", "data": {"market": "0xab63c6a3cf43c3ab99f68e4a72f6c3c0a7d06bad3fdd5b619939fe3fee0e9e5e", "price_changes": [{"asset_id": "108442430286615765527014752360734543488337168821843553883980136466628838344959", "price": "0.1", "size": "6.42", "side": "BUY", "hash": "117ecb3fe23e271829c1334b408c8e771de782e9", "best_bid": "0.51", "best_ask": "0.6"}, {"asset_id": "56685619967578726571385852838438545201981689299488058810797637488735546768106", "price": "0.9", "size": "6.42", "side": "SELL", "hash": "1dfe6d7b0e2acc77a4ecf8658a200a4e5eddaac7", "best_bid": "0.4", "best_ask": "0.49"}], "timestamp": "1769384069842", "event_type": "price_change"}}
{"_local_timestamp": "2026-01-25T23:34:30.054246+00:00", "data": {"market": "0xab63c6a3cf43c3ab99f68e4a72f6c3c0a7d06bad3fdd5b619939fe3fee0e9e5e", "price_changes": [{"asset_id": "56685619967578726571385852838438545201981689299488058810797637488735546768106", "price": "0.07", "size": "2990.11", "side": "BUY", "hash": "dd05ff271a509f4ae29e030f366ebc05f6fd4237", "best_bid": "0.4", "best_ask": "0.49"}, {"asset_id": "108442430286615765527014752360734543488337168821843553883980136466628838344959", "price": "0.93", "size": "2990.11", "side": "SELL", "hash": "4db936089e84ac1924ac9d967de588dcb83bbcc7", "best_bid": "0.51", "best_ask": "0.6"}], "timestamp": "1769384069843", "event_type": "price_change"}}
{"_local_timestamp": "2026-01-25T23:34:30.284445+00:00", "data": {"market": "0xab63c6a3cf43c3ab99f68e4a72f6c3c0a7d06bad3fdd5b619939fe3fee0e9e5e", "price_changes": [{"asset_id": "56685619967578726571385852838438545201981689299488058810797637488735546768106", "price": "0.03", "size": "1409.02", "side": "BUY", "hash": "d2b7802d2d432b05bdd200200a728f76c5ba0963", "best_bid": "0.4", "best_ask": "0.49"}, {"asset_id": "108442430286615765527014752360734543488337168821843553883980136466628838344959", "price": "0.97", "size": "1409.02", "side": "SELL", "hash": "012b53ce43b67e20400db5ad33371c919a6b2b34", "best_bid": "0.51", "best_ask": "0.6"}], "timestamp": "1769384070113", "event_type": "price_change"}}
{"_local_timestamp": "2026-01-25T23:34:30.285946+00:00", "data": {"market": "0xab63c6a3cf43c3ab99f68e4a72f6c3c0a7d06bad3fdd5b619939fe3fee0e9e5e", "price_changes": [{"asset_id": "108442430286615765527014752360734543488337168821843553883980136466628838344959", "price": "0.03", "size": "1400", "side": "BUY", "hash": "da36e9d97ab35f2d3c4cd775830bdab27aa19515", "best_bid": "0.51", "best_ask": "0.6"}, {"asset_id": "56685619967578726571385852838438545201981689299488058810797637488735546768106", "price": "0.97", "size": "1400", "side": "SELL", "hash": "d7fc07848f907e5ed9d081df3bafe075f41c5e70", "best_bid": "0.4", "best_ask": "0.49"}], "timestamp": "1769384070114", "event_type": "price_change"}}
{"_local_timestamp": "2026-01-25T23:34:30.290132+00:00", "data": {"market": "0xab63c6a3cf43c3ab99f68e4a72f6c3c0a7d06bad3fdd5b619939fe3fee0e9e5e", "price_changes": [{"asset_id": "108442430286615765527014752360734543488337168821843553883980136466628838344959", "price": "0.09", "size": "800", "side": "BUY", "hash": "dbdc232c6e85a7a4a51c684db0949b26ef173a35", "best_bid": "0.51", "best_ask": "0.6"}, {"asset_id": "56685619967578726571385852838438545201981689299488058810797637488735546768106", "price": "0.91", "size": "800", "side": "SELL", "hash": "59105fe05a1fa753a4d84dce22b70ef2f332b530", "best_bid": "0.4", "best_ask": "0.49"}], "timestamp": "1769384070115", "event_type": "price_change"}}
{"_local_timestamp": "2026-01-25T23:34:30.956088+00:00", "data": {"market": "0xab63c6a3cf43c3ab99f68e4a72f6c3c0a7d06bad3fdd5b619939fe3fee0e9e5e", "price_changes": [{"asset_id": "56685619967578726571385852838438545201981689299488058810797637488735546768106", "price": "0.14", "size": "50", "side": "BUY", "hash": "865ad3dc79037a3a0d5526b01b20f0599c9f6424", "best_bid": "0.4", "best_ask": "0.49"}, {"asset_id": "108442430286615765527014752360734543488337168821843553883980136466628838344959", "price": "0.86", "size": "50", "side": "SELL", "hash": "b83446472972e4003e4ae4fcebdb65702a5859a4", "best_bid": "0.51", "best_ask": "0.6"}], "timestamp": "1769384070882", "event_type": "price_change"}}
{"_local_timestamp": "2026-01-25T23:34:30.957237+00:00", "data": {"market": "0xab63c6a3cf43c3ab99f68e4a72f6c3c0a7d06bad3fdd5b619939fe3fee0e9e5e", "price_changes": [{"asset_id": "56685619967578726571385852838438545201981689299488058810797637488735546768106", "price": "0.03", "size": "1109.02", "side": "BUY", "hash": "865ad3dc79037a3a0d5526b01b20f0599c9f6424", "best_bid": "0.4", "best_ask": "0.49"}, {"asset_id": "108442430286615765527014752360734543488337168821843553883980136466628838344959", "price": "0.97", "size": "1109.02", "side": "SELL", "hash": "b83446472972e4003e4ae4fcebdb65702a5859a4", "best_bid": "0.51", "best_ask": "0.6"}], "timestamp": "1769384070882", "event_type": "price_change"}}
{"_local_timestamp": "2026-01-25T23:34:30.957677+00:00", "data": {"market": "0xab63c6a3cf43c3ab99f68e4a72f6c3c0a7d06bad3fdd5b619939fe3fee0e9e5e", "price_changes": [{"asset_id": "108442430286615765527014752360734543488337168821843553883980136466628838344959", "price": "0.09", "size": "700", "side": "BUY", "hash": "599642296b7c24c097bbad521168c8753095e525", "best_bid": "0.51", "best_ask": "0.6"}, {"asset_id": "56685619967578726571385852838438545201981689299488058810797637488735546768106", "price": "0.91", "size": "700", "side": "SELL", "hash": "8b9cee523e84724f3803beae6a673d5689e6d948", "best_bid": "0.4", "best_ask": "0.49"}], "timestamp": "1769384070882", "event_type": "price_change"}}
{"_local_timestamp": "2026-01-25T23:34:30.958370+00:00", "data": {"market": "0xab63c6a3cf43c3ab99f68e4a72f6c3c0a7d06bad3fdd5b619939fe3fee0e9e5e", "price_changes": [{"asset_id": "108442430286615765527014752360734543488337168821843553883980136466628838344959", "price": "0.03", "size": "1100", "side": "BUY", "hash": "599642296b7c24c097bbad521168c8753095e525", "best_bid": "0.51", "best_ask": "0.6"}, {"asset_id": "56685619967578726571385852838438545201981689299488058810797637488735546768106", "price": "0.97", "size": "1100", "side": "SELL", "hash": "8b9cee523e84724f3803beae6a673d5689e6d948", "best_bid": "0.4", "best_ask": "0.49"}], "timestamp": "1769384070882", "event_type": "price_change"}}
{"_local_timestamp": "2026-01-25T23:34:31.182305+00:00", "data": {"market": "0xab63c6a3cf43c3ab99f68e4a72f6c3c0a7d06bad3fdd5b619939fe3fee0e9e5e", "price_changes": [{"asset_id": "56685619967578726571385852838438545201981689299488058810797637488735546768106", "price": "0.09", "size": "2297.02", "side": "BUY", "hash": "81f642385914df791454c365e847e621d139b692", "best_bid": "0.4", "best_ask": "0.49"}, {"asset_id": "108442430286615765527014752360734543488337168821843553883980136466628838344959", "price": "0.91", "size": "2297.02", "side": "SELL", "hash": "fa95b2a994070408076718dd49206d4696e01aa0", "best_bid": "0.51", "best_ask": "0.6"}], "timestamp": "1769384071112", "event_type": "price_change"}}
{"_local_timestamp": "2026-01-25T23:34:31.186481+00:00", "data": {"market": "0xab63c6a3cf43c3ab99f68e4a72f6c3c0a7d06bad3fdd5b619939fe3fee0e9e5e", "price_changes": [{"asset_id": "108442430286615765527014752360734543488337168821843553883980136466628838344959", "price": "0.02", "size": "13099.11", "side": "BUY", "hash": "e1806b27ae7164ebbb3790a8772f104a65dc08c3", "best_bid": "0.51", "best_ask": "0.6"}, {"asset_id": "56685619967578726571385852838438545201981689299488058810797637488735546768106", "price": "0.98", "size": "13099.11", "side": "SELL", "hash": "d9e4a1be3ad24a6817515a524f880a11312f754e", "best_bid": "0.4", "best_ask": "0.49"}], "timestamp": "1769384071112", "event_type": "price_change"}}
{"_local_timestamp": "2026-01-25T23:34:31.187408+00:00", "data": {"market": "0xab63c6a3cf43c3ab99f68e4a72f6c3c0a7d06bad3fdd5b619939fe3fee0e9e5e", "price_changes": [{"asset_id": "56685619967578726571385852838438545201981689299488058810797637488735546768106", "price": "0.02", "size": "13099.11", "side": "BUY", "hash": "b838385c835b7132c4da1439e09d9210ae28092a", "best_bid": "0.4", "best_ask": "0.49"}, {"asset_id": "108442430286615765527014752360734543488337168821843553883980136466628838344959", "price": "0.98", "size": "13099.11", "side": "SELL", "hash": "e551e1b9a14cc8a194a58eac6bcc36ab9423449f", "best_bid": "0.51", "best_ask": "0.6"}], "timestamp": "1769384071113", "event_type": "price_change"}}
{"_local_timestamp": "2026-01-25T23:34:31.190009+00:00", "data": {"market": "0xab63c6a3cf43c3ab99f68e4a72f6c3c0a7d06bad3fdd5b619939fe3fee0e9e5e", "price_changes": [{"asset_id": "108442430286615765527014752360734543488337168821843553883980136466628838344959", "price": "0.1", "size": "106.42", "side": "BUY", "hash": "543998c6016bf5de85044d6445268a57f8c94288", "best_bid": "0.51", "best_ask": "0.6"}, {"asset_id": "56685619967578726571385852838438545201981689299488058810797637488735546768106", "price": "0.9", "size": "106.42", "side": "SELL", "hash": "9558d37d33086e6c8ba908d26f12a180b9301605", "best_bid": "0.4", "best_ask": "0.49"}], "timestamp": "1769384071114", "event_type": "price_change"}}
{"_local_timestamp": "2026-01-25T23:34:31.809148+00:00", "data": {"market": "0xab63c6a3cf43c3ab99f68e4a72f6c3c0a7d06bad3fdd5b619939fe3fee0e9e5e", "price_changes": [{"asset_id": "56685619967578726571385852838438545201981689299488058810797637488735546768106", "price": "0.02", "size": "12699.11", "side": "BUY", "hash": "b9835b9c3a8ef30c65167e61e9dae525a7fa6bf9", "best_bid": "0.4", "best_ask": "0.49"}, {"asset_id": "108442430286615765527014752360734543488337168821843553883980136466628838344959", "price": "0.98", "size": "12699.11", "side": "SELL", "hash": "54465a81d16e94cb50cc13cdaa3d4654a48e3a2e", "best_bid": "0.51", "best_ask": "0.6"}], "timestamp": "1769384071737", "event_type": "price_change"}}
{"_local_timestamp": "2026-01-25T23:34:31.813960+00:00", "data": {"market": "0xab63c6a3cf43c3ab99f68e4a72f6c3c0a7d06bad3fdd5b619939fe3fee0e9e5e", "price_changes": [{"asset_id": "56685619967578726571385852838438545201981689299488058810797637488735546768106", "price": "0.1", "size": "21646.55", "side": "BUY", "hash": "b9835b9c3a8ef30c65167e61e9dae525a7fa6bf9", "best_bid": "0.4", "best_ask": "0.49"}, {"asset_id": "108442430286615765527014752360734543488337168821843553883980136466628838344959", "price": "0.9", "size": "21646.55", "side": "SELL", "hash": "54465a81d16e94cb50cc13cdaa3d4654a48e3a2e", "best_bid": "0.51", "best_ask": "0.6"}], "timestamp": "1769384071737", "event_type": "price_change"}}
{"_local_timestamp": "2026-01-25T23:34:31.817536+00:00", "data": {"market": "0xab63c6a3cf43c3ab99f68e4a72f6c3c0a7d06bad3fdd5b619939fe3fee0e9e5e", "price_changes": [{"asset_id": "108442430286615765527014752360734543488337168821843553883980136466628838344959", "price": "0.11", "size": "0", "side": "BUY", "hash": "9957ac33f0f45d007ca8f2d576010f5eb24e8921", "best_bid": "0.51", "best_ask": "0.6"}, {"asset_id": "56685619967578726571385852838438545201981689299488058810797637488735546768106", "price": "0.89", "size": "0", "side": "SELL", "hash": "75751a14e346cb5799be37f5d8e1265996fd7b75", "best_bid": "0.4", "best_ask": "0.49"}], "timestamp": "1769384071737", "event_type": "price_change"}}
{"_local_timestamp": "2026-01-25T23:34:31.817918+00:00", "data": {"market": "0xab63c6a3cf43c3ab99f68e4a72f6c3c0a7d06bad3fdd5b619939fe3fee0e9e5e", "price_changes": [{"asset_id": "108442430286615765527014752360734543488337168821843553883980136466628838344959", "price": "0.02", "size": "12699.11", "side": "BUY", "hash": "9957ac33f0f45d007ca8f2d576010f5eb24e8921", "best_bid": "0.51", "best_ask": "0.6"}, {"asset_id": "56685619967578726571385852838438545201981689299488058810797637488735546768106", "price": "0.98", "size": "12699.11", "side": "SELL", "hash": "75751a14e346cb5799be37f5d8e1265996fd7b75", "best_bid": "0.4", "best_ask": "0.49"}], "timestamp": "1769384071737", "event_type": "price_change"}}
{"_local_timestamp": "2026-01-25T23:34:32.266798+00:00", "data": {"market": "0xab63c6a3cf43c3ab99f68e4a72f6c3c0a7d06bad3fdd5b619939fe3fee0e9e5e", "price_changes": [{"asset_id": "56685619967578726571385852838438545201981689299488058810797637488735546768106", "price": "0.03", "size": "1509.02", "side": "BUY", "hash": "9afbcde2686e87bd08e228d2cff47da16dc2978a", "best_bid": "0.4", "best_ask": "0.49"}, {"asset_id": "108442430286615765527014752360734543488337168821843553883980136466628838344959", "price": "0.97", "size": "1509.02", "side": "SELL", "hash": "bfd2e0998485108e27bda49aa89222fb571217a9", "best_bid": "0.51", "best_ask": "0.6"}], "timestamp": "1769384072119", "event_type": "price_change"}}
{"_local_timestamp": "2026-01-25T23:34:32.280694+00:00", "data": {"market": "0xab63c6a3cf43c3ab99f68e4a72f6c3c0a7d06bad3fdd5b619939fe3fee0e9e5e", "price_changes": [{"asset_id": "108442430286615765527014752360734543488337168821843553883980136466628838344959", "price": "0.03", "size": "1500", "side": "BUY", "hash": "10c4dd07eaa9de033ed66921191c0120b91ed023", "best_bid": "0.51", "best_ask": "0.6"}, {"asset_id": "56685619967578726571385852838438545201981689299488058810797637488735546768106", "price": "0.97", "size": "1500", "side": "SELL", "hash": "b7aea8b40861d9dd40bd1431aa9912c0633be230", "best_bid": "0.4", "best_ask": "0.49"}], "timestamp": "1769384072122", "event_type": "price_change"}}
{"_local_timestamp": "2026-01-25T23:34:32.281193+00:00", "data": {"market": "0xab63c6a3cf43c3ab99f68e4a72f6c3c0a7d06bad3fdd5b619939fe3fee0e9e5e", "price_changes": [{"asset_id": "108442430286615765527014752360734543488337168821843553883980136466628838344959", "price": "0.09", "size": "800", "side": "BUY", "hash": "9169d1d231f5eef521fe1b6f8b5d9eb890acba25", "best_bid": "0.51", "best_ask": "0.6"}, {"asset_id": "56685619967578726571385852838438545201981689299488058810797637488735546768106", "price": "0.91", "size": "800", "side": "SELL", "hash": "51208c5676c2304c10c37c98faea708cdf132d3f", "best_bid": "0.4", "best_ask": "0.49"}], "timestamp": "1769384072124", "event_type": "price_change"}}
{"_local_timestamp": "2026-01-25T23:34:32.381536+00:00", "data": {"market": "0xab63c6a3cf43c3ab99f68e4a72f6c3c0a7d06bad3fdd5b619939fe3fee0e9e5e", "price_changes": [{"asset_id": "56685619967578726571385852838438545201981689299488058810797637488735546768106", "price": "0.1", "size": "0", "side": "BUY", "hash": "6b6d8013ffe0b81710e6706717db9a68bcf700bf", "best_bid": "0.4", "best_ask": "0.49"}, {"asset_id": "108442430286615765527014752360734543488337168821843553883980136466628838344959", "price": "0.9", "size": "0", "side": "SELL", "hash": "645cb8858c2c957492d5baa419501a62d085ce41", "best_bid": "0.51", "best_ask": "0.6"}], "timestamp": "1769384072260", "event_type": "price_change"}}
{"_local_timestamp": "2026-01-25T23:34:32.382484+00:00", "data": {"market": "0xab63c6a3cf43c3ab99f68e4a72f6c3c0a7d06bad3fdd5b619939fe3fee0e9e5e", "price_changes": [{"asset_id": "56685619967578726571385852838438545201981689299488058810797637488735546768106", "price": "0.09", "size": "106.91", "side": "BUY", "hash": "6b6d8013ffe0b81710e6706717db9a68bcf700bf", "best_bid": "0.4", "best_ask": "0.49"}, {"asset_id": "108442430286615765527014752360734543488337168821843553883980136466628838344959", "price": "0.91", "size": "106.91", "side": "SELL", "hash": "645cb8858c2c957492d5baa419501a62d085ce41", "best_bid": "0.51", "best_ask": "0.6"}], "timestamp": "1769384072260", "event_type": "price_change"}}
{"_local_timestamp": "2026-01-25T23:34:32.573121+00:00", "data": {"market": "0xab63c6a3cf43c3ab99f68e4a72f6c3c0a7d06bad3fdd5b619939fe3fee0e9e5e", "price_changes": [{"asset_id": "108442430286615765527014752360734543488337168821843553883980136466628838344959", "price": "0.1", "size": "4103.53", "side": "BUY", "hash": "5fa5b909cc3b8807e6daf92a26fbf565dc527f1f", "best_bid": "0.51", "best_ask": "0.6"}, {"asset_id": "56685619967578726571385852838438545201981689299488058810797637488735546768106", "price": "0.9", "size": "4103.53", "side": "SELL", "hash": "fbc7eb3563eb4a36e6d13e6f3b77790e05b76244", "best_bid": "0.4", "best_ask": "0.49"}], "timestamp": "1769384072501", "event_type": "price_change"}}
{"_local_timestamp": "2026-01-25T23:34:32.573869+00:00", "data": {"market": "0xab63c6a3cf43c3ab99f68e4a72f6c3c0a7d06bad3fdd5b619939fe3fee0e9e5e", "price_changes": [{"asset_id": "108442430286615765527014752360734543488337168821843553883980136466628838344959", "price": "0.1", "size": "6293.64", "side": "BUY", "hash": "a052d2a74bcc134f3bb2840d85ea16c930dafa36", "best_bid": "0.51", "best_ask": "0.6"}, {"asset_id": "56685619967578726571385852838438545201981689299488058810797637488735546768106", "price": "0.9", "size": "6293.64", "side": "SELL", "hash": "1e8dbae51d1d44153cf6c0ab3c7a956c11b2bd6f", "best_bid": "0.4", "best_ask": "0.49"}], "timestamp": "1769384072503", "event_type": "price_change"}}
{"_local_timestamp": "2026-01-25T23:34:32.574340+00:00", "data": {"market": "0xab63c6a3cf43c3ab99f68e4a72f6c3c0a7d06bad3fdd5b619939fe3fee0e9e5e", "price_changes": [{"asset_id": "108442430286615765527014752360734543488337168821843553883980136466628838344959", "price": "0.1", "size": "8563.75", "side": "BUY", "hash": "d22d20a53beaf57a982b6f66e906a2cd0bf49708", "best_bid": "0.51", "best_ask": "0.6"}, {"asset_id": "56685619967578726571385852838438545201981689299488058810797637488735546768106", "price": "0.9", "size": "8563.75", "side": "SELL", "hash": "345e08663d66bf8792d70ffb3d415bc0dcbf82d4", "best_bid": "0.4", "best_ask": "0.49"}], "timestamp": "1769384072504", "event_type": "price_change"}}
