{"_local_timestamp": "2026-01-25T23:41:01.115396+00:00", "data": [{"market": "0x618f90d78c70081e7dd7d422c3e2299e4a77d35edb8e4258ae0297ddfab14e17", "asset_id": "88493938041191305708637957243458880188207866339223186442772420759619853972732", "timestamp": "1769384437952", "hash": "d61c13d7f4989ee87df5f6186c255e387211a603", "bids": [{"price": "0.01", "size": "67.05"}, {"price": "0.02", "size": "182.48"}, {"price": "0.03", "size": "18.99"}, {"price": "0.04", "size": "5.47"}], "asks": [{"price": "0.99", "size": "62.05"}, {"price": "0.98", "size": "190.48"}, {"price": "0.97", "size": "18.99"}, {"price": "0.96", "size": "29.99"}], "event_type": "book", "last_trade_price": ""}, {"market": "0xf066a50b6de706e77d817e30bb1d8434e431865118f86a812fd6e7be76777adc", "asset_id": "94985517151039391288188805066699758322494139690669466067493670205558702001120", "timestamp": "1769382720239", "hash": "fe0122c9b67e0c8b9cfcd33783d8e255f251779a", "bids": [{"price": "0.01", "size": "59.79"}, {"price": "0.02", "size": "159.39"}, {"price": "0.03", "size": "80.95"}, {"price": "0.04", "size": "12.13"}, {"price": "0.05", "size": "15.47"}], "asks": [{"price": "0.99", "size": "62.05"}, {"price": "0.98", "size": "190.48"}, {"price": "0.97", "size": "18.99"}, {"price": "0.96", "size": "42.49"}], "event_type": "book", "last_trade_price": ""}, {"market": "0x9e546f5bd8aaa57b741386967b6f0cb83ba70ff12cf399a3b104f5ded3e01c33", "asset_id": "52384449694849030011952391984862607032268821842864420008617516574964644205640", "timestamp": "1769384437952", "hash": "65685dda2e5cb45d80e15c82fe6b6b6956547db7", "bids": [{"price": "0.01", "size": "62.05"}, {"price": "0.02", "size": "190.48"}, {"price": "0.03", "size": "18.99"}, {"price": "0.04", "size": "29.99"}], "asks": [{"price": "0.99", "size": "67.61"}, {"price": "0.98", "size": "180.95"}, {"price": "0.97", "size": "19.83"}, {"price": "0.96", "size": "5.47"}], "event_type": "book", "last_trade_price": ""}, {"market": "0xc794d53782d2a57779c1bd1d7fe4e1012cd63daa340d6733478b04e43c779bb2", "asset_id": "65285709653207321996387925181629862243682185841555542627225011614554527757803", "timestamp": "1769384437952", "hash": "7083dadcb1eb69f9feb187b569ea5d165c06fe08", "bids": [{"price": "0.01", "size": "62.05"}, {"price": "0.02", "size": "190.48"}, {"price": "0.03", "size": "18.99"}, {"price": "0.04", "size": "29.99"}], "asks": [{"price": "0.99", "size": "67.61"}, {"price": "0.98", "size": "180.95"}, {"price": "0.97", "size": "19.83"}, {"price": "0.96", "size": "5.47"}], "event_type": "book", "last_trade_price": ""}, {"market": "0x5bb085cf19c81e4c5e288ee70965fd061fb463199a1db6aa73c289c8b5d5b576", "asset_id": "3869270757164855312650371225248655982559601630752717256310586548174182218377", "timestamp": "1769384447685", "hash": "6e2427f452094b15a603ffc4e2d1437172a00886", "bids": [{"price": "0.01", "size": "162.05"}, {"price": "0.02", "size": "240.48"}, {"price": "0.03", "size": "18.99"}, {"price": "0.04", "size": "29.99"}], "asks": [{"price": "0.99", "size": "164.87"}, {"price": "0.98", "size": "232.77"}, {"price": "0.97", "size": "19.52"}, {"price": "0.95", "size": "23.99"}, {"price": "0.94", "size": "5.47"}], "event_type": "book", "last_trade_price": ""}, {"market": "0x180cee3cb165e04b5556b5f54f156aecdfac62a7f99de19cb6e54247f046d80d", "asset_id": "41518792079540460126973298251922654758525254450148908246351858650533815863785", "timestamp": "1769384447685", "hash": "2b98a65e73641fc7c764c53106aea63787cb1625", "bids": [{"price": "0.01", "size": "111.05"}, {"price": "0.02", "size": "214.48"}, {"price": "0.03", "size": "18.99"}, {"price": "0.04", "size": "29.99"}], "asks": [{"price": "0.99", "size": "117.55"}, {"price": "0.98", "size": "204.03"}, {"price": "0.97", "size": "20.79"}, {"price": "0.95", "size": "23.99"}, {"price": "0.94", "size": "5.47"}], "event_type": "book", "last_trade_price": ""}, {"market": "0x4d9b924e07c1868f1ae0a71542c5e2945c86c14a04bd846bfe2f0bb95848a67e", "asset_id": "26562265211720931675265155047873360108835400286939832140681489066284406369537", "timestamp": "1769384447685", "hash": "58ca465ff6900cb618f7076168471de960521211", "bids": [{"price": "0.01", "size": "212.04"}, {"price": "0.02", "size": "222.48"}, {"price": "0.03", "size": "18.99"}, {"price": "0.04", "size": "29.99"}], "asks": [{"price": "0.99", "size": "212.04"}, {"price": "0.98", "size": "255.48"}, {"price": "0.97", "size": "18.99"}, {"price": "0.95", "size": "23.99"}, {"price": "0.94", "size": "5.47"}], "event_type": "book", "last_trade_price": ""}, {"market": "0xca6684a2f5b699b04e9da70003381b45faa1a7807748abc7fbca1d689eede3dd", "asset_id": "67923079595575445284641976004414570715798135735376672166638592297910878774957", "timestamp": "1769384355353", "hash": "b129f8e718e23100e05c8c1ef5aa1221adf08c1e", "bids": [{"price": "0.01", "size": "112.04"}, {"price": "0.02", "size": "215.48"}, {"price": "0.03", "size": "18.99"}, {"price": "0.04", "size": "29.99"}], "asks": [{"price": "0.99", "size": "109.66"}, {"price": "0.98", "size": "200.63"}, {"price": "0.97", "size": "8.61"}, {"price": "0.96", "size": "10.81"}, {"price": "0.95", "size": "5.47"}], "event_type": "book", "last_trade_price": ""}, {"market": "0x8126b48144a3a336f16d34371f1243ed5cf2f43bf52280d7d77809099971a218", "asset_id": "27338257294745890265669696323699086994150404532171297238603912881944696902194", "timestamp": "1769382949939", "hash": "51475e83d1c39b659f862b0b904cf34112fcc64f", "bids": [{"price": "0.01", "size": "3755.38"}, {"price": "0.02", "size": "2100"}, {"price": "0.03", "size": "10.25"}, {"price": "0.05", "size": "1700"}, {"price": "0.09", "size": "700"}, {"price": "0.1", "size": "55.88"}, {"price": "0.17", "size": "300"}, {"price": "0.19", "size": "200"}, {"price": "0.2", "size": "125"}, {"price": "0.22", "size": "75"}, {"price": "0.28", "size": "10"}, {"price": "0.4", "size": "200"}, {"price": "0.43", "size": "135"}, {"price": "0.44", "size": "500"}, {"price": "0.45", "size": "198"}], "asks": [{"price": "0.99", "size": "3750.56"}, {"price": "0.98", "size": "2100"}, {"price": "0.97", "size": "8.61"}, {"price": "0.95", "size": "1700"}, {"price": "0.92", "size": "700"}, {"price": "0.91", "size": "7.06"}, {"price": "0.86", "size": "200"}, {"price": "0.79", "size": "2000"}, {"price": "0.77", "size": "125"}, {"price": "0.73", "size": "300"}, {"price": "0.69", "size": "200"}, {"price": "0.67", "size": "125"}, {"price": "0.64", "size": "75"}, {"price": "0.52", "size": "150"}, {"price": "0.5", "size": "30"}, {"price": "0.47", "size": "61.87"}, {"price": "0.46", "size": "412"}], "event_type": "book", "last_trade_price": "0.540"}, {"market": "0xe2522c3113503fa3310842e464c988b3ee1791790d74e3bbf01ba7abeb25c80f", "asset_id": "34396356694568550365415333424976689315210304285798066025980709860841157649078", "timestamp": "1769384447685", "hash": "a709bb7b50a25fa940d8f9d8a91b6423f005f3e4", "bids": [{"price": "0.01", "size": "169.65"}, {"price": "0.02", "size": "227.66"}, {"price": "0.03", "size": "21.34"}, {"price": "0.05", "size": "23.99"}, {"price": "0.06", "size": "5.47"}], "asks": [{"price": "0.99", "size": "162.05"}, {"price": "0.98", "size": "240.48"}, {"price": "0.97", "size": "18.99"}, {"price": "0.96", "size": "29.99"}], "event_type": "book", "last_trade_price": ""}, {"market": "0x644991b60a94b272357e6f68d1615680703601accb15d7302f499b737d4a0db0", "asset_id": "80482043625015601757240447150279689188946061800550924069274579383544776374468", "timestamp": "1769384437952", "hash": "edcaf159a14e99876e1ca1c4e89dec032aa5570b", "bids": [{"price": "0.01", "size": "67.61"}, {"price": "0.02", "size": "180.95"}, {"price": "0.03", "size": "19.83"}, {"price": "0.04", "size": "5.47"}], "asks": [{"price": "0.99", "size": "62.05"}, {"price": "0.98", "size": "190.48"}, {"price": "0.97", "size": "18.99"}, {"price": "0.96", "size": "29.99"}], "event_type": "book", "last_trade_price": ""}, {"market": "0x9e546f5bd8aaa57b741386967b6f0cb83ba70ff12cf399a3b104f5ded3e01c33", "asset_id": "98748914400722920263495947114807262573236269758480928212643590321888570153891", "timestamp": "1769384437952", "hash": "2d5972612b5751c93f49d8f3391109c286a4c8b0", "bids": [{"price": "0.01", "size": "67.61"}, {"price": "0.02", "size": "180.95"}, {"price": "0.03", "size": "19.83"}, {"price": "0.04", "size": "5.47"}], "asks": [{"price": "0.99", "size": "62.05"}, {"price": "0.98", "size": "190.48"}, {"price": "0.97", "size": "18.99"}, {"price": "0.96", "size": "29.99"}], "event_type": "book", "last_trade_price": ""}, {"market": "0x5bb085cf19c81e4c5e288ee70965fd061fb463199a1db6aa73c289c8b5d5b576", "asset_id": "94028695263980919862424407658493739709000655590831556337575886476241764379188", "timestamp": "1769384447685", "hash": "f0e0978062f8270fbb08780bd3953fa9c0a4328d", "bids": [{"price": "0.01", "size": "164.87"}, {"price": "0.02", "size": "232.77"}, {"price": "0.03", "size": "19.52"}, {"price": "0.05", "size": "23.99"}, {"price": "0.06", "size": "5.47"}], "asks": [{"price": "0.99", "size": "162.05"}, {"price": "0.98", "size": "240.48"}, {"price": "0.97", "size": "18.99"}, {"price": "0.96", "size": "29.99"}], "event_type": "book", "last_trade_price": ""}, {"market": "0x66aa8a28579a59742b541d7d89f185231e24127d8d54e207d92e66213ed909ef", "asset_id": "29482259799705002124566483090977991712914260860257479165135371688038751642644", "timestamp": "1769384447685", "hash": "11f36a15f4815579e8104161ec2ecf4f791b5667", "bids": [{"price": "0.01", "size": "62.05"}, {"price": "0.02", "size": "190.48"}, {"price": "0.03", "size": "18.99"}, {"price": "0.04", "size": "29.99"}], "asks": [{"price": "0.99", "size": "68.73"}, {"price": "0.98", "size": "179.03"}, {"price": "0.97", "size": "20.73"}, {"price": "0.95", "size": "23.99"}, {"price": "0.94", "size": "5.47"}], "event_type": "book", "last_trade_price": ""}, {"market": "0x618f90d78c70081e7dd7d422c3e2299e4a77d35edb8e4258ae0297ddfab14e17", "asset_id": "630142824528014601903526077196303536591995171166379784723107847019383910560", "timestamp": "1769384437952", "hash": "bc807e5b86a1e342272a25e386eefcf9306799ba", "bids": [{"price": "0.01", "size": "62.05"}, {"price": "0.02", "size": "190.48"}, {"price": "0.03", "size": "18.99"}, {"price": "0.04", "size": "29.99"}], "asks": [{"price": "0.99", "size": "67.05"}, {"price": "0.98", "size": "182.48"}, {"price": "0.97", "size": "18.99"}, {"price": "0.96", "size": "5.47"}], "event_type": "book", "last_trade_price": ""}, {"market": "0x66aa8a28579a59742b541d7d89f185231e24127d8d54e207d92e66213ed909ef", "asset_id": "91423736259203636828645539448680117024524087071143750679349605058506199161826", "timestamp": "1769384447685", "hash": "060862cbf746cc5e2b56dedfb142ed1f7f0dfcba", "bids": [{"price": "0.01", "size": "68.73"}, {"price": "0.02", "size": "179.03"}, {"price": "0.03", "size": "20.73"}, {"price": "0.05", "size": "23.99"}, {"price": "0.06", "size": "5.47"}], "asks": [{"price": "0.99", "size": "62.05"}, {"price": "0.98", "size": "190.48"}, {"price": "0.97", "size": "18.99"}, {"price": "0.96", "size": "29.99"}], "event_type": "book", "last_trade_price": ""}, {"market": "0x180cee3cb165e04b5556b5f54f156aecdfac62a7f99de19cb6e54247f046d80d", "asset_id": "45832756093987475477292835259287296516281710171095995001873781080428505369867", "timestamp": "1769384447685", "hash": "0c9d9c7cbd62a637995954b2cc3285643acb3dab", "bids": [{"price": "0.01", "size": "117.55"}, {"price": "0.02", "size": "204.03"}, {"price": "0.03", "size": "20.79"}, {"price": "0.05", "size": "23.99"}, {"price": "0.06", "size": "5.47"}], "asks": [{"price": "0.99", "size": "111.05"}, {"price": "0.98", "size": "214.48"}, {"price": "0.97", "size": "18.99"}, {"price": "0.96", "size": "29.99"}], "event_type": "book", "last_trade_price": ""}, {"market": "0xdae2149f65e89818c56124e772eee704f55f1a411482755dba026d4c727af0e4", "asset_id": "108539949567612627196500132085967459870136452742815448382213013024762772569343", "timestamp": "1769384437952", "hash": "f4036476f452c5e3e06e80e58a3f39643f9830bd", "bids": [{"price": "0.01", "size": "62.05"}, {"price": "0.02", "size": "190.48"}, {"price": "0.03", "size": "18.99"}, {"price": "0.04", "size": "29.99"}], "asks": [{"price": "0.99", "size": "67.61"}, {"price": "0.98", "size": "180.95"}, {"price": "0.97", "size": "19.83"}, {"price": "0.96", "size": "5.47"}], "event_type": "book", "last_trade_price": ""}, {"market": "0xf066a50b6de706e77d817e30bb1d8434e431865118f86a812fd6e7be76777adc", "asset_id": "113213868385473316562386771713870955656830042806999599274371686723779894332046", "timestamp": "1769382720239", "hash": "04e82615b36e2d06cf48a196cf4e3eba7de5028b", "bids": [{"price": "0.01", "size": "62.05"}, {"price": "0.02", "size": "190.48"}, {"price": "0.03", "size": "18.99"}, {"price": "0.04", "size": "42.49"}], "asks": [{"price": "0.99", "size": "59.79"}, {"price": "0.98", "size": "159.39"}, {"price": "0.97", "size": "80.95"}, {"price": "0.96", "size": "12.13"}, {"price": "0.95", "size": "15.47"}], "event_type": "book", "last_trade_price": ""}, {"market": "0x4d9b924e07c1868f1ae0a71542c5e2945c86c14a04bd846bfe2f0bb95848a67e", "asset_id": "75455801274299235341355169587755995541707405613253743917596982094560194111298", "timestamp": "1769384447685", "hash": "8601a82d4baef737953bbfd176e6c7bea87b5746", "bids": [{"price": "0.01", "size": "212.04"}, {"price": "0.02", "size": "255.48"}, {"price": "0.03", "size": "18.99"}, {"price": "0.05", "size": "23.99"}, {"price": "0.06", "size": "5.47"}], "asks": [{"price": "0.99", "size": "212.04"}, {"price": "0.98", "size": "222.48"}, {"price": "0.97", "size": "18.99"}, {"price": "0.96", "size": "29.99"}], "event_type": "book", "last_trade_price": ""}, {"market": "0xdae2149f65e89818c56124e772eee704f55f1a411482755dba026d4c727af0e4", "asset_id": "5731740857323119517691200242442035314690159130302063918637002279721289590857", "timestamp": "1769384437952", "hash": "767d6f349755d122c1f580c40c76deb8a3dcc12c", "bids": [{"price": "0.01", "size": "67.61"}, {"price": "0.02", "size": "180.95"}, {"price": "0.03", "size": "19.83"}, {"price": "0.04", "size": "5.47"}], "asks": [{"price": "0.99", "size": "62.05"}, {"price": "0.98", "size": "190.48"}, {"price": "0.97", "size": "18.99"}, {"price": "0.96", "size": "29.99"}], "event_type": "book", "last_trade_price": ""}, {"market": "0xc794d53782d2a57779c1bd1d7fe4e1012cd63daa340d6733478b04e43c779bb2", "asset_id": "29850745557425233278441255217116778127787897972791369065729373689355832286173", "timestamp": "1769384437952", "hash": "00565c00e1e561b1fac2c3c5868a634fd7f3a6d5", "bids": [{"price": "0.01", "size": "67.61"}, {"price": "0.02", "size": "180.95"}, {"price": "0.03", "size": "19.83"}, {"price": "0.04", "size": "5.47"}], "asks": [{"price": "0.99", "size": "62.05"}, {"price": "0.98", "size": "190.48"}, {"price": "0.97", "size": "18.99"}, {"price": "0.96", "size": "29.99"}], "event_type": "book", "last_trade_price": ""}, {"market": "0xe2522c3113503fa3310842e464c988b3ee1791790d74e3bbf01ba7abeb25c80f", "asset_id": "58029788945233188177055776782641910265995378981338051319950769448049549823705", "timestamp": "1769384447685", "hash": "9ac404eb7ecd73694655d2bb308088a54e485c6c", "bids": [{"price": "0.01", "size": "162.05"}, {"price": "0.02", "size": "240.48"}, {"price": "0.03", "size": "18.99"}, {"price": "0.04", "size": "29.99"}], "asks": [{"price": "0.99", "size": "169.65"}, {"price": "0.98", "size": "227.66"}, {"price": "0.97", "size": "21.34"}, {"price": "0.95", "size": "23.99"}, {"price": "0.94", "size": "5.47"}], "event_type": "book", "last_trade_price": ""}, {"market": "0x8126b48144a3a336f16d34371f1243ed5cf2f43bf52280d7d77809099971a218", "asset_id": "1008929119197621738578745497318299441163170876973616595128366220594937454664", "timestamp": "1769382949939", "hash": "2cee5ab94642f743fe66da17763fe5995d2c9b4c", "bids": [{"price": "0.01", "size": "3750.56"}, {"price": "0.02", "size": "2100"}, {"price": "0.03", "size": "8.61"}, {"price": "0.05", "size": "1700"}, {"price": "0.08", "size": "700"}, {"price": "0.09", "size": "7.06"}, {"price": "0.14", "size": "200"}, {"price": "0.21", "size": "2000"}, {"price": "0.23", "size": "125"}, {"price": "0.27", "size": "300"}, {"price": "0.31", "size": "200"}, {"price": "0.33", "size": "125"}, {"price": "0.36", "size": "75"}, {"price": "0.48", "size": "150"}, {"price": "0.5", "size": "30"}, {"price": "0.53", "size": "61.87"}, {"price": "0.54", "size": "412"}], "asks": [{"price": "0.99", "size": "3755.38"}, {"price": "0.98", "size": "2100"}, {"price": "0.97", "size": "10.25"}, {"price": "0.95", "size": "1700"}, {"price": "0.91", "size": "700"}, {"price": "0.9", "size": "55.88"}, {"price": "0.83", "size": "300"}, {"price": "0.81", "size": "200"}, {"price": "0.8", "size": "125"}, {"price": "0.78", "size": "75"}, {"price": "0.72", "size": "10"}, {"price": "0.6", "size": "200"}, {"price": "0.57", "size": "135"}, {"price": "0.56", "size": "500"}, {"price": "0.55", "size": "198"}], "event_type": "book", "last_trade_price": "0.540"}, {"market": "0xca6684a2f5b699b04e9da70003381b45faa1a7807748abc7fbca1d689eede3dd", "asset_id": "75435923675834590025716428375190789880766798597634661131343729919797820504690", "timestamp": "1769384355353", "hash": "bf24d5ef7d9a067c2b524d52bbb032127449bce1", "bids": [{"price": "0.01", "size": "109.66"}, {"price": "0.02", "size": "200.63"}, {"price": "0.03", "size": "8.61"}, {"price": "0.04", "size": "10.81"}, {"price": "0.05", "size": "5.47"}], "asks": [{"price": "0.99", "size": "112.04"}, {"price": "0.98", "size": "215.48"}, {"price": "0.97", "size": "18.99"}, {"price": "0.96", "size": "29.99"}], "event_type": "book", "last_trade_price": ""}, {"market": "0x644991b60a94b272357e6f68d1615680703601accb15d7302f499b737d4a0db0", "asset_id": "107742164566063298345228923210014891131960841481018710120513126758098443996397", "timestamp": "1769384437952", "hash": "25e63d68ddf62c7256fa310401c98a80ae8a9ce5", "bids": [{"price": "0.01", "size": "62.05"}, {"price": "0.02", "size": "190.48"}, {"price": "0.03", "size": "18.99"}, {"price": "0.04", "size": "29.99"}], "asks": [{"price": "0.99", "size": "67.61"}, {"price": "0.98", "size": "180.95"}, {"price": "0.97", "size": "19.83"}, {"price": "0.96", "size": "5.47"}], "event_type": "book", "last_trade_price": ""}]}
{"_local_timestamp": "2026-01-25T23:41:27.143936+00:00", "data": {"market": "0x180cee3cb165e04b5556b5f54f156aecdfac62a7f99de19cb6e54247f046d80d", "price_changes": [{"asset_id": "41518792079540460126973298251922654758525254450148908246351858650533815863785", "price": "0.02", "size": "64.48", "side": "BUY", "hash": "b4b62deac670abd6819f28539372d29b15ebdfb6", "best_bid": "0.04", "best_ask": "0.94"}, {"asset_id": "45832756093987475477292835259287296516281710171095995001873781080428505369867", "price": "0.98", "size": "64.48", "side": "SELL", "hash": "a9dbb044dc70575036e1c6c71b9b300880ffb0f9", "best_bid": "0.06", "best_ask": "0.96"}], "timestamp": "1769384487000", "event_type": "price_change"}}
{"_local_timestamp": "2026-01-25T23:41:27.185842+00:00", "data": {"market": "0xc794d53782d2a57779c1bd1d7fe4e1012cd63daa340d6733478b04e43c779bb2", "price_changes": [{"asset_id": "65285709653207321996387925181629862243682185841555542627225011614554527757803", "price": "0.02", "size": "40.48", "side": "BUY", "hash": "da9496e10ab9f1387079314e1274c6b9314426ce", "best_bid": "0.04", "best_ask": "0.96"}, {"asset_id": "29850745557425233278441255217116778127787897972791369065729373689355832286173", "price": "0.98", "size": "40.48", "side": "SELL", "hash": "29351301ea08c8aab7037d59f487e292b0ebeb09", "best_bid": "0.04", "best_ask": "0.96"}], "timestamp": "1769384487000", "event_type": "price_change"}}
{"_local_timestamp": "2026-01-25T23:41:27.187042+00:00", "data": {"market": "0xc794d53782d2a57779c1bd1d7fe4e1012cd63daa340d6733478b04e43c779bb2", "price_changes": [{"asset_id": "29850745557425233278441255217116778127787897972791369065729373689355832286173", "price": "0.02", "size": "30.95", "side": "BUY", "hash": "5cd4dc030984054cbcf481679152481a976e0c86", "best_bid": "0.04", "best_ask": "0.96"}, {"asset_id": "65285709653207321996387925181629862243682185841555542627225011614554527757803", "price": "0.98", "size": "30.95", "side": "SELL", "hash": "841ad6446e5f43fee0767627fce2a849ec7c006f", "best_bid": "0.04", "best_ask": "0.96"}], "timestamp": "1769384487000", "event_type": "price_change"}}
{"_local_timestamp": "2026-01-25T23:41:33.878702+00:00", "data": {"market": "0x180cee3cb165e04b5556b5f54f156aecdfac62a7f99de19cb6e54247f046d80d", "price_changes": [{"asset_id": "41518792079540460126973298251922654758525254450148908246351858650533815863785", "price": "0.02", "size": "214.48", "side": "BUY", "hash": "01f80eb6faea9ed3883afd1ec0ba57a8cc4e1589", "best_bid": "0.04", "best_ask": "0.94"}, {"asset_id": "45832756093987475477292835259287296516281710171095995001873781080428505369867", "price": "0.98", "size": "214.48", "side": "SELL", "hash": "39f866b29b62d5f1296b9baf3c5ed962d431f358", "best_bid": "0.06", "best_ask": "0.96"}], "timestamp": "1769384493754", "event_type": "price_change"}}
{"_local_timestamp": "2026-01-25T23:41:33.888431+00:00", "data": {"market": "0xc794d53782d2a57779c1bd1d7fe4e1012cd63daa340d6733478b04e43c779bb2", "price_changes": [{"asset_id": "29850745557425233278441255217116778127787897972791369065729373689355832286173", "price": "0.02", "size": "180.95", "side": "BUY", "hash": "7db8a8733ee237a77a0de714e56df1beb568792c", "best_bid": "0.04", "best_ask": "0.96"}, {"asset_id": "65285709653207321996387925181629862243682185841555542627225011614554527757803", "price": "0.98", "size": "180.95", "side": "SELL", "hash": "5fc95dbd4799c98ff4832666f3506bcabac5ab73", "best_bid": "0.04", "best_ask": "0.96"}], "timestamp": "1769384493754", "event_type": "price_change"}}
{"_local_timestamp": "2026-01-25T23:41:33.889087+00:00", "data": {"market": "0xc794d53782d2a57779c1bd1d7fe4e1012cd63daa340d6733478b04e43c779bb2", "price_changes": [{"asset_id": "65285709653207321996387925181629862243682185841555542627225011614554527757803", "price": "0.02", "size": "190.48", "side": "BUY", "hash": "475000e01b1b67855915a8bc3863388eae8ae0f3", "best_bid": "0.04", "best_ask": "0.96"}, {"asset_id": "29850745557425233278441255217116778127787897972791369065729373689355832286173", "price": "0.98", "size": "190.48", "side": "SELL", "hash": "244d3d52e64f0f4aa22ef3a9f31238a4fac8212e", "best_bid": "0.04", "best_ask": "0.96"}], "timestamp": "1769384493755", "event_type": "price_change"}}
{"_local_timestamp": "2026-01-25T23:42:06.444683+00:00", "data": {"market": "0x5bb085cf19c81e4c5e288ee70965fd061fb463199a1db6aa73c289c8b5d5b576", "price_changes": [{"asset_id": "94028695263980919862424407658493739709000655590831556337575886476241764379188", "price": "0.05", "size": "0", "side": "BUY", "hash": "298aeba8f397c7e31ea11dea65e4db4486a91ed6", "best_bid": "0.06", "best_ask": "0.96"}, {"asset_id": "3869270757164855312650371225248655982559601630752717256310586548174182218377", "price": "0.95", "size": "0", "side": "SELL", "hash": "b095fef20d248c804ca67d72afe829cba71b5966", "best_bid": "0.04", "best_ask": "0.94"}], "timestamp": "1769384526376", "event_type": "price_change"}}
{"_local_timestamp": "2026-01-25T23:42:06.540043+00:00", "data": {"market": "0xe2522c3113503fa3310842e464c988b3ee1791790d74e3bbf01ba7abeb25c80f", "price_changes": [{"asset_id": "34396356694568550365415333424976689315210304285798066025980709860841157649078", "price": "0.05", "size": "0", "side": "BUY", "hash": "caebcfe8778d7e16202895a21d848b6c7cd74620", "best_bid": "0.06", "best_ask": "0.96"}, {"asset_id": "58029788945233188177055776782641910265995378981338051319950769448049549823705", "price": "0.95", "size": "0", "side": "SELL", "hash": "69ca1a28f638f1c5ca2df62346c6384114695d1d", "best_bid": "0.04", "best_ask": "0.94"}], "timestamp": "1769384526475", "event_type": "price_change"}}
{"_local_timestamp": "2026-01-25T23:42:06.540455+00:00", "data": {"market": "0x180cee3cb165e04b5556b5f54f156aecdfac62a7f99de19cb6e54247f046d80d", "price_changes": [{"asset_id": "45832756093987475477292835259287296516281710171095995001873781080428505369867", "price": "0.05", "size": "0", "side": "BUY", "hash": "2af5e42095a190615dec65635aa52378fe9866a7", "best_bid": "0.06", "best_ask": "0.96"}, {"asset_id": "41518792079540460126973298251922654758525254450148908246351858650533815863785", "price": "0.95", "size": "0", "side": "SELL", "hash": "353e15c6467c35490bc9a0acfedbff9a295234a6", "best_bid": "0.04", "best_ask": "0.94"}], "timestamp": "1769384526475", "event_type": "price_change"}}
{"_local_timestamp": "2026-01-25T23:42:06.540771+00:00", "data": {"market": "0x66aa8a28579a59742b541d7d89f185231e24127d8d54e207d92e66213ed909ef", "price_changes": [{"asset_id": "91423736259203636828645539448680117024524087071143750679349605058506199161826", "price": "0.05", "size": "0", "side": "BUY", "hash": "026b6fdbf3f524d6d6222fab85c90f9e1a30cf88", "best_bid": "0.06", "best_ask": "0.96"}, {"asset_id": "29482259799705002124566483090977991712914260860257479165135371688038751642644", "price": "0.95", "size": "0", "side": "SELL", "hash": "dc729f1bd555e940c8d415b0bd620e71feb000ba", "best_bid": "0.04", "best_ask": "0.94"}], "timestamp": "1769384526475", "event_type": "price_change"}}
{"_local_timestamp": "2026-01-25T23:42:06.636978+00:00", "data": {"market": "0x4d9b924e07c1868f1ae0a71542c5e2945c86c14a04bd846bfe2f0bb95848a67e", "price_changes": [{"asset_id": "75455801274299235341355169587755995541707405613253743917596982094560194111298", "price": "0.05", "size": "0", "side": "BUY", "hash": "33fb6eddff59922202badc155d1b9afc89b6b6ce", "best_bid": "0.06", "best_ask": "0.96"}, {"asset_id": "26562265211720931675265155047873360108835400286939832140681489066284406369537", "price": "0.95", "size": "0", "side": "SELL", "hash": "d8c22cda6ab6b8c803ca775fd1956cdf8e45a75f", "best_bid": "0.04", "best_ask": "0.94"}], "timestamp": "1769384526567", "event_type": "price_change"}}
{"_local_timestamp": "2026-01-25T23:42:07.740984+00:00", "data": {"market": "0xdae2149f65e89818c56124e772eee704f55f1a411482755dba026d4c727af0e4", "price_changes": [{"asset_id": "5731740857323119517691200242442035314690159130302063918637002279721289590857", "price": "0.05", "size": "23.99", "side": "BUY", "hash": "a25adb2394eb233a53b47fcbfa29267fa1b72ec2", "best_bid": "0.05", "best_ask": "0.96"}, {"asset_id": "108539949567612627196500132085967459870136452742815448382213013024762772569343", "price": "0.95", "size": "23.99", "side": "SELL", "hash": "f5ee868b2c1932bf5408caf0a636889432c7612a", "best_bid": "0.04", "best_ask": "0.95"}], "timestamp": "1769384527672", "event_type": "price_change"}}
{"_local_timestamp": "2026-01-25T23:42:07.741509+00:00", "data": {"market": "0x9e546f5bd8aaa57b741386967b6f0cb83ba70ff12cf399a3b104f5ded3e01c33", "price_changes": [{"asset_id": "98748914400722920263495947114807262573236269758480928212643590321888570153891", "price": "0.05", "size": "23.99", "side": "BUY", "hash": "5955e529d3a1265091fe6ee0338a5df59b6798d2", "best_bid": "0.05", "best_ask": "0.96"}, {"asset_id": "52384449694849030011952391984862607032268821842864420008617516574964644205640", "price": "0.95", "size": "23.99", "side": "SELL", "hash": "2091bfa26af5e896f85235aeb9ca633eb02ac08b", "best_bid": "0.04", "best_ask": "0.95"}], "timestamp": "1769384527672", "event_type": "price_change"}}
{"_local_timestamp": "2026-01-25T23:42:07.741905+00:00", "data": {"market": "0x644991b60a94b272357e6f68d1615680703601accb15d7302f499b737d4a0db0", "price_changes": [{"asset_id": "80482043625015601757240447150279689188946061800550924069274579383544776374468", "price": "0.05", "size": "23.99", "side": "BUY", "hash": "8f8858c77b116a31b90ee44b2d631ad89b69f11d", "best_bid": "0.05", "best_ask": "0.96"}, {"asset_id": "107742164566063298345228923210014891131960841481018710120513126758098443996397", "price": "0.95", "size": "23.99", "side": "SELL", "hash": "b6b88404d8674a9558db7cfa5035681a52a927ec", "best_bid": "0.04", "best_ask": "0.95"}], "timestamp": "1769384527672", "event_type": "price_change"}}
{"_local_timestamp": "2026-01-25T23:42:07.742189+00:00", "data": {"market": "0x618f90d78c70081e7dd7d422c3e2299e4a77d35edb8e4258ae0297ddfab14e17", "price_changes": [{"asset_id": "88493938041191305708637957243458880188207866339223186442772420759619853972732", "price": "0.05", "size": "23.99", "side": "BUY", "hash": "3e311aa72fbbc47b617c9a346c402902bc6c4edb", "best_bid": "0.05", "best_ask": "0.96"}, {"asset_id": "630142824528014601903526077196303536591995171166379784723107847019383910560", "price": "0.95", "size": "23.99", "side": "SELL", "hash": "c1b697985ae0a34bd88e850ac13b661be6f8b67f", "best_bid": "0.04", "best_ask": "0.95"}], "timestamp": "1769384527672", "event_type": "price_change"}}
{"_local_timestamp": "2026-01-25T23:42:07.742535+00:00", "data": {"market": "0xc794d53782d2a57779c1bd1d7fe4e1012cd63daa340d6733478b04e43c779bb2", "price_changes": [{"asset_id": "29850745557425233278441255217116778127787897972791369065729373689355832286173", "price": "0.05", "size": "23.99", "side": "BUY", "hash": "206a5b0065610aa3ff832992614607eac6656033", "best_bid": "0.05", "best_ask": "0.96"}, {"asset_id": "65285709653207321996387925181629862243682185841555542627225011614554527757803", "price": "0.95", "size": "23.99", "side": "SELL", "hash": "79c2602e2b3d2746367b0cd351f16cc9be839b90", "best_bid": "0.04", "best_ask": "0.95"}], "timestamp": "1769384527672", "event_type": "price_change"}}
{"_local_timestamp": "2026-01-25T23:42:10.826849+00:00", "data": {"market": "0x66aa8a28579a59742b541d7d89f185231e24127d8d54e207d92e66213ed909ef", "price_changes": [{"asset_id": "91423736259203636828645539448680117024524087071143750679349605058506199161826", "price": "0.06", "size": "0", "side": "BUY", "hash": "eebe10f5eeb8616414be232291c941b36b90b0ec", "best_bid": "0.03", "best_ask": "0.96"}, {"asset_id": "29482259799705002124566483090977991712914260860257479165135371688038751642644", "price": "0.94", "size": "0", "side": "SELL", "hash": "a0943f3ec5a6af017820c3fab8dd15480ac1332c", "best_bid": "0.04", "best_ask": "0.97"}], "timestamp": "1769384530760", "event_type": "price_change"}}
{"_local_timestamp": "2026-01-25T23:42:10.828598+00:00", "data": {"market": "0x618f90d78c70081e7dd7d422c3e2299e4a77d35edb8e4258ae0297ddfab14e17", "price_changes": [{"asset_id": "88493938041191305708637957243458880188207866339223186442772420759619853972732", "price": "0.04", "size": "0", "side": "BUY", "hash": "1d075a28f6c03ea756a9357b0449866f1ce2dd16", "best_bid": "0.05", "best_ask": "0.96"}, {"asset_id": "630142824528014601903526077196303536591995171166379784723107847019383910560", "price": "0.96", "size": "0", "side": "SELL", "hash": "60b512ae5a36a1d82f0329430c453d620a011da7", "best_bid": "0.04", "best_ask": "0.95"}], "timestamp": "1769384530760", "event_type": "price_change"}}
{"_local_timestamp": "2026-01-25T23:42:10.831921+00:00", "data": {"market": "0xe2522c3113503fa3310842e464c988b3ee1791790d74e3bbf01ba7abeb25c80f", "price_changes": [{"asset_id": "34396356694568550365415333424976689315210304285798066025980709860841157649078", "price": "0.06", "size": "0", "side": "BUY", "hash": "5406c966417005012b5e902b4121a01832dfaa73", "best_bid": "0.03", "best_ask": "0.96"}, {"asset_id": "58029788945233188177055776782641910265995378981338051319950769448049549823705", "price": "0.94", "size": "0", "side": "SELL", "hash": "76e65f708b32970722d7386183561ed769a3a8d4", "best_bid": "0.04", "best_ask": "0.97"}], "timestamp": "1769384530760", "event_type": "price_change"}}
{"_local_timestamp": "2026-01-25T23:42:10.832472+00:00", "data": {"market": "0x5bb085cf19c81e4c5e288ee70965fd061fb463199a1db6aa73c289c8b5d5b576", "price_changes": [{"asset_id": "94028695263980919862424407658493739709000655590831556337575886476241764379188", "price": "0.06", "size": "0", "side": "BUY", "hash": "fdd94f6f5393e71a0e7c7f86f4914fac990d27e1", "best_bid": "0.03", "best_ask": "0.96"}, {"asset_id": "3869270757164855312650371225248655982559601630752717256310586548174182218377", "price": "0.94", "size": "0", "side": "SELL", "hash": "54dd1c64c728f152966dbb013fc0e0216c8a0c77", "best_bid": "0.04", "best_ask": "0.97"}], "timestamp": "1769384530760", "event_type": "price_change"}}
{"_local_timestamp": "2026-01-25T23:42:10.833117+00:00", "data": {"market": "0x9e546f5bd8aaa57b741386967b6f0cb83ba70ff12cf399a3b104f5ded3e01c33", "price_changes": [{"asset_id": "98748914400722920263495947114807262573236269758480928212643590321888570153891", "price": "0.04", "size": "0", "side": "BUY", "hash": "c77354e82674d057af33bba134fdd94db3c7411c", "best_bid": "0.05", "best_ask": "0.96"}, {"asset_id": "52384449694849030011952391984862607032268821842864420008617516574964644205640", "price": "0.96", "size": "0", "side": "SELL", "hash": "88713d1d40755babf2fd32eb725649229656833e", "best_bid": "0.04", "best_ask": "0.95"}], "timestamp": "1769384530760", "event_type": "price_change"}}
{"_local_timestamp": "2026-01-25T23:42:10.833632+00:00", "data": {"market": "0x180cee3cb165e04b5556b5f54f156aecdfac62a7f99de19cb6e54247f046d80d", "price_changes": [{"asset_id": "45832756093987475477292835259287296516281710171095995001873781080428505369867", "price": "0.06", "size": "0", "side": "BUY", "hash": "29b269423f24c6c897da5a944447b20428e1c279", "best_bid": "0.03", "best_ask": "0.96"}, {"asset_id": "41518792079540460126973298251922654758525254450148908246351858650533815863785", "price": "0.94", "size": "0", "side": "SELL", "hash": "ed6d171c4c3cc26186e3a65a0ecb8d99e4cc9c92", "best_bid": "0.04", "best_ask": "0.97"}], "timestamp": "1769384530760", "event_type": "price_change"}}
{"_local_timestamp": "2026-01-25T23:42:10.835798+00:00", "data": {"market": "0xc794d53782d2a57779c1bd1d7fe4e1012cd63daa340d6733478b04e43c779bb2", "price_changes": [{"asset_id": "29850745557425233278441255217116778127787897972791369065729373689355832286173", "price": "0.04", "size": "0", "side": "BUY", "hash": "dbe29351d8320e77fbf9f0cdd8c8c45502cef78d", "best_bid": "0.05", "best_ask": "0.96"}, {"asset_id": "65285709653207321996387925181629862243682185841555542627225011614554527757803", "price": "0.96", "size": "0", "side": "SELL", "hash": "97b0679e816054263b6c49b0efcf1abcb34859d5", "best_bid": "0.04", "best_ask": "0.95"}], "timestamp": "1769384530761", "event_type": "price_change"}}
{"_local_timestamp": "2026-01-25T23:42:10.845082+00:00", "data": {"market": "0xdae2149f65e89818c56124e772eee704f55f1a411482755dba026d4c727af0e4", "price_changes": [{"asset_id": "5731740857323119517691200242442035314690159130302063918637002279721289590857", "price": "0.04", "size": "0", "side": "BUY", "hash": "8f6475383368c1385b1d59aa0e653aad6e72d426", "best_bid": "0.05", "best_ask": "0.96"}, {"asset_id": "108539949567612627196500132085967459870136452742815448382213013024762772569343", "price": "0.96", "size": "0", "side": "SELL", "hash": "22ff67e453d7c6a7e8392ac6510b9d1aef5be0ef", "best_bid": "0.04", "best_ask": "0.95"}], "timestamp": "1769384530760", "event_type": "price_change"}}
{"_local_timestamp": "2026-01-25T23:42:10.851895+00:00", "data": {"market": "0x4d9b924e07c1868f1ae0a71542c5e2945c86c14a04bd846bfe2f0bb95848a67e", "price_changes": [{"asset_id": "75455801274299235341355169587755995541707405613253743917596982094560194111298", "price": "0.06", "size": "0", "side": "BUY", "hash": "2b1fb3de2bf387b814eea1dd02c5efa331fcf787", "best_bid": "0.03", "best_ask": "0.96"}, {"asset_id": "26562265211720931675265155047873360108835400286939832140681489066284406369537", "price": "0.94", "size": "0", "side": "SELL", "hash": "179776f2a29463000e1f300e5635f990b951c350", "best_bid": "0.04", "best_ask": "0.97"}], "timestamp": "1769384530761", "event_type": "price_change"}}
{"_local_timestamp": "2026-01-25T23:42:10.861315+00:00", "data": {"market": "0x644991b60a94b272357e6f68d1615680703601accb15d7302f499b737d4a0db0", "price_changes": [{"asset_id": "80482043625015601757240447150279689188946061800550924069274579383544776374468", "price": "0.04", "size": "0", "side": "BUY", "hash": "d3ef7ef5673950b0b91543f8d1de93a9ec0bdbe4", "best_bid": "0.05", "best_ask": "0.96"}, {"asset_id": "107742164566063298345228923210014891131960841481018710120513126758098443996397", "price": "0.96", "size": "0", "side": "SELL", "hash": "2b6bcdf41d33ef02a1f96ce47afe22711a1047dc", "best_bid": "0.04", "best_ask": "0.95"}], "timestamp": "1769384530761", "event_type": "price_change"}}
{"_local_timestamp": "2026-01-25T23:42:11.053052+00:00", "data": {"market": "0xdae2149f65e89818c56124e772eee704f55f1a411482755dba026d4c727af0e4", "price_changes": [{"asset_id": "5731740857323119517691200242442035314690159130302063918637002279721289590857", "price": "0.06", "size": "5.47", "side": "BUY", "hash": "8ade62451b7c55f6734b0875fafe3597886b4d3c", "best_bid": "0.06", "best_ask": "0.96"}, {"asset_id": "108539949567612627196500132085967459870136452742815448382213013024762772569343", "price": "0.94", "size": "5.47", "side": "SELL", "hash": "0eff89ef11de0a62da3ab37b3feb1db643b23a21", "best_bid": "0.04", "best_ask": "0.94"}], "timestamp": "1769384530985", "event_type": "price_change"}}
{"_local_timestamp": "2026-01-25T23:42:11.053642+00:00", "data": {"market": "0x644991b60a94b272357e6f68d1615680703601accb15d7302f499b737d4a0db0", "price_changes": [{"asset_id": "80482043625015601757240447150279689188946061800550924069274579383544776374468", "price": "0.06", "size": "5.47", "side": "BUY", "hash": "53a50c7906030bd8856298ec39f4a580ebcdd4da", "best_bid": "0.06", "best_ask": "0.96"}, {"asset_id": "107742164566063298345228923210014891131960841481018710120513126758098443996397", "price": "0.94", "size": "5.47", "side": "SELL", "hash": "1bd8f21c6ae82ae1c83784e4b0b720ea23951aeb", "best_bid": "0.04", "best_ask": "0.94"}], "timestamp": "1769384530985", "event_type": "price_change"}}
{"_local_timestamp": "2026-01-25T23:42:11.054103+00:00", "data": {"market": "0x618f90d78c70081e7dd7d422c3e2299e4a77d35edb8e4258ae0297ddfab14e17", "price_changes": [{"asset_id": "88493938041191305708637957243458880188207866339223186442772420759619853972732", "price": "0.06", "size": "5.47", "side": "BUY", "hash": "cdcc2dc2851dd91376fb4cb979ede9057b897e76", "best_bid": "0.06", "best_ask": "0.96"}, {"asset_id": "630142824528014601903526077196303536591995171166379784723107847019383910560", "price": "0.94", "size": "5.47", "side": "SELL", "hash": "6bc7251a76ee09cd9974d40b8a05b0b27e3c1bfc", "best_bid": "0.04", "best_ask": "0.94"}], "timestamp": "1769384530985", "event_type": "price_change"}}
{"_local_timestamp": "2026-01-25T23:42:11.054497+00:00", "data": {"market": "0xe2522c3113503fa3310842e464c988b3ee1791790d74e3bbf01ba7abeb25c80f", "price_changes": [{"asset_id": "34396356694568550365415333424976689315210304285798066025980709860841157649078", "price": "0.04", "size": "5.47", "side": "BUY", "hash": "019b43a314a3c4cb3f1851059f5d61ae2ee37a6d", "best_bid": "0.04", "best_ask": "0.96"}, {"asset_id": "58029788945233188177055776782641910265995378981338051319950769448049549823705", "price": "0.96", "size": "5.47", "side": "SELL", "hash": "f8152ec5dc5397faa82fca7fb288662987551f51", "best_bid": "0.04", "best_ask": "0.96"}], "timestamp": "1769384530985", "event_type": "price_change"}}
{"_local_timestamp": "2026-01-25T23:42:11.055403+00:00", "data": {"market": "0xc794d53782d2a57779c1bd1d7fe4e1012cd63daa340d6733478b04e43c779bb2", "price_changes": [{"asset_id": "29850745557425233278441255217116778127787897972791369065729373689355832286173", "price": "0.06", "size": "5.47", "side": "BUY", "hash": "2af0ed1cba379816ff169c2f2e8f09e250e6be63", "best_bid": "0.06", "best_ask": "0.96"}, {"asset_id": "65285709653207321996387925181629862243682185841555542627225011614554527757803", "price": "0.94", "size": "5.47", "side": "SELL", "hash": "afdd5516cfbbd32014de3855c2625cd9f9407e78", "best_bid": "0.04", "best_ask": "0.94"}], "timestamp": "1769384530985", "event_type": "price_change"}}
{"_local_timestamp": "2026-01-25T23:42:11.055748+00:00", "data": {"market": "0x180cee3cb165e04b5556b5f54f156aecdfac62a7f99de19cb6e54247f046d80d", "price_changes": [{"asset_id": "45832756093987475477292835259287296516281710171095995001873781080428505369867", "price": "0.04", "size": "5.47", "side": "BUY", "hash": "37c4535ce35d2dc5c2f1b475c74c3d55102ee0d1", "best_bid": "0.04", "best_ask": "0.96"}, {"asset_id": "41518792079540460126973298251922654758525254450148908246351858650533815863785", "price": "0.96", "size": "5.47", "side": "SELL", "hash": "51bfa93ec0bfc0f156c0749fb96cbc9628305962", "best_bid": "0.04", "best_ask": "0.96"}], "timestamp": "1769384530985", "event_type": "price_change"}}
{"_local_timestamp": "2026-01-25T23:42:11.056142+00:00", "data": {"market": "0x5bb085cf19c81e4c5e288ee70965fd061fb463199a1db6aa73c289c8b5d5b576", "price_changes": [{"asset_id": "94028695263980919862424407658493739709000655590831556337575886476241764379188", "price": "0.04", "size": "5.47", "side": "BUY", "hash": "661e53e1f8b81bcadf79fbefbd8ff0253c747913", "best_bid": "0.04", "best_ask": "0.96"}, {"asset_id": "3869270757164855312650371225248655982559601630752717256310586548174182218377", "price": "0.96", "size": "5.47", "side": "SELL", "hash": "285c2660d4e3762eae8c1e9f066e3a2c8a5bc689", "best_bid": "0.04", "best_ask": "0.96"}], "timestamp": "1769384530985", "event_type": "price_change"}}
{"_local_timestamp": "2026-01-25T23:42:11.060277+00:00", "data": {"market": "0x9e546f5bd8aaa57b741386967b6f0cb83ba70ff12cf399a3b104f5ded3e01c33", "price_changes": [{"asset_id": "98748914400722920263495947114807262573236269758480928212643590321888570153891", "price": "0.06", "size": "5.47", "side": "BUY", "hash": "95443f8b9431afc7fe6b23016d8718eee5e00d94", "best_bid": "0.06", "best_ask": "0.96"}, {"asset_id": "52384449694849030011952391984862607032268821842864420008617516574964644205640", "price": "0.94", "size": "5.47", "side": "SELL", "hash": "5b5fec99e13203d0e092668f9e9bc699b0859d2e", "best_bid": "0.04", "best_ask": "0.94"}], "timestamp": "1769384530985", "event_type": "price_change"}}
{"_local_timestamp": "2026-01-25T23:42:11.091895+00:00", "data": {"market": "0x66aa8a28579a59742b541d7d89f185231e24127d8d54e207d92e66213ed909ef", "price_changes": [{"asset_id": "91423736259203636828645539448680117024524087071143750679349605058506199161826", "price": "0.04", "size": "5.47", "side": "BUY", "hash": "3445e287a46856fff8ea365860d8f9a9d6a42249", "best_bid": "0.04", "best_ask": "0.96"}, {"asset_id": "29482259799705002124566483090977991712914260860257479165135371688038751642644", "price": "0.96", "size": "5.47", "side": "SELL", "hash": "b36b716b8e179f06a77dd9234d6979b1178a6c3f", "best_bid": "0.04", "best_ask": "0.96"}], "timestamp": "1769384531024", "event_type": "price_change"}}
{"_local_timestamp": "2026-01-25T23:42:11.100981+00:00", "data": {"market": "0x4d9b924e07c1868f1ae0a71542c5e2945c86c14a04bd846bfe2f0bb95848a67e", "price_changes": [{"asset_id": "75455801274299235341355169587755995541707405613253743917596982094560194111298", "price": "0.04", "size": "5.47", "side": "BUY", "hash": "d24368f8123a20ba1f51977ed0cf48ac98b8d27a", "best_bid": "0.04", "best_ask": "0.96"}, {"asset_id": "26562265211720931675265155047873360108835400286939832140681489066284406369537", "price": "0.96", "size": "5.47", "side": "SELL", "hash": "c0d665854ab34a89f3dc82491f33f64f44806efb", "best_bid": "0.04", "best_ask": "0.96"}], "timestamp": "1769384531024", "event_type": "price_change"}}
{"_local_timestamp": "2026-01-25T23:43:02.993809+00:00", "data": {"market": "0x618f90d78c70081e7dd7d422c3e2299e4a77d35edb8e4258ae0297ddfab14e17", "price_changes": [{"asset_id": "88493938041191305708637957243458880188207866339223186442772420759619853972732", "price": "0.01", "size": "51.41", "side": "BUY", "hash": "c9ef4c153d8348d48139ba4e276b217a25862363", "best_bid": "0.06", "best_ask": "0.96"}, {"asset_id": "630142824528014601903526077196303536591995171166379784723107847019383910560", "price": "0.99", "size": "51.41", "side": "SELL", "hash": "a0eab29beaf28926b9086fa29bae7e01f195ae56", "best_bid": "0.04", "best_ask": "0.94"}], "timestamp": "1769384582881", "event_type": "price_change"}}
{"_local_timestamp": "2026-01-25T23:43:02.994923+00:00", "data": {"market": "0x618f90d78c70081e7dd7d422c3e2299e4a77d35edb8e4258ae0297ddfab14e17", "price_changes": [{"asset_id": "88493938041191305708637957243458880188207866339223186442772420759619853972732", "price": "0.02", "size": "177.05", "side": "BUY", "hash": "c9ef4c153d8348d48139ba4e276b217a25862363", "best_bid": "0.06", "best_ask": "0.96"}, {"asset_id": "630142824528014601903526077196303536591995171166379784723107847019383910560", "price": "0.98", "size": "177.05", "side": "SELL", "hash": "a0eab29beaf28926b9086fa29bae7e01f195ae56", "best_bid": "0.04", "best_ask": "0.94"}], "timestamp": "1769384582881", "event_type": "price_change"}}
{"_local_timestamp": "2026-01-25T23:43:02.995340+00:00", "data": {"market": "0x618f90d78c70081e7dd7d422c3e2299e4a77d35edb8e4258ae0297ddfab14e17", "price_changes": [{"asset_id": "88493938041191305708637957243458880188207866339223186442772420759619853972732", "price": "0.03", "size": "8.97", "side": "BUY", "hash": "c9ef4c153d8348d48139ba4e276b217a25862363", "best_bid": "0.06", "best_ask": "0.96"}, {"asset_id": "630142824528014601903526077196303536591995171166379784723107847019383910560", "price": "0.97", "size": "8.97", "side": "SELL", "hash": "a0eab29beaf28926b9086fa29bae7e01f195ae56", "best_bid": "0.04", "best_ask": "0.94"}], "timestamp": "1769384582881", "event_type": "price_change"}}
{"_local_timestamp": "2026-01-25T23:43:03.661688+00:00", "data": {"market": "0x618f90d78c70081e7dd7d422c3e2299e4a77d35edb8e4258ae0297ddfab14e17", "price_changes": [{"asset_id": "88493938041191305708637957243458880188207866339223186442772420759619853972732", "price": "0.06", "size": "12.98", "side": "BUY", "hash": "62e2116db432a6f64f9183c05250601d0069023e", "best_bid": "0.06", "best_ask": "0.96"}, {"asset_id": "630142824528014601903526077196303536591995171166379784723107847019383910560", "price": "0.94", "size": "12.98", "side": "SELL", "hash": "b2a6f678c1078a2aa3973469005f7519fc21e702", "best_bid": "0.04", "best_ask": "0.94"}], "timestamp": "1769384583556", "event_type": "price_change"}}
{"_local_timestamp": "2026-01-25T23:43:03.669914+00:00", "data": {"market": "0x618f90d78c70081e7dd7d422c3e2299e4a77d35edb8e4258ae0297ddfab14e17", "price_changes": [{"asset_id": "88493938041191305708637957243458880188207866339223186442772420759619853972732", "price": "0.01", "size": "62.9", "side": "BUY", "hash": "db4ca9c02466418c3ddea2d76ee1c9e201c92493", "best_bid": "0.06", "best_ask": "0.96"}, {"asset_id": "630142824528014601903526077196303536591995171166379784723107847019383910560", "price": "0.99", "size": "62.9", "side": "SELL", "hash": "694674ba75cbf0da5033140fdca81add3238b50f", "best_bid": "0.04", "best_ask": "0.94"}], "timestamp": "1769384583562", "event_type": "price_change"}}
{"_local_timestamp": "2026-01-25T23:43:03.998834+00:00", "data": {"market": "0xdae2149f65e89818c56124e772eee704f55f1a411482755dba026d4c727af0e4", "price_changes": [{"asset_id": "5731740857323119517691200242442035314690159130302063918637002279721289590857", "price": "0.01", "size": "51.47", "side": "BUY", "hash": "f2a8ad972bc87721522222d5b962ec223978bd98", "best_bid": "0.06", "best_ask": "0.96"}, {"asset_id": "108539949567612627196500132085967459870136452742815448382213013024762772569343", "price": "0.99", "size": "51.47", "side": "SELL", "hash": "5b68bb9efdb2420c6cd21eb612cb39c5d166af48", "best_bid": "0.04", "best_ask": "0.94"}], "timestamp": "1769384583904", "event_type": "price_change"}}
{"_local_timestamp": "2026-01-25T23:43:03.999328+00:00", "data": {"market": "0x644991b60a94b272357e6f68d1615680703601accb15d7302f499b737d4a0db0", "price_changes": [{"asset_id": "80482043625015601757240447150279689188946061800550924069274579383544776374468", "price": "0.01", "size": "51.47", "side": "BUY", "hash": "645b08fb00dfe77f8ff41e91cc50c522f3383c24", "best_bid": "0.06", "best_ask": "0.96"}, {"asset_id": "107742164566063298345228923210014891131960841481018710120513126758098443996397", "price": "0.99", "size": "51.47", "side": "SELL", "hash": "1e4a2b0b4b509671df2f49182ece1e553d4faf0a", "best_bid": "0.04", "best_ask": "0.94"}], "timestamp": "1769384583904", "event_type": "price_change"}}
{"_local_timestamp": "2026-01-25T23:43:03.999709+00:00", "data": {"market": "0xdae2149f65e89818c56124e772eee704f55f1a411482755dba026d4c727af0e4", "price_changes": [{"asset_id": "5731740857323119517691200242442035314690159130302063918637002279721289590857", "price": "0.03", "size": "9.81", "side": "BUY", "hash": "f2a8ad972bc87721522222d5b962ec223978bd98", "best_bid": "0.06", "best_ask": "0.96"}, {"asset_id": "108539949567612627196500132085967459870136452742815448382213013024762772569343", "price": "0.97", "size": "9.81", "side": "SELL", "hash": "5b68bb9efdb2420c6cd21eb612cb39c5d166af48", "best_bid": "0.04", "best_ask": "0.94"}], "timestamp": "1769384583904", "event_type": "price_change"}}
{"_local_timestamp": "2026-01-25T23:43:04.000359+00:00", "data": {"market": "0x644991b60a94b272357e6f68d1615680703601accb15d7302f499b737d4a0db0", "price_changes": [{"asset_id": "80482043625015601757240447150279689188946061800550924069274579383544776374468", "price": "0.03", "size": "9.81", "side": "BUY", "hash": "645b08fb00dfe77f8ff41e91cc50c522f3383c24", "best_bid": "0.06", "best_ask": "0.96"}, {"asset_id": "107742164566063298345228923210014891131960841481018710120513126758098443996397", "price": "0.97", "size": "9.81", "side": "SELL", "hash": "1e4a2b0b4b509671df2f49182ece1e553d4faf0a", "best_bid": "0.04", "best_ask": "0.94"}], "timestamp": "1769384583904", "event_type": "price_change"}}
{"_local_timestamp": "2026-01-25T23:43:05.191283+00:00", "data": {"market": "0xdae2149f65e89818c56124e772eee704f55f1a411482755dba026d4c727af0e4", "price_changes": [{"asset_id": "5731740857323119517691200242442035314690159130302063918637002279721289590857", "price": "0.01", "size": "60.8", "side": "BUY", "hash": "81dcbcffbd4df612f9764d3eb2eedaa036161116", "best_bid": "0.06", "best_ask": "0.96"}, {"asset_id": "108539949567612627196500132085967459870136452742815448382213013024762772569343", "price": "0.99", "size": "60.8", "side": "SELL", "hash": "b12047e71b9b79b29023c4e1abbbb91ff6183986", "best_bid": "0.04", "best_ask": "0.94"}], "timestamp": "1769384585050", "event_type": "price_change"}}
{"_local_timestamp": "2026-01-25T23:43:05.191812+00:00", "data": {"market": "0x644991b60a94b272357e6f68d1615680703601accb15d7302f499b737d4a0db0", "price_changes": [{"asset_id": "80482043625015601757240447150279689188946061800550924069274579383544776374468", "price": "0.01", "size": "60.8", "side": "BUY", "hash": "df617b6af6ddb4d146ab7548dd75a2a75494de13", "best_bid": "0.06", "best_ask": "0.96"}, {"asset_id": "107742164566063298345228923210014891131960841481018710120513126758098443996397", "price": "0.99", "size": "60.8", "side": "SELL", "hash": "e3afc2a4d11e2e879680c28b580786ba1e86fc3d", "best_bid": "0.04", "best_ask": "0.94"}], "timestamp": "1769384585050", "event_type": "price_change"}}
{"_local_timestamp": "2026-01-25T23:43:05.193226+00:00", "data": {"market": "0xdae2149f65e89818c56124e772eee704f55f1a411482755dba026d4c727af0e4", "price_changes": [{"asset_id": "5731740857323119517691200242442035314690159130302063918637002279721289590857", "price": "0.06", "size": "11.61", "side": "BUY", "hash": "9225329044b14a38872464124513ebdd00017483", "best_bid": "0.06", "best_ask": "0.96"}, {"asset_id": "108539949567612627196500132085967459870136452742815448382213013024762772569343", "price": "0.94", "size": "11.61", "side": "SELL", "hash": "973d8a5fead1dfe481f79790fee657d75769e200", "best_bid": "0.04", "best_ask": "0.94"}], "timestamp": "1769384585051", "event_type": "price_change"}}
{"_local_timestamp": "2026-01-25T23:43:05.193687+00:00", "data": {"market": "0x644991b60a94b272357e6f68d1615680703601accb15d7302f499b737d4a0db0", "price_changes": [{"asset_id": "80482043625015601757240447150279689188946061800550924069274579383544776374468", "price": "0.06", "size": "11.61", "side": "BUY", "hash": "665f392058da3270b166f3710808a4a27111334b", "best_bid": "0.06", "best_ask": "0.96"}, {"asset_id": "107742164566063298345228923210014891131960841481018710120513126758098443996397", "price": "0.94", "size": "11.61", "side": "SELL", "hash": "6492582ec64c2ec477b20da08a954c5b8cff4fd9", "best_bid": "0.04", "best_ask": "0.94"}], "timestamp": "1769384585051", "event_type": "price_change"}}
