{"_local_timestamp": "2026-01-25T23:33:53.310832+00:00", "data": [{"market": "0x6756e8cedba8802ec73e85495c7f35c7e8af172f411ec9bf8a35baf434916321", "asset_id": "64549685022869543427358899699309008731982476894900421505671104937837865625123", "timestamp": "1769383838524", "hash": "585a4e4c734a34b1b6d31caf6f832247d33b41a0", "bids": [{"price": "0.01", "size": "70.22"}, {"price": "0.02", "size": "177.94"}, {"price": "0.03", "size": "20.96"}, {"price": "0.04", "size": "5.47"}], "asks": [{"price": "0.99", "size": "62.05"}, {"price": "0.98", "size": "180.48"}, {"price": "0.97", "size": "18.99"}, {"price": "0.96", "size": "29.99"}], "event_type": "book", "last_trade_price": ""}, {"market": "0xf67a67bb79d6b93b2c6e3a8c1fbf3724e77f24badf9507bf0258f777b6509501", "asset_id": "48990367582597491732846519673410270076230797254356026750252108047993465326827", "timestamp": "1769382595323", "hash": "8d85c9d3a1794a55bc634687f34ff7901bf8d050", "bids": [{"price": "0.01", "size": "101.52"}, {"price": "0.02", "size": "160.69"}, {"price": "0.03", "size": "75"}, {"price": "0.04", "size": "22.23"}, {"price": "0.1", "size": "5"}], "asks": [{"price": "0.99", "size": "101.52"}, {"price": "0.98", "size": "200.48"}, {"price": "0.97", "size": "25.83"}, {"price": "0.9", "size": "5"}], "event_type": "book", "last_trade_price": ""}, {"market": "0xe112fe5d6f761216d81182d4a58a12d7c54fc8851bcfbbc491031bb4dcdbc326", "asset_id": "74266343700732382646483254292648358394115818185281230222869217194634973467405", "timestamp": "1769383835958", "hash": "0f1b8b79390118a2ba18adea53d42c3d49b293b1", "bids": [{"price": "0.01", "size": "67.04"}, {"price": "0.02", "size": "182.48"}, {"price": "0.03", "size": "18.99"}, {"price": "0.04", "size": "5.47"}], "asks": [{"price": "0.99", "size": "62.05"}, {"price": "0.98", "size": "190.48"}, {"price": "0.97", "size": "18.99"}, {"price": "0.96", "size": "29.99"}], "event_type": "book", "last_trade_price": ""}, {"market": "0x977f99eb0dcf7fb95b4619347a0ab3858f54232f7a2933d00e44a79af677ef69", "asset_id": "2857622017364095354961232858932924378164142305439450303865007277036498063735", "timestamp": "1769383840382", "hash": "f7e63a4827e1ddfbe1cabcffda0d60812c1d8ede", "bids": [{"price": "0.01", "size": "62.05"}, {"price": "0.02", "size": "180.48"}, {"price": "0.03", "size": "18.99"}, {"price": "0.04", "size": "29.99"}], "asks": [{"price": "0.99", "size": "64.79"}, {"price": "0.98", "size": "177.47"}, {"price": "0.97", "size": "23.08"}, {"price": "0.96", "size": "5.47"}], "event_type": "book", "last_trade_price": ""}, {"market": "0xe112fe5d6f761216d81182d4a58a12d7c54fc8851bcfbbc491031bb4dcdbc326", "asset_id": "56243137739414292934051223651686872769341196501409769888170747116566687939265", "timestamp": "1769383835958", "hash": "216391cb6c257fc25017139bcc6fb366748e8812", "bids": [{"price": "0.01", "size": "62.05"}, {"price": "0.02", "size": "190.48"}, {"price": "0.03", "size": "18.99"}, {"price": "0.04", "size": "29.99"}], "asks": [{"price": "0.99", "size": "67.04"}, {"price": "0.98", "size": "182.48"}, {"price": "0.97", "size": "18.99"}, {"price": "0.96", "size": "5.47"}], "event_type": "book", "last_trade_price": ""}, {"market": "0x6756e8cedba8802ec73e85495c7f35c7e8af172f411ec9bf8a35baf434916321", "asset_id": "64200761647591793139971002220560258609643571072544543158697323629295388420861", "timestamp": "1769383838524", "hash": "a449ca78a34901fd3375dd82727437a2769a21a8", "bids": [{"price": "0.01", "size": "62.05"}, {"price": "0.02", "size": "180.48"}, {"price": "0.03", "size": "18.99"}, {"price": "0.04", "size": "29.99"}], "asks": [{"price": "0.99", "size": "70.22"}, {"price": "0.98", "size": "177.94"}, {"price": "0.97", "size": "20.96"}, {"price": "0.96", "size": "5.47"}], "event_type": "book", "last_trade_price": ""}, {"market": "0xe68ab0878746786e9cd153ffccb0c9008e5ae513a026554e314be9ed8c46fa61", "asset_id": "32016006789041242695045441838082352069531236836113316684983852680839640640628", "timestamp": "1769383834988", "hash": "6ac89b307c11286042463c229210d6b47a4b11a2", "bids": [{"price": "0.01", "size": "60.43"}, {"price": "0.02", "size": "177.05"}, {"price": "0.03", "size": "9.24"}, {"price": "0.04", "size": "5.47"}], "asks": [{"price": "0.99", "size": "62.05"}, {"price": "0.98", "size": "190.48"}, {"price": "0.97", "size": "18.99"}, {"price": "0.96", "size": "29.99"}], "event_type": "book", "last_trade_price": ""}, {"market": "0x150956f713678a05e22cfe013f1b74e6780c6d13b6fcfa1f19ddbec6c66edb01", "asset_id": "34170561519957212002236973126752680922340446338668588102674654092692130448935", "timestamp": "1769383836702", "hash": "d38f8c412fa23ac828f45641303cd3bfa74a8804", "bids": [{"price": "0.01", "size": "62.05"}, {"price": "0.02", "size": "180.48"}, {"price": "0.03", "size": "18.99"}, {"price": "0.04", "size": "29.99"}], "asks": [{"price": "0.99", "size": "67.04"}, {"price": "0.98", "size": "182.48"}, {"price": "0.97", "size": "18.99"}, {"price": "0.96", "size": "5.47"}], "event_type": "book", "last_trade_price": ""}, {"market": "0xe68ab0878746786e9cd153ffccb0c9008e5ae513a026554e314be9ed8c46fa61", "asset_id": "105760125308278556151496384321153215181938710964931663544953481061095113952131", "timestamp": "1769383834988", "hash": "2676567523606de899d6e7a7881d45a8e08ff9e8", "bids": [{"price": "0.01", "size": "62.05"}, {"price": "0.02", "size": "190.48"}, {"price": "0.03", "size": "18.99"}, {"price": "0.04", "size": "29.99"}], "asks": [{"price": "0.99", "size": "60.43"}, {"price": "0.98", "size": "177.05"}, {"price": "0.97", "size": "9.24"}, {"price": "0.96", "size": "5.47"}], "event_type": "book", "last_trade_price": ""}, {"market": "0x5af263bce61bbe3d9b824bb9318190f009098fe0e0dfc836f1f226f458d01587", "asset_id": "47694736655600237568924559890703074959166583161732556281708754561976551010581", "timestamp": "1769383979108", "hash": "5e27444c53b9164a85242616ddfa3df0b2432433", "bids": [{"price": "0.01", "size": "67.61"}, {"price": "0.02", "size": "180.95"}, {"price": "0.03", "size": "19.83"}, {"price": "0.04", "size": "5.47"}], "asks": [{"price": "0.99", "size": "62.05"}, {"price": "0.98", "size": "190.48"}, {"price": "0.97", "size": "18.99"}, {"price": "0.96", "size": "29.99"}], "event_type": "book", "last_trade_price": ""}, {"market": "0x150956f713678a05e22cfe013f1b74e6780c6d13b6fcfa1f19ddbec6c66edb01", "asset_id": "107767483100589725834095170927663373906674617608449441660949014514522532005952", "timestamp": "1769383836702", "hash": "7cc9545022c8a4ee8e05118a98b97d26a67458a6", "bids": [{"price": "0.01", "size": "67.04"}, {"price": "0.02", "size": "182.48"}, {"price": "0.03", "size": "18.99"}, {"price": "0.04", "size": "5.47"}], "asks": [{"price": "0.99", "size": "62.05"}, {"price": "0.98", "size": "180.48"}, {"price": "0.97", "size": "18.99"}, {"price": "0.96", "size": "29.99"}], "event_type": "book", "last_trade_price": ""}, {"market": "0x32fc495603de8f28c26d199ba402cede9baccbd3bbffb47af25c1fef14e6bc94", "asset_id": "20679638528834070804714685791105234188413625920358664748689649775004893160786", "timestamp": "1769383057246", "hash": "b9763ed3558c4b30172e0ecb79d99b3ab399a332", "bids": [{"price": "0.01", "size": "3755.59"}, {"price": "0.02", "size": "2100"}, {"price": "0.03", "size": "8.62"}, {"price": "0.05", "size": "1800"}, {"price": "0.08", "size": "100"}, {"price": "0.09", "size": "7.05"}, {"price": "0.11", "size": "700"}, {"price": "0.12", "size": "250"}, {"price": "0.14", "size": "50"}, {"price": "0.19", "size": "500"}, {"price": "0.2", "size": "200"}, {"price": "0.22", "size": "200"}, {"price": "0.24", "size": "125"}, {"price": "0.26", "size": "75"}, {"price": "0.31", "size": "10"}, {"price": "0.48", "size": "10"}, {"price": "0.49", "size": "44"}, {"price": "0.5", "size": "170"}, {"price": "0.52", "size": "2050"}, {"price": "0.53", "size": "1000"}, {"price": "0.54", "size": "250"}, {"price": "0.55", "size": "170"}], "asks": [{"price": "0.99", "size": "3750.44"}, {"price": "0.98", "size": "1800"}, {"price": "0.97", "size": "7.72"}, {"price": "0.93", "size": "1500"}, {"price": "0.92", "size": "8.29"}, {"price": "0.88", "size": "350"}, {"price": "0.76", "size": "300"}, {"price": "0.73", "size": "200"}, {"price": "0.7", "size": "125"}, {"price": "0.68", "size": "75"}, {"price": "0.59", "size": "150"}, {"price": "0.57", "size": "50"}, {"price": "0.56", "size": "26"}], "event_type": "book", "last_trade_price": "0.450"}, {"market": "0x977f99eb0dcf7fb95b4619347a0ab3858f54232f7a2933d00e44a79af677ef69", "asset_id": "16721954609088603645758030001371237637656952658022160544494380414198531700594", "timestamp": "1769383840382", "hash": "41d41b6933fad91dceea6e083680adcc317cd286", "bids": [{"price": "0.01", "size": "64.79"}, {"price": "0.02", "size": "177.47"}, {"price": "0.03", "size": "23.08"}, {"price": "0.04", "size": "5.47"}], "asks": [{"price": "0.99", "size": "62.05"}, {"price": "0.98", "size": "180.48"}, {"price": "0.97", "size": "18.99"}, {"price": "0.96", "size": "29.99"}], "event_type": "book", "last_trade_price": ""}, {"market": "0x74866ac9d43a34ce5f67db1515522d5b5be78d4bde7fa5433c2a60f96e550012", "asset_id": "45754949899196054356538835083980327548504691376146818186941941867894732423479", "timestamp": "1769383885943", "hash": "2ee7eb503ad1c1769656041247b161d547671e30", "bids": [{"price": "0.01", "size": "111.38"}, {"price": "0.02", "size": "215.17"}, {"price": "0.03", "size": "52.57"}], "asks": [{"price": "0.99", "size": "103.35"}, {"price": "0.98", "size": "202.03"}, {"price": "0.97", "size": "10.34"}, {"price": "0.94", "size": "12.39"}], "event_type": "book", "last_trade_price": ""}, {"market": "0xb4087b44b4f704eb791711535aa8a200b86db5714631ad976b4ca6280604c448", "asset_id": "91879193903893902752096016534237535332492750419861762723991334552567963444163", "timestamp": "1769383979108", "hash": "90af6da52759d55f3d5c4c27890d30059877ea4f", "bids": [{"price": "0.01", "size": "67.61"}, {"price": "0.02", "size": "180.95"}, {"price": "0.03", "size": "19.82"}, {"price": "0.04", "size": "5.47"}], "asks": [{"price": "0.99", "size": "62.05"}, {"price": "0.98", "size": "190.48"}, {"price": "0.97", "size": "18.99"}, {"price": "0.96", "size": "29.99"}], "event_type": "book", "last_trade_price": ""}, {"market": "0xbfbecf6cf07fb8fb840ef91df84adeb8f5e9173794e7d6299b25b7ac5ed59184", "asset_id": "95884997749963451388129624255243773006516487123962193450565390535073823305854", "timestamp": "1769383885943", "hash": "9c2e6c62343cf35a70b8ad59d063cb9f7776330b", "bids": [{"price": "0.01", "size": "62.05"}, {"price": "0.02", "size": "190.48"}, {"price": "0.03", "size": "18.99"}, {"price": "0.04", "size": "29.99"}], "asks": [{"price": "0.99", "size": "57.26"}, {"price": "0.98", "size": "180.95"}, {"price": "0.97", "size": "9.81"}, {"price": "0.94", "size": "12.2"}], "event_type": "book", "last_trade_price": ""}, {"market": "0xf689cf93c379d2f90e0927c672449b5bad515bd273ed4575990f135a9be6b9ef", "asset_id": "10922293181565890487355994235526886765599140361350560491818238853881498307893", "timestamp": "1769383982807", "hash": "1af33e35d9ea3fbe18b12e11ef0c5f9dc970e46e", "bids": [{"price": "0.01", "size": "62.05"}, {"price": "0.02", "size": "160.48"}, {"price": "0.03", "size": "18.99"}, {"price": "0.04", "size": "29.99"}], "asks": [{"price": "0.99", "size": "67.05"}, {"price": "0.98", "size": "160.48"}, {"price": "0.97", "size": "18.99"}, {"price": "0.96", "size": "5.47"}], "event_type": "book", "last_trade_price": ""}, {"market": "0xb4087b44b4f704eb791711535aa8a200b86db5714631ad976b4ca6280604c448", "asset_id": "21968156376313587665407181391795981825062367484536126400874648407392441121434", "timestamp": "1769383979108", "hash": "35da94af8386b902fef5dedb554bc7311a401862", "bids": [{"price": "0.01", "size": "62.05"}, {"price": "0.02", "size": "190.48"}, {"price": "0.03", "size": "18.99"}, {"price": "0.04", "size": "29.99"}], "asks": [{"price": "0.99", "size": "67.61"}, {"price": "0.98", "size": "180.95"}, {"price": "0.97", "size": "19.82"}, {"price": "0.96", "size": "5.47"}], "event_type": "book", "last_trade_price": ""}, {"market": "0x5af263bce61bbe3d9b824bb9318190f009098fe0e0dfc836f1f226f458d01587", "asset_id": "32134954075915620995007431046137390372376742411296797956009092454211852486746", "timestamp": "1769383979108", "hash": "6334143076b4099a52cc209ad39f517530882e4c", "bids": [{"price": "0.01", "size": "62.05"}, {"price": "0.02", "size": "190.48"}, {"price": "0.03", "size": "18.99"}, {"price": "0.04", "size": "29.99"}], "asks": [{"price": "0.99", "size": "67.61"}, {"price": "0.98", "size": "180.95"}, {"price": "0.97", "size": "19.83"}, {"price": "0.96", "size": "5.47"}], "event_type": "book", "last_trade_price": ""}, {"market": "0xf689cf93c379d2f90e0927c672449b5bad515bd273ed4575990f135a9be6b9ef", "asset_id": "63009109603113020153983777208748549049975995583383299325207870566246801855317", "timestamp": "1769383982807", "hash": "1d3d4981136bfd877dbb9a47b065ee7989e4b3ea", "bids": [{"price": "0.01", "size": "67.05"}, {"price": "0.02", "size": "160.48"}, {"price": "0.03", "size": "18.99"}, {"price": "0.04", "size": "5.47"}], "asks": [{"price": "0.99", "size": "62.05"}, {"price": "0.98", "size": "160.48"}, {"price": "0.97", "size": "18.99"}, {"price": "0.96", "size": "29.99"}], "event_type": "book", "last_trade_price": ""}, {"market": "0x32fc495603de8f28c26d199ba402cede9baccbd3bbffb47af25c1fef14e6bc94", "asset_id": "94071805074839795803561456546122402436440546623477186998944499121599205860231", "timestamp": "1769383057246", "hash": "d4b85857ab2a68641da889eb22e5d0370e305bfe", "bids": [{"price": "0.01", "size": "3750.44"}, {"price": "0.02", "size": "1800"}, {"price": "0.03", "size": "7.72"}, {"price": "0.07", "size": "1500"}, {"price": "0.08", "size": "8.29"}, {"price": "0.12", "size": "350"}, {"price": "0.24", "size": "300"}, {"price": "0.27", "size": "200"}, {"price": "0.3", "size": "125"}, {"price": "0.32", "size": "75"}, {"price": "0.41", "size": "150"}, {"price": "0.43", "size": "50"}, {"price": "0.44", "size": "26"}], "asks": [{"price": "0.99", "size": "3755.59"}, {"price": "0.98", "size": "2100"}, {"price": "0.97", "size": "8.62"}, {"price": "0.95", "size": "1800"}, {"price": "0.92", "size": "100"}, {"price": "0.91", "size": "7.05"}, {"price": "0.89", "size": "700"}, {"price": "0.88", "size": "250"}, {"price": "0.86", "size": "50"}, {"price": "0.81", "size": "500"}, {"price": "0.8", "size": "200"}, {"price": "0.78", "size": "200"}, {"price": "0.76", "size": "125"}, {"price": "0.74", "size": "75"}, {"price": "0.69", "size": "10"}, {"price": "0.52", "size": "10"}, {"price": "0.51", "size": "44"}, {"price": "0.5", "size": "170"}, {"price": "0.48", "size": "2050"}, {"price": "0.47", "size": "1000"}, {"price": "0.46", "size": "250"}, {"price": "0.45", "size": "170"}], "event_type": "book", "last_trade_price": "0.450"}, {"market": "0xa999316ae2456bafd7e0b86b5806500c9f506ce60dff86e2f522c4123417c7bb", "asset_id": "101075348997103334596842663744540155314080355366379372464157966592036214419612", "timestamp": "1769383979108", "hash": "12c3b7c6cd780006cbc691180419005548cbab67", "bids": [{"price": "0.01", "size": "119.34"}, {"price": "0.02", "size": "204.07"}, {"price": "0.03", "size": "20.17"}, {"price": "0.04", "size": "5.47"}], "asks": [{"price": "0.99", "size": "1094.56"}, {"price": "0.98", "size": "157.52"}, {"price": "0.96", "size": "37"}, {"price": "0.95", "size": "15.87"}, {"price": "0.54", "size": "200"}, {"price": "0.53", "size": "10.63"}], "event_type": "book", "last_trade_price": ""}, {"market": "0x74866ac9d43a34ce5f67db1515522d5b5be78d4bde7fa5433c2a60f96e550012", "asset_id": "93460197614053372303819295747289315395117968422384511007890073552934270130393", "timestamp": "1769383885943", "hash": "b389358b318e8a98c2641f1f8c1ff6a822daa942", "bids": [{"price": "0.01", "size": "103.35"}, {"price": "0.02", "size": "202.03"}, {"price": "0.03", "size": "10.34"}, {"price": "0.06", "size": "12.39"}], "asks": [{"price": "0.99", "size": "111.38"}, {"price": "0.98", "size": "215.17"}, {"price": "0.97", "size": "52.57"}], "event_type": "book", "last_trade_price": ""}, {"market": "0xf67a67bb79d6b93b2c6e3a8c1fbf3724e77f24badf9507bf0258f777b6509501", "asset_id": "32291529169086138575869248672499829990231664677015393879221336612752764662664", "timestamp": "1769382595323", "hash": "3ad64b23748896a88324dace7b2ef8f4193316b7", "bids": [{"price": "0.01", "size": "101.52"}, {"price": "0.02", "size": "200.48"}, {"price": "0.03", "size": "25.83"}, {"price": "0.1", "size": "5"}], "asks": [{"price": "0.99", "size": "101.52"}, {"price": "0.98", "size": "160.69"}, {"price": "0.97", "size": "75"}, {"price": "0.96", "size": "22.23"}, {"price": "0.9", "size": "5"}], "event_type": "book", "last_trade_price": ""}, {"market": "0xbfbecf6cf07fb8fb840ef91df84adeb8f5e9173794e7d6299b25b7ac5ed59184", "asset_id": "110460038895597352658940687041636004368724518554226111907881416089292375568882", "timestamp": "1769383885943", "hash": "00b59a4de739bb21d6b306ff1d30f8f39db834d9", "bids": [{"price": "0.01", "size": "57.26"}, {"price": "0.02", "size": "180.95"}, {"price": "0.03", "size": "9.81"}, {"price": "0.06", "size": "12.2"}], "asks": [{"price": "0.99", "size": "62.05"}, {"price": "0.98", "size": "190.48"}, {"price": "0.97", "size": "18.99"}, {"price": "0.96", "size": "29.99"}], "event_type": "book", "last_trade_price": ""}, {"market": "0xa999316ae2456bafd7e0b86b5806500c9f506ce60dff86e2f522c4123417c7bb", "asset_id": "29073543868976398304664498319739951475218875683384868387007306220623295943070", "timestamp": "1769383979108", "hash": "19ad51cee39a4f69baa0fbfd5687e277b900b1b7", "bids": [{"price": "0.01", "size": "1094.56"}, {"price": "0.02", "size": "157.52"}, {"price": "0.04", "size": "37"}, {"price": "0.05", "size": "15.87"}, {"price": "0.46", "size": "200"}, {"price": "0.47", "size": "10.63"}], "asks": [{"price": "0.99", "size": "119.34"}, {"price": "0.98", "size": "204.07"}, {"price": "0.97", "size": "20.17"}, {"price": "0.96", "size": "5.47"}], "event_type": "book", "last_trade_price": ""}]}
{"_local_timestamp": "2026-01-25T23:34:35.331347+00:00", "data": {"market": "0xe68ab0878746786e9cd153ffccb0c9008e5ae513a026554e314be9ed8c46fa61", "price_changes": [{"asset_id": "32016006789041242695045441838082352069531236836113316684983852680839640640628", "price": "0.05", "size": "23.99", "side": "BUY", "hash": "330467e719d7bb5f2bd88298d898ad33d882378b", "best_bid": "0.05", "best_ask": "0.96"}, {"asset_id": "105760125308278556151496384321153215181938710964931663544953481061095113952131", "price": "0.95", "size": "23.99", "side": "SELL", "hash": "66996c99b5f3996082f40a5a0dd7c6539e4581e3", "best_bid": "0.04", "best_ask": "0.95"}], "timestamp": "1769384075257", "event_type": "price_change"}}
{"_local_timestamp": "2026-01-25T23:34:35.332159+00:00", "data": {"market": "0xe112fe5d6f761216d81182d4a58a12d7c54fc8851bcfbbc491031bb4dcdbc326", "price_changes": [{"asset_id": "74266343700732382646483254292648358394115818185281230222869217194634973467405", "price": "0.05", "size": "23.99", "side": "BUY", "hash": "fc9a6294ceeff1137b2c34f4f234834778480784", "best_bid": "0.05", "best_ask": "0.96"}, {"asset_id": "56243137739414292934051223651686872769341196501409769888170747116566687939265", "price": "0.95", "size": "23.99", "side": "SELL", "hash": "cfc3d4bbc3647ac44f85f65fc87587da8a53ca50", "best_bid": "0.04", "best_ask": "0.95"}], "timestamp": "1769384075257", "event_type": "price_change"}}
{"_local_timestamp": "2026-01-25T23:34:35.449903+00:00", "data": {"market": "0x977f99eb0dcf7fb95b4619347a0ab3858f54232f7a2933d00e44a79af677ef69", "price_changes": [{"asset_id": "16721954609088603645758030001371237637656952658022160544494380414198531700594", "price": "0.05", "size": "23.99", "side": "BUY", "hash": "e1f024996dbf329f82027124ace2ee2bd9ff1002", "best_bid": "0.05", "best_ask": "0.96"}, {"asset_id": "2857622017364095354961232858932924378164142305439450303865007277036498063735", "price": "0.95", "size": "23.99", "side": "SELL", "hash": "ee86336c1056d7f042efee1f763fed5630c4a80a", "best_bid": "0.04", "best_ask": "0.95"}], "timestamp": "1769384075381", "event_type": "price_change"}}
{"_local_timestamp": "2026-01-25T23:34:35.542161+00:00", "data": {"market": "0x6756e8cedba8802ec73e85495c7f35c7e8af172f411ec9bf8a35baf434916321", "price_changes": [{"asset_id": "64549685022869543427358899699309008731982476894900421505671104937837865625123", "price": "0.05", "size": "23.99", "side": "BUY", "hash": "78baa81b5dd5cec3fc7d2eaf5f7365fd7851d688", "best_bid": "0.05", "best_ask": "0.96"}, {"asset_id": "64200761647591793139971002220560258609643571072544543158697323629295388420861", "price": "0.95", "size": "23.99", "side": "SELL", "hash": "f4d5a47e58e982b328601d29ee6c4b52b5e4bf46", "best_bid": "0.04", "best_ask": "0.95"}], "timestamp": "1769384075478", "event_type": "price_change"}}
{"_local_timestamp": "2026-01-25T23:34:35.553719+00:00", "data": {"market": "0x150956f713678a05e22cfe013f1b74e6780c6d13b6fcfa1f19ddbec6c66edb01", "price_changes": [{"asset_id": "107767483100589725834095170927663373906674617608449441660949014514522532005952", "price": "0.05", "size": "23.99", "side": "BUY", "hash": "c9c46ab598a381996a1867e9094cd1ac8e132182", "best_bid": "0.05", "best_ask": "0.96"}, {"asset_id": "34170561519957212002236973126752680922340446338668588102674654092692130448935", "price": "0.95", "size": "23.99", "side": "SELL", "hash": "6e27519b5a1bfae4a96c3bdf8a6458fbe801cfdd", "best_bid": "0.04", "best_ask": "0.95"}], "timestamp": "1769384075478", "event_type": "price_change"}}
{"_local_timestamp": "2026-01-25T23:34:38.996802+00:00", "data": {"market": "0x6756e8cedba8802ec73e85495c7f35c7e8af172f411ec9bf8a35baf434916321", "price_changes": [{"asset_id": "64549685022869543427358899699309008731982476894900421505671104937837865625123", "price": "0.04", "size": "0", "side": "BUY", "hash": "c1903b3d32b729b5fcb4eee5f22ecd291ad73c5d", "best_bid": "0.05", "best_ask": "0.96"}, {"asset_id": "64200761647591793139971002220560258609643571072544543158697323629295388420861", "price": "0.96", "size": "0", "side": "SELL", "hash": "90c2b2c538e91a37adc392f8a9fa23eccc2b1e45", "best_bid": "0.04", "best_ask": "0.95"}], "timestamp": "1769384078925", "event_type": "price_change"}}
{"_local_timestamp": "2026-01-25T23:34:39.006122+00:00", "data": {"market": "0xe68ab0878746786e9cd153ffccb0c9008e5ae513a026554e314be9ed8c46fa61", "price_changes": [{"asset_id": "32016006789041242695045441838082352069531236836113316684983852680839640640628", "price": "0.04", "size": "0", "side": "BUY", "hash": "9f33522ecfeb5e88136476ea29ab65c00f897e41", "best_bid": "0.05", "best_ask": "0.96"}, {"asset_id": "105760125308278556151496384321153215181938710964931663544953481061095113952131", "price": "0.96", "size": "0", "side": "SELL", "hash": "5d5b3265d68119a0db90f3d709ccc31ccf765342", "best_bid": "0.04", "best_ask": "0.95"}], "timestamp": "1769384078926", "event_type": "price_change"}}
{"_local_timestamp": "2026-01-25T23:34:39.009111+00:00", "data": {"market": "0x977f99eb0dcf7fb95b4619347a0ab3858f54232f7a2933d00e44a79af677ef69", "price_changes": [{"asset_id": "16721954609088603645758030001371237637656952658022160544494380414198531700594", "price": "0.04", "size": "0", "side": "BUY", "hash": "1f81162e821d78af55a9d6308094a17a999778df", "best_bid": "0.05", "best_ask": "0.96"}, {"asset_id": "2857622017364095354961232858932924378164142305439450303865007277036498063735", "price": "0.96", "size": "0", "side": "SELL", "hash": "9209f33d97ca1b476d24752880df7fd7f6e13f61", "best_bid": "0.04", "best_ask": "0.95"}], "timestamp": "1769384078927", "event_type": "price_change"}}
{"_local_timestamp": "2026-01-25T23:34:39.009498+00:00", "data": {"market": "0xe112fe5d6f761216d81182d4a58a12d7c54fc8851bcfbbc491031bb4dcdbc326", "price_changes": [{"asset_id": "74266343700732382646483254292648358394115818185281230222869217194634973467405", "price": "0.04", "size": "0", "side": "BUY", "hash": "3dfa5a661024b8e1b9f3ca1ace8955ccfd9e3be8", "best_bid": "0.05", "best_ask": "0.96"}, {"asset_id": "56243137739414292934051223651686872769341196501409769888170747116566687939265", "price": "0.96", "size": "0", "side": "SELL", "hash": "b353643515649d57fa3a34cb00c132faa207a2a4", "best_bid": "0.04", "best_ask": "0.95"}], "timestamp": "1769384078926", "event_type": "price_change"}}
{"_local_timestamp": "2026-01-25T23:34:39.019675+00:00", "data": {"market": "0x150956f713678a05e22cfe013f1b74e6780c6d13b6fcfa1f19ddbec6c66edb01", "price_changes": [{"asset_id": "107767483100589725834095170927663373906674617608449441660949014514522532005952", "price": "0.04", "size": "0", "side": "BUY", "hash": "5c0fe0f58d71b154cedfc3785396adaab7a6a6d3", "best_bid": "0.05", "best_ask": "0.96"}, {"asset_id": "34170561519957212002236973126752680922340446338668588102674654092692130448935", "price": "0.96", "size": "0", "side": "SELL", "hash": "ca03b1ff912b7593ddffd2f99db30a53ed94e4fb", "best_bid": "0.04", "best_ask": "0.95"}], "timestamp": "1769384078927", "event_type": "price_change"}}
{"_local_timestamp": "2026-01-25T23:34:39.267367+00:00", "data": {"market": "0x977f99eb0dcf7fb95b4619347a0ab3858f54232f7a2933d00e44a79af677ef69", "price_changes": [{"asset_id": "16721954609088603645758030001371237637656952658022160544494380414198531700594", "price": "0.06", "size": "5.47", "side": "BUY", "hash": "f070b5396791d7d287548de394fc173ca4186b8f", "best_bid": "0.06", "best_ask": "0.96"}, {"asset_id": "2857622017364095354961232858932924378164142305439450303865007277036498063735", "price": "0.94", "size": "5.47", "side": "SELL", "hash": "11dd2c783cfd71c3e5d0642d84795288685b6b78", "best_bid": "0.04", "best_ask": "0.94"}], "timestamp": "1769384079158", "event_type": "price_change"}}
{"_local_timestamp": "2026-01-25T23:34:39.271671+00:00", "data": {"market": "0x150956f713678a05e22cfe013f1b74e6780c6d13b6fcfa1f19ddbec6c66edb01", "price_changes": [{"asset_id": "107767483100589725834095170927663373906674617608449441660949014514522532005952", "price": "0.06", "size": "5.47", "side": "BUY", "hash": "b69f3f58e2e714027d9d514585084657665b7ec2", "best_bid": "0.06", "best_ask": "0.96"}, {"asset_id": "34170561519957212002236973126752680922340446338668588102674654092692130448935", "price": "0.94", "size": "5.47", "side": "SELL", "hash": "6e05e741c9351bad7086735b47b3996eae53f944", "best_bid": "0.04", "best_ask": "0.94"}], "timestamp": "1769384079158", "event_type": "price_change"}}
{"_local_timestamp": "2026-01-25T23:34:39.272028+00:00", "data": {"market": "0x6756e8cedba8802ec73e85495c7f35c7e8af172f411ec9bf8a35baf434916321", "price_changes": [{"asset_id": "64549685022869543427358899699309008731982476894900421505671104937837865625123", "price": "0.06", "size": "5.47", "side": "BUY", "hash": "1ac087ef4dbf3a4d8df1ef2c58ac8553c3138734", "best_bid": "0.06", "best_ask": "0.96"}, {"asset_id": "64200761647591793139971002220560258609643571072544543158697323629295388420861", "price": "0.94", "size": "5.47", "side": "SELL", "hash": "282f3a036659ee4028e5ebf429f6fe5182d945a7", "best_bid": "0.04", "best_ask": "0.94"}], "timestamp": "1769384079158", "event_type": "price_change"}}
{"_local_timestamp": "2026-01-25T23:34:39.273592+00:00", "data": {"market": "0xe68ab0878746786e9cd153ffccb0c9008e5ae513a026554e314be9ed8c46fa61", "price_changes": [{"asset_id": "32016006789041242695045441838082352069531236836113316684983852680839640640628", "price": "0.06", "size": "5.47", "side": "BUY", "hash": "7e7c4fac2808717bff411d18aedaaaa2a396f7ef", "best_bid": "0.06", "best_ask": "0.96"}, {"asset_id": "105760125308278556151496384321153215181938710964931663544953481061095113952131", "price": "0.94", "size": "5.47", "side": "SELL", "hash": "403b2d270ace612ef6f5e7d6325f6f3ab3cd19e3", "best_bid": "0.04", "best_ask": "0.94"}], "timestamp": "1769384079158", "event_type": "price_change"}}
{"_local_timestamp": "2026-01-25T23:34:39.274445+00:00", "data": {"market": "0xe112fe5d6f761216d81182d4a58a12d7c54fc8851bcfbbc491031bb4dcdbc326", "price_changes": [{"asset_id": "74266343700732382646483254292648358394115818185281230222869217194634973467405", "price": "0.06", "size": "5.47", "side": "BUY", "hash": "5d483f81e3cddf53fd744ecd86ffccfa1fabba31", "best_bid": "0.06", "best_ask": "0.96"}, {"asset_id": "56243137739414292934051223651686872769341196501409769888170747116566687939265", "price": "0.94", "size": "5.47", "side": "SELL", "hash": "fe777a19e66d1f5840cdc73a0fbb0f1cada08478", "best_bid": "0.04", "best_ask": "0.94"}], "timestamp": "1769384079159", "event_type": "price_change"}}
