{"_local_timestamp": "2026-01-25T23:41:28.992327+00:00", "data": [{"market": "0x816283b09afa8fb8775b7a31fffd910cd938b5542df0a53490869bbdddbd29e7", "asset_id": "15405520391799992626254133757374921230213697819500438919715689108143699473586", "timestamp": "1769384438173", "hash": "6769b417b4f24a018393c036c9af0800cf03f247", "bids": [{"price": "0.01", "size": "21848.59"}, {"price": "0.02", "size": "2200.59"}, {"price": "0.03", "size": "18.99"}, {"price": "0.04", "size": "29.99"}], "asks": [{"price": "0.99", "size": "21842.93"}, {"price": "0.98", "size": "8.92"}, {"price": "0.97", "size": "5.47"}], "event_type": "book", "last_trade_price": ""}, {"market": "0x9d72fefe0a1e7a194dd92c6147ec5457c7ea3ef18b2c120713c15ea291a96fdc", "asset_id": "9950051530709339991020438041651455039837308887587060798234024774681947495511", "timestamp": "1769382204692", "hash": "61ec6dbd7b1fc054bfe69744f33880905c5d63ed", "bids": [{"price": "0.01", "size": "198.81"}, {"price": "0.02", "size": "40.59"}, {"price": "0.05", "size": "10"}], "asks": [{"price": "0.99", "size": "198.81"}, {"price": "0.98", "size": "40.59"}, {"price": "0.95", "size": "15.47"}], "event_type": "book", "last_trade_price": "0.930"}, {"market": "0x9e9f5c1c273c86dc2fde60aae2928add92df55fc00dfa76eddf448dcc876371d", "asset_id": "55391700582162683769019480443915810974335275678067504272537081595792245442890", "timestamp": "1769384486129", "hash": "fa3c78aa928bc90b5461d033d7c826a105b0a686", "bids": [{"price": "0.01", "size": "21937.47"}, {"price": "0.02", "size": "2190.11"}, {"price": "0.03", "size": "29.69"}, {"price": "0.4", "size": "50"}], "asks": [{"price": "0.99", "size": "21939.63"}, {"price": "0.98", "size": "2190.11"}, {"price": "0.97", "size": "28.97"}, {"price": "0.78", "size": "10"}, {"price": "0.75", "size": "50"}], "event_type": "book", "last_trade_price": ""}, {"market": "0x9e9f5c1c273c86dc2fde60aae2928add92df55fc00dfa76eddf448dcc876371d", "asset_id": "75956139502265441421699819180438283059761837887021594497969055280377012837590", "timestamp": "1769384486129", "hash": "fc2d0599a348ed80965b21dfd2846a0f216b6992", "bids": [{"price": "0.01", "size": "21939.63"}, {"price": "0.02", "size": "2190.11"}, {"price": "0.03", "size": "28.97"}, {"price": "0.22", "size": "10"}, {"price": "0.25", "size": "50"}], "asks": [{"price": "0.99", "size": "21937.47"}, {"price": "0.98", "size": "2190.11"}, {"price": "0.97", "size": "29.69"}, {"price": "0.6", "size": "50"}], "event_type": "book", "last_trade_price": ""}, {"market": "0x5140fa1a0a308d463f27cf70eb9d469ccf07c055e6fbad19c38702533d71e516", "asset_id": "107194712323133987538140428825275677095886921046155341460065104412992238050320", "timestamp": "1769384438173", "hash": "3da8a2f287633695ea7ddec4f8a26a596256e048", "bids": [{"price": "0.01", "size": "255.04"}, {"price": "0.02", "size": "38.97"}, {"price": "0.04", "size": "29.99"}], "asks": [{"price": "0.99", "size": "259.9"}, {"price": "0.98", "size": "36.54"}, {"price": "0.97", "size": "5.47"}], "event_type": "book", "last_trade_price": ""}, {"market": "0x816283b09afa8fb8775b7a31fffd910cd938b5542df0a53490869bbdddbd29e7", "asset_id": "1922098415263964459385620026458296193625196427559555571078566266668203852138", "timestamp": "1769384438173", "hash": "2843710f9721a61055475dbecb8744ea074d7cb2", "bids": [{"price": "0.01", "size": "21842.93"}, {"price": "0.02", "size": "8.92"}, {"price": "0.03", "size": "5.47"}], "asks": [{"price": "0.99", "size": "21848.59"}, {"price": "0.98", "size": "2200.59"}, {"price": "0.97", "size": "18.99"}, {"price": "0.96", "size": "29.99"}], "event_type": "book", "last_trade_price": ""}, {"market": "0x5140fa1a0a308d463f27cf70eb9d469ccf07c055e6fbad19c38702533d71e516", "asset_id": "92540576213207870627362137462415519058938244414036662588260726981353640428737", "timestamp": "1769384438173", "hash": "c4008fc0c82b949a58b2a7ef3e8974d0dc655887", "bids": [{"price": "0.01", "size": "259.9"}, {"price": "0.02", "size": "36.54"}, {"price": "0.03", "size": "5.47"}], "asks": [{"price": "0.99", "size": "255.04"}, {"price": "0.98", "size": "38.97"}, {"price": "0.96", "size": "29.99"}], "event_type": "book", "last_trade_price": ""}, {"market": "0xb60dafb0f279355f3cb0e90d8f104251eea16cade455fbee26065f6a1a7f1705", "asset_id": "6783034260219852689485369170295749032060020034678422064426195110276496429145", "timestamp": "1769384485790", "hash": "702dc0e163a945f3d75394756957870e557c1fe9", "bids": [{"price": "0.01", "size": "21853.45"}, {"price": "0.02", "size": "2226.65"}, {"price": "0.03", "size": "5.47"}], "asks": [{"price": "0.99", "size": "21853.48"}, {"price": "0.98", "size": "2202.9"}, {"price": "0.97", "size": "15.83"}, {"price": "0.96", "size": "29.99"}], "event_type": "book", "last_trade_price": ""}, {"market": "0xb60dafb0f279355f3cb0e90d8f104251eea16cade455fbee26065f6a1a7f1705", "asset_id": "20874128056338825407710368983473961183910770485403608543209460185653352280539", "timestamp": "1769384485790", "hash": "5eaf8d28cb81e9751fdb06defa8c292e978383f9", "bids": [{"price": "0.01", "size": "21853.48"}, {"price": "0.02", "size": "2202.9"}, {"price": "0.03", "size": "15.83"}, {"price": "0.04", "size": "29.99"}], "asks": [{"price": "0.99", "size": "21853.45"}, {"price": "0.98", "size": "2226.65"}, {"price": "0.97", "size": "5.47"}], "event_type": "book", "last_trade_price": ""}, {"market": "0x9d72fefe0a1e7a194dd92c6147ec5457c7ea3ef18b2c120713c15ea291a96fdc", "asset_id": "77897411419485969426768122576625771721302479416855417676067040092564010935119", "timestamp": "1769382204692", "hash": "737c6a7344df96327f672f80dc55b5c8b718efb0", "bids": [{"price": "0.01", "size": "198.81"}, {"price": "0.02", "size": "40.59"}, {"price": "0.05", "size": "15.47"}], "asks": [{"price": "0.99", "size": "198.81"}, {"price": "0.98", "size": "40.59"}, {"price": "0.95", "size": "10"}], "event_type": "book", "last_trade_price": "0.930"}]}
{"_local_timestamp": "2026-01-25T23:42:07.943523+00:00", "data": {"market": "0xb60dafb0f279355f3cb0e90d8f104251eea16cade455fbee26065f6a1a7f1705", "price_changes": [{"asset_id": "6783034260219852689485369170295749032060020034678422064426195110276496429145", "price": "0.04", "size": "29.99", "side": "BUY", "hash": "1c3175cd9e65d39763194e3ae84676f501d86342", "best_bid": "0.04", "best_ask": "0.96"}, {"asset_id": "20874128056338825407710368983473961183910770485403608543209460185653352280539", "price": "0.96", "size": "29.99", "side": "SELL", "hash": "c270dfab2cc75b6e62d15b5ac3635de7f23c0a8d", "best_bid": "0.04", "best_ask": "0.96"}], "timestamp": "1769384527872", "event_type": "price_change"}}
{"_local_timestamp": "2026-01-25T23:42:10.885532+00:00", "data": {"market": "0xb60dafb0f279355f3cb0e90d8f104251eea16cade455fbee26065f6a1a7f1705", "price_changes": [{"asset_id": "6783034260219852689485369170295749032060020034678422064426195110276496429145", "price": "0.03", "size": "0", "side": "BUY", "hash": "4489b0a860c521c872ad1eeab6700b0805d92967", "best_bid": "0.04", "best_ask": "0.96"}, {"asset_id": "20874128056338825407710368983473961183910770485403608543209460185653352280539", "price": "0.97", "size": "0", "side": "SELL", "hash": "b8d0ca8d9168f74aa54e8cb70f60463d2b33fd7a", "best_bid": "0.04", "best_ask": "0.96"}], "timestamp": "1769384530792", "event_type": "price_change"}}
{"_local_timestamp": "2026-01-25T23:42:11.222428+00:00", "data": {"market": "0xb60dafb0f279355f3cb0e90d8f104251eea16cade455fbee26065f6a1a7f1705", "price_changes": [{"asset_id": "6783034260219852689485369170295749032060020034678422064426195110276496429145", "price": "0.05", "size": "5.47", "side": "BUY", "hash": "c89d5dbf42d50fe29f957798ec2f2e708b537bb3", "best_bid": "0.05", "best_ask": "0.96"}, {"asset_id": "20874128056338825407710368983473961183910770485403608543209460185653352280539", "price": "0.95", "size": "5.47", "side": "SELL", "hash": "e9d98bb4aabdc605838f293d652aee0198ae9493", "best_bid": "0.04", "best_ask": "0.95"}], "timestamp": "1769384531154", "event_type": "price_change"}}
