{"_local_timestamp": "2026-01-25T23:34:23.643868+00:00", "data": [{"market": "0x67636b8d52edc8e56a45701ecb21a7e429f330f02ad3f9bccbe09dcc0e656838", "asset_id": "50428677154223506489967051465312229307192580478162430899508017993608622311651", "timestamp": "1769383973271", "hash": "0a9897bfc8efa6c9c81f658a46051417837f779e", "bids": [{"price": "0.01", "size": "21840.16"}, {"price": "0.03", "size": "28.79"}, {"price": "0.22", "size": "10"}, {"price": "0.25", "size": "15"}, {"price": "0.26", "size": "50"}], "asks": [{"price": "0.99", "size": "21837.55"}, {"price": "0.97", "size": "29.66"}, {"price": "0.61", "size": "50"}], "event_type": "book", "last_trade_price": ""}, {"market": "0x5f3805738904aa61d59916dc833d5625d60bee91fa2f3f0286e9d4e5a48dc1ba", "asset_id": "101307376658741654254308051277481197282226067864703819256736806462638928126299", "timestamp": "1769383973273", "hash": "cec628701127c41816421eceeb11dae8ec7ab0f4", "bids": [{"price": "0.01", "size": "21741.34"}, {"price": "0.02", "size": "42.6"}, {"price": "0.05", "size": "15.47"}], "asks": [{"price": "0.99", "size": "21745.36"}, {"price": "0.98", "size": "40.59"}, {"price": "0.95", "size": "10"}], "event_type": "book", "last_trade_price": ""}, {"market": "0x291e4794f03638257ed89b902994abc28760384b8f3690c8bdb0f424e8c26454", "asset_id": "35918639548563829257554340273206739068814138493081214748357249340391167571987", "timestamp": "1769383741010", "hash": "55fa988ef694039280daf530178599814980a5cd", "bids": [{"price": "0.01", "size": "149.9"}, {"price": "0.02", "size": "41.55"}, {"price": "0.05", "size": "15.47"}], "asks": [{"price": "0.99", "size": "155.04"}, {"price": "0.98", "size": "38.97"}, {"price": "0.96", "size": "42.49"}], "event_type": "book", "last_trade_price": ""}, {"market": "0x2426e8220e20888a2a44ebdbf4a60c5d1024776ef2434a4fdf99aba6dddafad0", "asset_id": "98635842728726717489013191252527770123069781848272872741864290093161241009731", "timestamp": "1769383741011", "hash": "a1fc0be642b1a56632243b59566ece3fbe34524f", "bids": [{"price": "0.01", "size": "102.04"}, {"price": "0.02", "size": "38.97"}, {"price": "0.04", "size": "42.49"}], "asks": [{"price": "0.99", "size": "96.9"}, {"price": "0.98", "size": "41.54"}, {"price": "0.95", "size": "15.47"}], "event_type": "book", "last_trade_price": ""}, {"market": "0x5f3805738904aa61d59916dc833d5625d60bee91fa2f3f0286e9d4e5a48dc1ba", "asset_id": "47541589845554438186600615436736502412811708843342906839655526435404173188864", "timestamp": "1769383973273", "hash": "91f022a9b896c342cea356b142ee2fafba21a8bf", "bids": [{"price": "0.01", "size": "21745.36"}, {"price": "0.02", "size": "40.59"}, {"price": "0.05", "size": "10"}], "asks": [{"price": "0.99", "size": "21741.34"}, {"price": "0.98", "size": "42.6"}, {"price": "0.95", "size": "15.47"}], "event_type": "book", "last_trade_price": ""}, {"market": "0x67636b8d52edc8e56a45701ecb21a7e429f330f02ad3f9bccbe09dcc0e656838", "asset_id": "45460621835361036020076873295763818851324971624704761332841753754541577703805", "timestamp": "1769383973271", "hash": "9a432b8e0a67ad1d7becf094850d3afc8e428cc3", "bids": [{"price": "0.01", "size": "21837.55"}, {"price": "0.03", "size": "29.66"}, {"price": "0.39", "size": "50"}], "asks": [{"price": "0.99", "size": "21840.16"}, {"price": "0.97", "size": "28.79"}, {"price": "0.78", "size": "10"}, {"price": "0.75", "size": "15"}, {"price": "0.74", "size": "50"}], "event_type": "book", "last_trade_price": ""}, {"market": "0x535127dace628f98f73b874f0257764dbb757c27adf80572dcf4e356c7459454", "asset_id": "16436839394230753244273147302277482595476589276434055970013555285271500972199", "timestamp": "1769383973329", "hash": "da74e099cb8b3b69e99fdd2da260201cc2cee9cc", "bids": [{"price": "0.01", "size": "21745.36"}, {"price": "0.02", "size": "40.59"}, {"price": "0.05", "size": "10"}], "asks": [{"price": "0.99", "size": "21741.34"}, {"price": "0.98", "size": "42.6"}, {"price": "0.95", "size": "15.47"}], "event_type": "book", "last_trade_price": ""}, {"market": "0x291e4794f03638257ed89b902994abc28760384b8f3690c8bdb0f424e8c26454", "asset_id": "68355756386368855402968799100218950753447587618185926132052386788474515895026", "timestamp": "1769383741010", "hash": "989baba00efe10c93c95bbfb9bb05d5d92b0493f", "bids": [{"price": "0.01", "size": "155.04"}, {"price": "0.02", "size": "38.97"}, {"price": "0.04", "size": "42.49"}], "asks": [{"price": "0.99", "size": "149.9"}, {"price": "0.98", "size": "41.55"}, {"price": "0.95", "size": "15.47"}], "event_type": "book", "last_trade_price": ""}, {"market": "0x535127dace628f98f73b874f0257764dbb757c27adf80572dcf4e356c7459454", "asset_id": "54111339538899603169503526759726234461422618558849433362879497761303929366337", "timestamp": "1769383973329", "hash": "b43026ed91227bd1b76787682076c6be697c3f55", "bids": [{"price": "0.01", "size": "21741.34"}, {"price": "0.02", "size": "42.6"}, {"price": "0.05", "size": "15.47"}], "asks": [{"price": "0.99", "size": "21745.36"}, {"price": "0.98", "size": "40.59"}, {"price": "0.95", "size": "10"}], "event_type": "book", "last_trade_price": ""}, {"market": "0x2426e8220e20888a2a44ebdbf4a60c5d1024776ef2434a4fdf99aba6dddafad0", "asset_id": "100541675745295578783853407930605470903555527954155677607679033311318145543113", "timestamp": "1769383741011", "hash": "d2dc75bef8239f4253e8b7502557575d53ba20af", "bids": [{"price": "0.01", "size": "96.9"}, {"price": "0.02", "size": "41.54"}, {"price": "0.05", "size": "15.47"}], "asks": [{"price": "0.99", "size": "102.04"}, {"price": "0.98", "size": "38.97"}, {"price": "0.96", "size": "42.49"}], "event_type": "book", "last_trade_price": ""}]}
{"_local_timestamp": "2026-01-25T23:35:44.631804+00:00", "data": {"market": "0x67636b8d52edc8e56a45701ecb21a7e429f330f02ad3f9bccbe09dcc0e656838", "price_changes": [{"asset_id": "50428677154223506489967051465312229307192580478162430899508017993608622311651", "price": "0.01", "size": "21826.55", "side": "BUY", "hash": "8629389c9967d6889af38fb4dbfbbdaef15d4317", "best_bid": "0.26", "best_ask": "0.61"}, {"asset_id": "45460621835361036020076873295763818851324971624704761332841753754541577703805", "price": "0.99", "size": "21826.55", "side": "SELL", "hash": "7ab0e53e6d6082d889a3de39a0a52fe4abf92794", "best_bid": "0.39", "best_ask": "0.74"}], "timestamp": "1769384144559", "event_type": "price_change"}}
{"_local_timestamp": "2026-01-25T23:35:44.632758+00:00", "data": {"market": "0x67636b8d52edc8e56a45701ecb21a7e429f330f02ad3f9bccbe09dcc0e656838", "price_changes": [{"asset_id": "50428677154223506489967051465312229307192580478162430899508017993608622311651", "price": "0.03", "size": "0", "side": "BUY", "hash": "8629389c9967d6889af38fb4dbfbbdaef15d4317", "best_bid": "0.26", "best_ask": "0.61"}, {"asset_id": "45460621835361036020076873295763818851324971624704761332841753754541577703805", "price": "0.97", "size": "0", "side": "SELL", "hash": "7ab0e53e6d6082d889a3de39a0a52fe4abf92794", "best_bid": "0.39", "best_ask": "0.74"}], "timestamp": "1769384144559", "event_type": "price_change"}}
{"_local_timestamp": "2026-01-25T23:35:44.633081+00:00", "data": {"market": "0x67636b8d52edc8e56a45701ecb21a7e429f330f02ad3f9bccbe09dcc0e656838", "price_changes": [{"asset_id": "45460621835361036020076873295763818851324971624704761332841753754541577703805", "price": "0.01", "size": "21831.91", "side": "BUY", "hash": "3713dcde88eec2f76b279f9904336d6d7e646258", "best_bid": "0.39", "best_ask": "0.74"}, {"asset_id": "50428677154223506489967051465312229307192580478162430899508017993608622311651", "price": "0.99", "size": "21831.91", "side": "SELL", "hash": "60b2b3015b9b9ec9ac3af1c8eb1258bacd16e3a9", "best_bid": "0.26", "best_ask": "0.61"}], "timestamp": "1769384144559", "event_type": "price_change"}}
{"_local_timestamp": "2026-01-25T23:35:44.633362+00:00", "data": {"market": "0x67636b8d52edc8e56a45701ecb21a7e429f330f02ad3f9bccbe09dcc0e656838", "price_changes": [{"asset_id": "45460621835361036020076873295763818851324971624704761332841753754541577703805", "price": "0.03", "size": "0", "side": "BUY", "hash": "3713dcde88eec2f76b279f9904336d6d7e646258", "best_bid": "0.39", "best_ask": "0.74"}, {"asset_id": "50428677154223506489967051465312229307192580478162430899508017993608622311651", "price": "0.97", "size": "0", "side": "SELL", "hash": "60b2b3015b9b9ec9ac3af1c8eb1258bacd16e3a9", "best_bid": "0.26", "best_ask": "0.61"}], "timestamp": "1769384144559", "event_type": "price_change"}}
{"_local_timestamp": "2026-01-25T23:35:45.768864+00:00", "data": {"market": "0x67636b8d52edc8e56a45701ecb21a7e429f330f02ad3f9bccbe09dcc0e656838", "price_changes": [{"asset_id": "50428677154223506489967051465312229307192580478162430899508017993608622311651", "price": "0.01", "size": "21833.13", "side": "BUY", "hash": "47b7714555adaa3309ecbe3b0bf63f7c1b0addc8", "best_bid": "0.26", "best_ask": "0.61"}, {"asset_id": "45460621835361036020076873295763818851324971624704761332841753754541577703805", "price": "0.99", "size": "21833.13", "side": "SELL", "hash": "92d2ceb0a0f49bf5a9cdc5ea1627d199a391c4e0", "best_bid": "0.39", "best_ask": "0.74"}], "timestamp": "1769384145704", "event_type": "price_change"}}
{"_local_timestamp": "2026-01-25T23:35:45.769295+00:00", "data": {"market": "0x67636b8d52edc8e56a45701ecb21a7e429f330f02ad3f9bccbe09dcc0e656838", "price_changes": [{"asset_id": "50428677154223506489967051465312229307192580478162430899508017993608622311651", "price": "0.02", "size": "46.7", "side": "BUY", "hash": "21fa16be4c167542e11042bdc4a2e14f9d872309", "best_bid": "0.26", "best_ask": "0.61"}, {"asset_id": "45460621835361036020076873295763818851324971624704761332841753754541577703805", "price": "0.98", "size": "46.7", "side": "SELL", "hash": "c27bfdf4979f2bbd08894056591585492ee5077d", "best_bid": "0.39", "best_ask": "0.74"}], "timestamp": "1769384145705", "event_type": "price_change"}}
{"_local_timestamp": "2026-01-25T23:35:45.769595+00:00", "data": {"market": "0x67636b8d52edc8e56a45701ecb21a7e429f330f02ad3f9bccbe09dcc0e656838", "price_changes": [{"asset_id": "45460621835361036020076873295763818851324971624704761332841753754541577703805", "price": "0.02", "size": "47.32", "side": "BUY", "hash": "c3d5ade2da2f96cf06f41e1eb565ff0fd1a514da", "best_bid": "0.39", "best_ask": "0.74"}, {"asset_id": "50428677154223506489967051465312229307192580478162430899508017993608622311651", "price": "0.98", "size": "47.32", "side": "SELL", "hash": "4c2b7108ea217a854a60a90e364261010bd347aa", "best_bid": "0.26", "best_ask": "0.61"}], "timestamp": "1769384145706", "event_type": "price_change"}}
