{"_local_timestamp": "2026-01-25T23:41:14.248717+00:00", "data": [{"market": "0x98d14bbaa053d7c50c15509268b5360d1d05b2f42ec53f232ee90e346d45ac8e", "asset_id": "28615631552026686635601600960285484885125515679287237868871063118652626061896", "timestamp": "1769382484880", "hash": "2bb48d1f05a15fa73e71dd5deb3bc4f41f31a38b", "bids": [{"price": "0.01", "size": "1360"}, {"price": "0.02", "size": "415.11"}, {"price": "0.03", "size": "9.58"}], "asks": [{"price": "0.99", "size": "494.69"}, {"price": "0.98", "size": "550"}, {"price": "0.97", "size": "10.12"}, {"price": "0.95", "size": "13.5"}, {"price": "0.93", "size": "185.71"}, {"price": "0.9", "size": "110"}, {"price": "0.89", "size": "60.44"}, {"price": "0.88", "size": "50"}, {"price": "0.87", "size": "5.47"}, {"price": "0.07", "size": "5"}, {"price": "0.06", "size": "23.98"}], "event_type": "book", "last_trade_price": "0.050"}, {"market": "0x98d14bbaa053d7c50c15509268b5360d1d05b2f42ec53f232ee90e346d45ac8e", "asset_id": "69753848503715207412444709824263584221641895818056933078609676732623133731924", "timestamp": "1769382484880", "hash": "cdb078d0559fcf9a8763b8a8cd285fd2cb838573", "bids": [{"price": "0.01", "size": "494.69"}, {"price": "0.02", "size": "550"}, {"price": "0.03", "size": "10.12"}, {"price": "0.05", "size": "13.5"}, {"price": "0.07", "size": "185.71"}, {"price": "0.1", "size": "110"}, {"price": "0.11", "size": "60.44"}, {"price": "0.12", "size": "50"}, {"price": "0.13", "size": "5.47"}, {"price": "0.93", "size": "5"}, {"price": "0.94", "size": "23.98"}], "asks": [{"price": "0.99", "size": "1360"}, {"price": "0.98", "size": "415.11"}, {"price": "0.97", "size": "9.58"}], "event_type": "book", "last_trade_price": "0.050"}]}
{"_local_timestamp": "2026-01-25T23:41:27.179518+00:00", "data": {"market": "0x98d14bbaa053d7c50c15509268b5360d1d05b2f42ec53f232ee90e346d45ac8e", "price_changes": [{"asset_id": "69753848503715207412444709824263584221641895818056933078609676732623133731924", "price": "0.02", "size": "400", "side": "BUY", "hash": "b19ab7586331a237f1baeb6a7b38486ce2ed3924", "best_bid": "0.94", "best_ask": "0.97"}, {"asset_id": "28615631552026686635601600960285484885125515679287237868871063118652626061896", "price": "0.98", "size": "400", "side": "SELL", "hash": "f6409a2c0e12f25fe0d93ac78d3907e2c850dfe1", "best_bid": "0.03", "best_ask": "0.06"}], "timestamp": "1769384487000", "event_type": "price_change"}}
{"_local_timestamp": "2026-01-25T23:41:27.255914+00:00", "data": {"market": "0x98d14bbaa053d7c50c15509268b5360d1d05b2f42ec53f232ee90e346d45ac8e", "price_changes": [{"asset_id": "28615631552026686635601600960285484885125515679287237868871063118652626061896", "price": "0.02", "size": "265.11", "side": "BUY", "hash": "279bd1047da7f86bea813762d96f4047cb51a962", "best_bid": "0.03", "best_ask": "0.06"}, {"asset_id": "69753848503715207412444709824263584221641895818056933078609676732623133731924", "price": "0.98", "size": "265.11", "side": "SELL", "hash": "63d4ed6c88bed372b532b95e50c7974b985d7b2c", "best_bid": "0.94", "best_ask": "0.97"}], "timestamp": "1769384487001", "event_type": "price_change"}}
{"_local_timestamp": "2026-01-25T23:41:33.930959+00:00", "data": {"market": "0x98d14bbaa053d7c50c15509268b5360d1d05b2f42ec53f232ee90e346d45ac8e", "price_changes": [{"asset_id": "69753848503715207412444709824263584221641895818056933078609676732623133731924", "price": "0.02", "size": "550", "side": "BUY", "hash": "e54e3931333fce76f8c9d0fadcd1043597d7810f", "best_bid": "0.94", "best_ask": "0.97"}, {"asset_id": "28615631552026686635601600960285484885125515679287237868871063118652626061896", "price": "0.98", "size": "550", "side": "SELL", "hash": "32fd4630fddf5bcbd2cbeb6cc3df22b48d584317", "best_bid": "0.03", "best_ask": "0.06"}], "timestamp": "1769384493764", "event_type": "price_change"}}
{"_local_timestamp": "2026-01-25T23:41:33.933703+00:00", "data": {"market": "0x98d14bbaa053d7c50c15509268b5360d1d05b2f42ec53f232ee90e346d45ac8e", "price_changes": [{"asset_id": "28615631552026686635601600960285484885125515679287237868871063118652626061896", "price": "0.02", "size": "415.11", "side": "BUY", "hash": "49ca167dda40d65652bd552a0e9cb8d00caea32f", "best_bid": "0.03", "best_ask": "0.06"}, {"asset_id": "69753848503715207412444709824263584221641895818056933078609676732623133731924", "price": "0.98", "size": "415.11", "side": "SELL", "hash": "baa75a7a7099f5adb1305680b8cf90d6a76ca64c", "best_bid": "0.94", "best_ask": "0.97"}], "timestamp": "1769384493766", "event_type": "price_change"}}
