{"_local_timestamp": "2026-01-25T23:34:02.339087+00:00", "data": [{"market": "0x6806c1d4f030a3c7f28aa9061d61174f46b6ca74d1f448e992f5a611a674ee09", "asset_id": "81351979440358239188677621656549371430194548969305480214830726048002091896608", "timestamp": "1769384006193", "hash": "583fd03ee6bdcce70a20aeff2b0a4001380de144", "bids": [{"price": "0.01", "size": "1281.77"}, {"price": "0.02", "size": "156.13"}, {"price": "0.03", "size": "5.98"}, {"price": "0.04", "size": "109"}, {"price": "0.05", "size": "12.2"}, {"price": "0.07", "size": "5.47"}, {"price": "0.08", "size": "50"}], "asks": [{"price": "0.99", "size": "588.24"}, {"price": "0.98", "size": "866.33"}, {"price": "0.95", "size": "75"}, {"price": "0.94", "size": "14.15"}, {"price": "0.32", "size": "50"}], "event_type": "book", "last_trade_price": ""}, {"market": "0x6806c1d4f030a3c7f28aa9061d61174f46b6ca74d1f448e992f5a611a674ee09", "asset_id": "69165276302712595919495677566834208157202516076292061316937865019194962532914", "timestamp": "1769384006193", "hash": "63df1bcebea574c8a3feac8a5d2d15f3d1d1c7c0", "bids": [{"price": "0.01", "size": "588.24"}, {"price": "0.02", "size": "866.33"}, {"price": "0.05", "size": "75"}, {"price": "0.06", "size": "14.15"}, {"price": "0.68", "size": "50"}], "asks": [{"price": "0.99", "size": "1281.77"}, {"price": "0.98", "size": "156.13"}, {"price": "0.97", "size": "5.98"}, {"price": "0.96", "size": "109"}, {"price": "0.95", "size": "12.2"}, {"price": "0.93", "size": "5.47"}, {"price": "0.92", "size": "50"}], "event_type": "book", "last_trade_price": ""}]}
{"_local_timestamp": "2026-01-25T23:34:03.463610+00:00", "data": {"market": "0x6806c1d4f030a3c7f28aa9061d61174f46b6ca74d1f448e992f5a611a674ee09", "price_changes": [{"asset_id": "69165276302712595919495677566834208157202516076292061316937865019194962532914", "price": "0.01", "size": "573", "side": "BUY", "hash": "963e95f5d09b0df549e928bf02d18e205ade7731", "best_bid": "0.68", "best_ask": "0.92"}, {"asset_id": "81351979440358239188677621656549371430194548969305480214830726048002091896608", "price": "0.99", "size": "573", "side": "SELL", "hash": "ff81db4d44eac5fc24f433a15eceff0bc0d0cca7", "best_bid": "0.08", "best_ask": "0.32"}], "timestamp": "1769384043394", "event_type": "price_change"}}
{"_local_timestamp": "2026-01-25T23:34:03.464699+00:00", "data": {"market": "0x6806c1d4f030a3c7f28aa9061d61174f46b6ca74d1f448e992f5a611a674ee09", "price_changes": [{"asset_id": "69165276302712595919495677566834208157202516076292061316937865019194962532914", "price": "0.02", "size": "855.25", "side": "BUY", "hash": "963e95f5d09b0df549e928bf02d18e205ade7731", "best_bid": "0.68", "best_ask": "0.92"}, {"asset_id": "81351979440358239188677621656549371430194548969305480214830726048002091896608", "price": "0.98", "size": "855.25", "side": "SELL", "hash": "ff81db4d44eac5fc24f433a15eceff0bc0d0cca7", "best_bid": "0.08", "best_ask": "0.32"}], "timestamp": "1769384043394", "event_type": "price_change"}}
{"_local_timestamp": "2026-01-25T23:34:04.787664+00:00", "data": {"market": "0x6806c1d4f030a3c7f28aa9061d61174f46b6ca74d1f448e992f5a611a674ee09", "price_changes": [{"asset_id": "69165276302712595919495677566834208157202516076292061316937865019194962532914", "price": "0.02", "size": "866.32", "side": "BUY", "hash": "87369fb2ceb6820d1926beba69752a9cd103895c", "best_bid": "0.68", "best_ask": "0.92"}, {"asset_id": "81351979440358239188677621656549371430194548969305480214830726048002091896608", "price": "0.98", "size": "866.32", "side": "SELL", "hash": "388a4b6256fcb454b71359dc8e578757178147fb", "best_bid": "0.08", "best_ask": "0.32"}], "timestamp": "1769384044715", "event_type": "price_change"}}
{"_local_timestamp": "2026-01-25T23:34:04.788017+00:00", "data": {"market": "0x6806c1d4f030a3c7f28aa9061d61174f46b6ca74d1f448e992f5a611a674ee09", "price_changes": [{"asset_id": "69165276302712595919495677566834208157202516076292061316937865019194962532914", "price": "0.01", "size": "588.26", "side": "BUY", "hash": "d07e312a4a15f3840bfbc1eb4cd2ddcf5bab08f5", "best_bid": "0.68", "best_ask": "0.92"}, {"asset_id": "81351979440358239188677621656549371430194548969305480214830726048002091896608", "price": "0.99", "size": "588.26", "side": "SELL", "hash": "b81234e098dfb6669630767e1467d5ed81760e4b", "best_bid": "0.08", "best_ask": "0.32"}], "timestamp": "1769384044716", "event_type": "price_change"}}
{"_local_timestamp": "2026-01-25T23:35:46.667154+00:00", "data": {"market": "0x6806c1d4f030a3c7f28aa9061d61174f46b6ca74d1f448e992f5a611a674ee09", "price_changes": [{"asset_id": "69165276302712595919495677566834208157202516076292061316937865019194962532914", "price": "0.01", "size": "573", "side": "BUY", "hash": "a998ba3a74b655a37daea5112f495be4bb313f2a", "best_bid": "0.68", "best_ask": "0.92"}, {"asset_id": "81351979440358239188677621656549371430194548969305480214830726048002091896608", "price": "0.99", "size": "573", "side": "SELL", "hash": "9ac6c9d13e10fad8dc803f6d8d5b5c0ac0307ed3", "best_bid": "0.08", "best_ask": "0.32"}], "timestamp": "1769384146601", "event_type": "price_change"}}
{"_local_timestamp": "2026-01-25T23:35:46.668032+00:00", "data": {"market": "0x6806c1d4f030a3c7f28aa9061d61174f46b6ca74d1f448e992f5a611a674ee09", "price_changes": [{"asset_id": "69165276302712595919495677566834208157202516076292061316937865019194962532914", "price": "0.02", "size": "855.25", "side": "BUY", "hash": "a998ba3a74b655a37daea5112f495be4bb313f2a", "best_bid": "0.68", "best_ask": "0.92"}, {"asset_id": "81351979440358239188677621656549371430194548969305480214830726048002091896608", "price": "0.98", "size": "855.25", "side": "SELL", "hash": "9ac6c9d13e10fad8dc803f6d8d5b5c0ac0307ed3", "best_bid": "0.08", "best_ask": "0.32"}], "timestamp": "1769384146601", "event_type": "price_change"}}
{"_local_timestamp": "2026-01-25T23:35:47.710273+00:00", "data": {"market": "0x6806c1d4f030a3c7f28aa9061d61174f46b6ca74d1f448e992f5a611a674ee09", "price_changes": [{"asset_id": "69165276302712595919495677566834208157202516076292061316937865019194962532914", "price": "0.02", "size": "866.32", "side": "BUY", "hash": "850ef7572b16ffbb86b7e95e277ad2a4a10c30b1", "best_bid": "0.68", "best_ask": "0.92"}, {"asset_id": "81351979440358239188677621656549371430194548969305480214830726048002091896608", "price": "0.98", "size": "866.32", "side": "SELL", "hash": "86993d209b1dd40f6180108dda3cda940273f26b", "best_bid": "0.08", "best_ask": "0.32"}], "timestamp": "1769384147645", "event_type": "price_change"}}
{"_local_timestamp": "2026-01-25T23:35:47.723196+00:00", "data": {"market": "0x6806c1d4f030a3c7f28aa9061d61174f46b6ca74d1f448e992f5a611a674ee09", "price_changes": [{"asset_id": "69165276302712595919495677566834208157202516076292061316937865019194962532914", "price": "0.01", "size": "588.26", "side": "BUY", "hash": "f0b28084bb2fbde791e20dae82ef293e901248e4", "best_bid": "0.68", "best_ask": "0.92"}, {"asset_id": "81351979440358239188677621656549371430194548969305480214830726048002091896608", "price": "0.99", "size": "588.26", "side": "SELL", "hash": "f5810f9709227f248ce512eefba0cc9d7c921d1a", "best_bid": "0.08", "best_ask": "0.32"}], "timestamp": "1769384147646", "event_type": "price_change"}}
{"_local_timestamp": "2026-01-25T23:35:49.399762+00:00", "data": {"market": "0x6806c1d4f030a3c7f28aa9061d61174f46b6ca74d1f448e992f5a611a674ee09", "price_changes": [{"asset_id": "81351979440358239188677621656549371430194548969305480214830726048002091896608", "price": "0.05", "size": "0", "side": "BUY", "hash": "cfb3275eb1e5dd8d4156c331d4b51355894a9890", "best_bid": "0.08", "best_ask": "0.32"}, {"asset_id": "69165276302712595919495677566834208157202516076292061316937865019194962532914", "price": "0.95", "size": "0", "side": "SELL", "hash": "93403ad24c0947886f4e1cdd61edd1a627bcf5e4", "best_bid": "0.68", "best_ask": "0.92"}], "timestamp": "1769384149332", "event_type": "price_change"}}
{"_local_timestamp": "2026-01-25T23:35:51.975900+00:00", "data": {"market": "0x6806c1d4f030a3c7f28aa9061d61174f46b6ca74d1f448e992f5a611a674ee09", "price_changes": [{"asset_id": "81351979440358239188677621656549371430194548969305480214830726048002091896608", "price": "0.06", "size": "7.1", "side": "BUY", "hash": "1cda02c503a23aafce15ec7655fb43aa937cc8da", "best_bid": "0.08", "best_ask": "0.32"}, {"asset_id": "69165276302712595919495677566834208157202516076292061316937865019194962532914", "price": "0.94", "size": "7.1", "side": "SELL", "hash": "7e84bf625ce3f7821d2e9778f6715b570c3f127c", "best_bid": "0.68", "best_ask": "0.92"}], "timestamp": "1769384151903", "event_type": "price_change"}}
{"_local_timestamp": "2026-01-25T23:35:51.983800+00:00", "data": {"market": "0x6806c1d4f030a3c7f28aa9061d61174f46b6ca74d1f448e992f5a611a674ee09", "price_changes": [{"asset_id": "81351979440358239188677621656549371430194548969305480214830726048002091896608", "price": "0.03", "size": "12.11", "side": "BUY", "hash": "d3d72a90dfbd1127964ec0917c917cf2ef23cb21", "best_bid": "0.08", "best_ask": "0.32"}, {"asset_id": "69165276302712595919495677566834208157202516076292061316937865019194962532914", "price": "0.97", "size": "12.11", "side": "SELL", "hash": "91e2e9ae189e2c22b928c67341c875b6f401d911", "best_bid": "0.68", "best_ask": "0.92"}], "timestamp": "1769384151904", "event_type": "price_change"}}
{"_local_timestamp": "2026-01-25T23:37:12.096237+00:00", "data": {"market": "0x6806c1d4f030a3c7f28aa9061d61174f46b6ca74d1f448e992f5a611a674ee09", "price_changes": [{"asset_id": "81351979440358239188677621656549371430194548969305480214830726048002091896608", "price": "0.08", "size": "0", "side": "BUY", "hash": "85764a498faf79dca50150fc793a769e69f1a6b6", "best_bid": "0.07", "best_ask": "0.32"}, {"asset_id": "69165276302712595919495677566834208157202516076292061316937865019194962532914", "price": "0.92", "size": "0", "side": "SELL", "hash": "51a734274c48a1b745c040deed6aa14e6b1b6195", "best_bid": "0.68", "best_ask": "0.93"}], "timestamp": "1769384232001", "event_type": "price_change"}}
{"_local_timestamp": "2026-01-25T23:37:12.099672+00:00", "data": {"market": "0x6806c1d4f030a3c7f28aa9061d61174f46b6ca74d1f448e992f5a611a674ee09", "price_changes": [{"asset_id": "69165276302712595919495677566834208157202516076292061316937865019194962532914", "price": "0.68", "size": "0", "side": "BUY", "hash": "28b9fd788981995afbbe715d8aef07cf88413f0a", "best_bid": "0.06", "best_ask": "0.93"}, {"asset_id": "81351979440358239188677621656549371430194548969305480214830726048002091896608", "price": "0.32", "size": "0", "side": "SELL", "hash": "220250878ac02f315865ddc59c9d85498f7e2a89", "best_bid": "0.07", "best_ask": "0.94"}], "timestamp": "1769384232004", "event_type": "price_change"}}
{"_local_timestamp": "2026-01-25T23:38:33.619629+00:00", "data": {"market": "0x6806c1d4f030a3c7f28aa9061d61174f46b6ca74d1f448e992f5a611a674ee09", "price_changes": [{"asset_id": "69165276302712595919495677566834208157202516076292061316937865019194962532914", "price": "0.68", "size": "50", "side": "BUY", "hash": "377b2d23e0e4fb128b200687d7af249b1d3d2cbf", "best_bid": "0.68", "best_ask": "0.93"}, {"asset_id": "81351979440358239188677621656549371430194548969305480214830726048002091896608", "price": "0.32", "size": "50", "side": "SELL", "hash": "0849106d39a9b25045deb2560a277a82223075ec", "best_bid": "0.07", "best_ask": "0.32"}], "timestamp": "1769384313546", "event_type": "price_change"}}
{"_local_timestamp": "2026-01-25T23:38:39.077123+00:00", "data": {"market": "0x6806c1d4f030a3c7f28aa9061d61174f46b6ca74d1f448e992f5a611a674ee09", "price_changes": [{"asset_id": "81351979440358239188677621656549371430194548969305480214830726048002091896608", "price": "0.02", "size": "6.13", "side": "BUY", "hash": "8e5dc0a43279e1ef7447360edae8273971a179aa", "best_bid": "0.07", "best_ask": "0.32"}, {"asset_id": "69165276302712595919495677566834208157202516076292061316937865019194962532914", "price": "0.98", "size": "6.13", "side": "SELL", "hash": "c682e1837ccc143de45861bcab3167ac70ffb647", "best_bid": "0.68", "best_ask": "0.93"}], "timestamp": "1769384319000", "event_type": "price_change"}}
{"_local_timestamp": "2026-01-25T23:38:39.092527+00:00", "data": {"market": "0x6806c1d4f030a3c7f28aa9061d61174f46b6ca74d1f448e992f5a611a674ee09", "price_changes": [{"asset_id": "69165276302712595919495677566834208157202516076292061316937865019194962532914", "price": "0.02", "size": "716.32", "side": "BUY", "hash": "7c90322bdfa2220d1e6b99aed6d0924e945a98eb", "best_bid": "0.68", "best_ask": "0.93"}, {"asset_id": "81351979440358239188677621656549371430194548969305480214830726048002091896608", "price": "0.98", "size": "716.32", "side": "SELL", "hash": "abdf7a1bf7e80cabc0bf064d6966286c06bd1d42", "best_bid": "0.07", "best_ask": "0.32"}], "timestamp": "1769384319001", "event_type": "price_change"}}
{"_local_timestamp": "2026-01-25T23:38:44.551491+00:00", "data": {"market": "0x6806c1d4f030a3c7f28aa9061d61174f46b6ca74d1f448e992f5a611a674ee09", "price_changes": [{"asset_id": "69165276302712595919495677566834208157202516076292061316937865019194962532914", "price": "0.02", "size": "866.32", "side": "BUY", "hash": "81de0324113bae350d0117465f715e4bfeb9d409", "best_bid": "0.68", "best_ask": "0.93"}, {"asset_id": "81351979440358239188677621656549371430194548969305480214830726048002091896608", "price": "0.98", "size": "866.32", "side": "SELL", "hash": "1e4d5ae62dd940e0da5278ceae356644467497a7", "best_bid": "0.07", "best_ask": "0.32"}], "timestamp": "1769384324481", "event_type": "price_change"}}
{"_local_timestamp": "2026-01-25T23:38:44.551889+00:00", "data": {"market": "0x6806c1d4f030a3c7f28aa9061d61174f46b6ca74d1f448e992f5a611a674ee09", "price_changes": [{"asset_id": "81351979440358239188677621656549371430194548969305480214830726048002091896608", "price": "0.02", "size": "156.13", "side": "BUY", "hash": "c761d5bae55476b493cace515ff85a6430ff5c11", "best_bid": "0.07", "best_ask": "0.32"}, {"asset_id": "69165276302712595919495677566834208157202516076292061316937865019194962532914", "price": "0.98", "size": "156.13", "side": "SELL", "hash": "fbddc73b0bbe21b9cb7a12e320cb81aae4d653bb", "best_bid": "0.68", "best_ask": "0.93"}], "timestamp": "1769384324482", "event_type": "price_change"}}
{"_local_timestamp": "2026-01-25T23:38:56.423285+00:00", "data": {"market": "0x6806c1d4f030a3c7f28aa9061d61174f46b6ca74d1f448e992f5a611a674ee09", "price_changes": [{"asset_id": "81351979440358239188677621656549371430194548969305480214830726048002091896608", "price": "0.08", "size": "50", "side": "BUY", "hash": "4da57fbd9ae553205d96c646830bf4711a5d1ebe", "best_bid": "0.08", "best_ask": "0.32"}, {"asset_id": "69165276302712595919495677566834208157202516076292061316937865019194962532914", "price": "0.92", "size": "50", "side": "SELL", "hash": "533d10b41dde887930fdc074f9c6fb3ee27075b1", "best_bid": "0.68", "best_ask": "0.92"}], "timestamp": "1769384336348", "event_type": "price_change"}}
