{"_local_timestamp": "2026-01-25T23:33:55.057638+00:00", "data": [{"market": "0x889818d306dfdf2411bd4635f57d6e045ecc16cd5a7ed65e70d9d1aff15cb205", "asset_id": "88974018596292149808429781178652275726321690424741016969103219910461493638995", "timestamp": "1769383589404", "hash": "30252b650677abc7dce57ac01e7a064d112ef9f3", "bids": [{"price": "0.001", "size": "1000"}, {"price": "0.923", "size": "9.86"}, {"price": "0.924", "size": "18.41"}, {"price": "0.925", "size": "32"}], "asks": [], "event_type": "book", "last_trade_price": "0.075"}, {"market": "0x889818d306dfdf2411bd4635f57d6e045ecc16cd5a7ed65e70d9d1aff15cb205", "asset_id": "39897325357078737066187771434610669644965963106025070943483748059770650153056", "timestamp": "1769383589404", "hash": "e8ffa46a561690df509b824354cd90c782964460", "bids": [], "asks": [{"price": "0.999", "size": "1000"}, {"price": "0.077", "size": "9.86"}, {"price": "0.076", "size": "18.41"}, {"price": "0.075", "size": "32"}], "event_type": "book", "last_trade_price": "0.075"}]}
{"_local_timestamp": "2026-01-25T23:34:17.832853+00:00", "data": {"market": "0x889818d306dfdf2411bd4635f57d6e045ecc16cd5a7ed65e70d9d1aff15cb205", "price_changes": [{"asset_id": "88974018596292149808429781178652275726321690424741016969103219910461493638995", "price": "0.001", "size": "0", "side": "BUY", "hash": "a7a753ccacaa287ac8609e158c4799713115cc12", "best_bid": "0.925", "best_ask": "1"}, {"asset_id": "39897325357078737066187771434610669644965963106025070943483748059770650153056", "price": "0.999", "size": "0", "side": "SELL", "hash": "e6a4526eb539c56c7ea0aa51a3158a2db36ad9f3", "best_bid": "0", "best_ask": "0.075"}], "timestamp": "1769384057757", "event_type": "price_change"}}
{"_local_timestamp": "2026-01-25T23:34:37.972355+00:00", "data": {"market": "0x889818d306dfdf2411bd4635f57d6e045ecc16cd5a7ed65e70d9d1aff15cb205", "price_changes": [{"asset_id": "39897325357078737066187771434610669644965963106025070943483748059770650153056", "price": "0.077", "size": "0", "side": "SELL", "hash": "ba71129e3a8cb30f33596a8d11434bf8179b02d1", "best_bid": "0", "best_ask": "0.075"}, {"asset_id": "88974018596292149808429781178652275726321690424741016969103219910461493638995", "price": "0.923", "size": "0", "side": "BUY", "hash": "df057d6f1d885755bf53a0f08138c9796713a4b6", "best_bid": "0.925", "best_ask": "1"}], "timestamp": "1769384077900", "event_type": "price_change"}}
{"_local_timestamp": "2026-01-25T23:34:39.582094+00:00", "data": {"market": "0x889818d306dfdf2411bd4635f57d6e045ecc16cd5a7ed65e70d9d1aff15cb205", "price_changes": [{"asset_id": "39897325357078737066187771434610669644965963106025070943483748059770650153056", "price": "0.076", "size": "0", "side": "SELL", "hash": "4e703aa66d0cc3930693c1f66463a3a14f102357", "best_bid": "0", "best_ask": "0.075"}, {"asset_id": "88974018596292149808429781178652275726321690424741016969103219910461493638995", "price": "0.924", "size": "0", "side": "BUY", "hash": "5cc03f2a6d765373cb6628fbb6124f5b38dd673c", "best_bid": "0.925", "best_ask": "1"}], "timestamp": "1769384079514", "event_type": "price_change"}}
{"_local_timestamp": "2026-01-25T23:34:39.635064+00:00", "data": {"market": "0x889818d306dfdf2411bd4635f57d6e045ecc16cd5a7ed65e70d9d1aff15cb205", "price_changes": [{"asset_id": "39897325357078737066187771434610669644965963106025070943483748059770650153056", "price": "0.999", "size": "18.41", "side": "SELL", "hash": "cbfa734513c2a4c045c89e028543955ae7caa7cb", "best_bid": "0", "best_ask": "0.075"}, {"asset_id": "88974018596292149808429781178652275726321690424741016969103219910461493638995", "price": "0.001", "size": "18.41", "side": "BUY", "hash": "b90e892037f975fa4640836db0092d16c1a92ca8", "best_bid": "0.925", "best_ask": "1"}], "timestamp": "1769384079570", "event_type": "price_change"}}
{"_local_timestamp": "2026-01-25T23:34:40.526797+00:00", "data": {"market": "0x889818d306dfdf2411bd4635f57d6e045ecc16cd5a7ed65e70d9d1aff15cb205", "price_changes": [{"asset_id": "39897325357078737066187771434610669644965963106025070943483748059770650153056", "price": "0.074", "size": "9.86", "side": "SELL", "hash": "03481dde7226ea469949542250085b169e4132bf", "best_bid": "0", "best_ask": "0.074"}, {"asset_id": "88974018596292149808429781178652275726321690424741016969103219910461493638995", "price": "0.926", "size": "9.86", "side": "BUY", "hash": "35d388a361a4b812b82fdd2b80c22db9118a76c1", "best_bid": "0.926", "best_ask": "1"}], "timestamp": "1769384080330", "event_type": "price_change"}}
{"_local_timestamp": "2026-01-25T23:34:40.530846+00:00", "data": {"market": "0x889818d306dfdf2411bd4635f57d6e045ecc16cd5a7ed65e70d9d1aff15cb205", "price_changes": [{"asset_id": "39897325357078737066187771434610669644965963106025070943483748059770650153056", "price": "0.075", "size": "0", "side": "SELL", "hash": "5e0e34175a470b4cef1ab8998b84a9af85a60c3d", "best_bid": "0", "best_ask": "0.074"}, {"asset_id": "88974018596292149808429781178652275726321690424741016969103219910461493638995", "price": "0.925", "size": "0", "side": "BUY", "hash": "39aa3dec6384d7485723652514d0598b0498feb7", "best_bid": "0.926", "best_ask": "1"}], "timestamp": "1769384080337", "event_type": "price_change"}}
{"_local_timestamp": "2026-01-25T23:34:40.573772+00:00", "data": {"market": "0x889818d306dfdf2411bd4635f57d6e045ecc16cd5a7ed65e70d9d1aff15cb205", "price_changes": [{"asset_id": "39897325357078737066187771434610669644965963106025070943483748059770650153056", "price": "0.998", "size": "32", "side": "SELL", "hash": "4da2ab6927cf1769e4dfdf306a381635e302ab18", "best_bid": "0", "best_ask": "0.074"}, {"asset_id": "88974018596292149808429781178652275726321690424741016969103219910461493638995", "price": "0.002", "size": "32", "side": "BUY", "hash": "2802f37583d163484750b53179ac2f2222ad0ba8", "best_bid": "0.926", "best_ask": "1"}], "timestamp": "1769384080370", "event_type": "price_change"}}
{"_local_timestamp": "2026-01-25T23:34:41.001787+00:00", "data": {"market": "0x889818d306dfdf2411bd4635f57d6e045ecc16cd5a7ed65e70d9d1aff15cb205", "price_changes": [{"asset_id": "39897325357078737066187771434610669644965963106025070943483748059770650153056", "price": "0.999", "size": "0", "side": "SELL", "hash": "84b5eba08b3631457b28688e2b47ab300024bffa", "best_bid": "0", "best_ask": "0.074"}, {"asset_id": "88974018596292149808429781178652275726321690424741016969103219910461493638995", "price": "0.001", "size": "0", "side": "BUY", "hash": "387039a803402cdc1e221d94eba19a61ede36368", "best_bid": "0.926", "best_ask": "1"}], "timestamp": "1769384080926", "event_type": "price_change"}}
{"_local_timestamp": "2026-01-25T23:34:41.042151+00:00", "data": {"market": "0x889818d306dfdf2411bd4635f57d6e045ecc16cd5a7ed65e70d9d1aff15cb205", "price_changes": [{"asset_id": "39897325357078737066187771434610669644965963106025070943483748059770650153056", "price": "0.997", "size": "18.41", "side": "SELL", "hash": "1f37d2c401f2e0d4248e850a1f8dd648fad2dbcb", "best_bid": "0", "best_ask": "0.074"}, {"asset_id": "88974018596292149808429781178652275726321690424741016969103219910461493638995", "price": "0.003", "size": "18.41", "side": "BUY", "hash": "1d074224c8182ed2e4cc18f4c1afe30768d9db2f", "best_bid": "0.926", "best_ask": "1"}], "timestamp": "1769384080975", "event_type": "price_change"}}
{"_local_timestamp": "2026-01-25T23:34:41.664981+00:00", "data": {"market": "0x889818d306dfdf2411bd4635f57d6e045ecc16cd5a7ed65e70d9d1aff15cb205", "price_changes": [{"asset_id": "39897325357078737066187771434610669644965963106025070943483748059770650153056", "price": "0.998", "size": "0", "side": "SELL", "hash": "8f0487222e702847a8a643d6094debe4b5cfc3eb", "best_bid": "0", "best_ask": "0.074"}, {"asset_id": "88974018596292149808429781178652275726321690424741016969103219910461493638995", "price": "0.002", "size": "0", "side": "BUY", "hash": "7ac9deb3d7a36e599bcb014220c46f42e3839672", "best_bid": "0.926", "best_ask": "1"}], "timestamp": "1769384081599", "event_type": "price_change"}}
{"_local_timestamp": "2026-01-25T23:34:41.695178+00:00", "data": {"market": "0x889818d306dfdf2411bd4635f57d6e045ecc16cd5a7ed65e70d9d1aff15cb205", "price_changes": [{"asset_id": "39897325357078737066187771434610669644965963106025070943483748059770650153056", "price": "0.996", "size": "32", "side": "SELL", "hash": "3958c3bdb9105493f66f939072c863a07aee3538", "best_bid": "0", "best_ask": "0.074"}, {"asset_id": "88974018596292149808429781178652275726321690424741016969103219910461493638995", "price": "0.004", "size": "32", "side": "BUY", "hash": "7dc8d8ab8f41164cb5753f2c17a452ebb1a3dd1b", "best_bid": "0.926", "best_ask": "1"}], "timestamp": "1769384081631", "event_type": "price_change"}}
{"_local_timestamp": "2026-01-25T23:34:43.969880+00:00", "data": {"market": "0x889818d306dfdf2411bd4635f57d6e045ecc16cd5a7ed65e70d9d1aff15cb205", "price_changes": [{"asset_id": "39897325357078737066187771434610669644965963106025070943483748059770650153056", "price": "0.997", "size": "0", "side": "SELL", "hash": "7e52bf713f7de6a83ed48bedb180e638dfbc3a89", "best_bid": "0", "best_ask": "0.074"}, {"asset_id": "88974018596292149808429781178652275726321690424741016969103219910461493638995", "price": "0.003", "size": "0", "side": "BUY", "hash": "2b287d7cb9e7bf41a44d14ebb8837b1f56b6156b", "best_bid": "0.926", "best_ask": "1"}], "timestamp": "1769384083901", "event_type": "price_change"}}
{"_local_timestamp": "2026-01-25T23:34:44.021265+00:00", "data": {"market": "0x889818d306dfdf2411bd4635f57d6e045ecc16cd5a7ed65e70d9d1aff15cb205", "price_changes": [{"asset_id": "39897325357078737066187771434610669644965963106025070943483748059770650153056", "price": "0.995", "size": "18.41", "side": "SELL", "hash": "e97ef128d6438c358ca900877e90b9d4a6586655", "best_bid": "0", "best_ask": "0.074"}, {"asset_id": "88974018596292149808429781178652275726321690424741016969103219910461493638995", "price": "0.005", "size": "18.41", "side": "BUY", "hash": "1ad678b56c59e282ee0d6b2337252a6aba65620b", "best_bid": "0.926", "best_ask": "1"}], "timestamp": "1769384083957", "event_type": "price_change"}}
{"_local_timestamp": "2026-01-25T23:34:44.176466+00:00", "data": {"market": "0x889818d306dfdf2411bd4635f57d6e045ecc16cd5a7ed65e70d9d1aff15cb205", "price_changes": [{"asset_id": "39897325357078737066187771434610669644965963106025070943483748059770650153056", "price": "0.996", "size": "0", "side": "SELL", "hash": "9f93c804e6765354c86ad4b2fa7e589008cc9632", "best_bid": "0", "best_ask": "0.074"}, {"asset_id": "88974018596292149808429781178652275726321690424741016969103219910461493638995", "price": "0.004", "size": "0", "side": "BUY", "hash": "ac4662dcad9019848cad49ca2261d9e315349f14", "best_bid": "0.926", "best_ask": "1"}], "timestamp": "1769384084106", "event_type": "price_change"}}
{"_local_timestamp": "2026-01-25T23:34:44.201739+00:00", "data": {"market": "0x889818d306dfdf2411bd4635f57d6e045ecc16cd5a7ed65e70d9d1aff15cb205", "price_changes": [{"asset_id": "39897325357078737066187771434610669644965963106025070943483748059770650153056", "price": "0.994", "size": "32", "side": "SELL", "hash": "63b0a48afb82e92e5a645a3f5f1a49cc7612708c", "best_bid": "0", "best_ask": "0.074"}, {"asset_id": "88974018596292149808429781178652275726321690424741016969103219910461493638995", "price": "0.006", "size": "32", "side": "BUY", "hash": "5323923b36b8a8f25387a57fd9fac5654d1fb3dd", "best_bid": "0.926", "best_ask": "1"}], "timestamp": "1769384084139", "event_type": "price_change"}}
{"_local_timestamp": "2026-01-25T23:34:45.489563+00:00", "data": {"market": "0x889818d306dfdf2411bd4635f57d6e045ecc16cd5a7ed65e70d9d1aff15cb205", "price_changes": [{"asset_id": "39897325357078737066187771434610669644965963106025070943483748059770650153056", "price": "0.995", "size": "0", "side": "SELL", "hash": "4297211036d89929d1108f1fa312f438fda0a103", "best_bid": "0", "best_ask": "0.074"}, {"asset_id": "88974018596292149808429781178652275726321690424741016969103219910461493638995", "price": "0.005", "size": "0", "side": "BUY", "hash": "7a3926b81c0f334abd090e9606c91559023079db", "best_bid": "0.926", "best_ask": "1"}], "timestamp": "1769384085420", "event_type": "price_change"}}
{"_local_timestamp": "2026-01-25T23:34:45.553056+00:00", "data": {"market": "0x889818d306dfdf2411bd4635f57d6e045ecc16cd5a7ed65e70d9d1aff15cb205", "price_changes": [{"asset_id": "39897325357078737066187771434610669644965963106025070943483748059770650153056", "price": "0.993", "size": "18.41", "side": "SELL", "hash": "b85ee3ff484a3e227a80f523acc2df4f9ef7d373", "best_bid": "0", "best_ask": "0.074"}, {"asset_id": "88974018596292149808429781178652275726321690424741016969103219910461493638995", "price": "0.007", "size": "18.41", "side": "BUY", "hash": "da43750f92e03e76229e344ddb73b41d4c04a030", "best_bid": "0.926", "best_ask": "1"}], "timestamp": "1769384085484", "event_type": "price_change"}}
{"_local_timestamp": "2026-01-25T23:34:46.512732+00:00", "data": {"market": "0x889818d306dfdf2411bd4635f57d6e045ecc16cd5a7ed65e70d9d1aff15cb205", "price_changes": [{"asset_id": "39897325357078737066187771434610669644965963106025070943483748059770650153056", "price": "0.994", "size": "0", "side": "SELL", "hash": "0c101a4e57b6e0f50d874baaf16e64677846675d", "best_bid": "0", "best_ask": "0.074"}, {"asset_id": "88974018596292149808429781178652275726321690424741016969103219910461493638995", "price": "0.006", "size": "0", "side": "BUY", "hash": "55b1213240af3d8443b50708a351b0ffd4dd1ac7", "best_bid": "0.926", "best_ask": "1"}], "timestamp": "1769384086449", "event_type": "price_change"}}
{"_local_timestamp": "2026-01-25T23:34:46.570148+00:00", "data": {"market": "0x889818d306dfdf2411bd4635f57d6e045ecc16cd5a7ed65e70d9d1aff15cb205", "price_changes": [{"asset_id": "39897325357078737066187771434610669644965963106025070943483748059770650153056", "price": "0.992", "size": "32", "side": "SELL", "hash": "f27192be1599956560ba477915f8a68ec9d58f11", "best_bid": "0", "best_ask": "0.074"}, {"asset_id": "88974018596292149808429781178652275726321690424741016969103219910461493638995", "price": "0.008", "size": "32", "side": "BUY", "hash": "2fb76d7f1b8a64168c997149d788c8eed6c96d5e", "best_bid": "0.926", "best_ask": "1"}], "timestamp": "1769384086490", "event_type": "price_change"}}
{"_local_timestamp": "2026-01-25T23:34:46.885436+00:00", "data": {"market": "0x889818d306dfdf2411bd4635f57d6e045ecc16cd5a7ed65e70d9d1aff15cb205", "price_changes": [{"asset_id": "39897325357078737066187771434610669644965963106025070943483748059770650153056", "price": "0.993", "size": "0", "side": "SELL", "hash": "940d2c05bb753afeaafcbdf04da18d25d4a0ec5a", "best_bid": "0", "best_ask": "0.074"}, {"asset_id": "88974018596292149808429781178652275726321690424741016969103219910461493638995", "price": "0.007", "size": "0", "side": "BUY", "hash": "ba7ea8ae96cbe4213d139a0a51c9a45e32936831", "best_bid": "0.926", "best_ask": "1"}], "timestamp": "1769384086822", "event_type": "price_change"}}
{"_local_timestamp": "2026-01-25T23:34:46.945084+00:00", "data": {"market": "0x889818d306dfdf2411bd4635f57d6e045ecc16cd5a7ed65e70d9d1aff15cb205", "price_changes": [{"asset_id": "39897325357078737066187771434610669644965963106025070943483748059770650153056", "price": "0.991", "size": "18.41", "side": "SELL", "hash": "c345dde6b57770d77fe72708e112e6a9110c1ce7", "best_bid": "0", "best_ask": "0.074"}, {"asset_id": "88974018596292149808429781178652275726321690424741016969103219910461493638995", "price": "0.009", "size": "18.41", "side": "BUY", "hash": "05d364c13b6730c4c6a098d89b9e2989c5f16ac5", "best_bid": "0.926", "best_ask": "1"}], "timestamp": "1769384086879", "event_type": "price_change"}}
{"_local_timestamp": "2026-01-25T23:34:47.804654+00:00", "data": {"market": "0x889818d306dfdf2411bd4635f57d6e045ecc16cd5a7ed65e70d9d1aff15cb205", "price_changes": [{"asset_id": "39897325357078737066187771434610669644965963106025070943483748059770650153056", "price": "0.992", "size": "0", "side": "SELL", "hash": "7e03e5536ac219db68bb1c7a5fa5bed6647c9275", "best_bid": "0", "best_ask": "0.074"}, {"asset_id": "88974018596292149808429781178652275726321690424741016969103219910461493638995", "price": "0.008", "size": "0", "side": "BUY", "hash": "f540234c14d924a597eb9d432f801511841fd0f0", "best_bid": "0.926", "best_ask": "1"}], "timestamp": "1769384087741", "event_type": "price_change"}}
{"_local_timestamp": "2026-01-25T23:34:47.849036+00:00", "data": {"market": "0x889818d306dfdf2411bd4635f57d6e045ecc16cd5a7ed65e70d9d1aff15cb205", "price_changes": [{"asset_id": "39897325357078737066187771434610669644965963106025070943483748059770650153056", "price": "0.99", "size": "32", "side": "SELL", "hash": "98af48271e4aeea5315150269bae5741634c2b82", "best_bid": "0", "best_ask": "0.074"}, {"asset_id": "88974018596292149808429781178652275726321690424741016969103219910461493638995", "price": "0.01", "size": "32", "side": "BUY", "hash": "6e975e2498248f283ee450a10ba3fe3f3324d0f5", "best_bid": "0.926", "best_ask": "1"}], "timestamp": "1769384087784", "event_type": "price_change"}}
{"_local_timestamp": "2026-01-25T23:34:48.305752+00:00", "data": {"market": "0x889818d306dfdf2411bd4635f57d6e045ecc16cd5a7ed65e70d9d1aff15cb205", "price_changes": [{"asset_id": "39897325357078737066187771434610669644965963106025070943483748059770650153056", "price": "0.991", "size": "0", "side": "SELL", "hash": "8f13364f21bb3d9ce98be8855f5cd0db5b9a3110", "best_bid": "0", "best_ask": "0.074"}, {"asset_id": "88974018596292149808429781178652275726321690424741016969103219910461493638995", "price": "0.009", "size": "0", "side": "BUY", "hash": "08ec98a2fed7180ba655909e370016bec7e06e14", "best_bid": "0.926", "best_ask": "1"}], "timestamp": "1769384088243", "event_type": "price_change"}}
{"_local_timestamp": "2026-01-25T23:34:48.363479+00:00", "data": {"market": "0x889818d306dfdf2411bd4635f57d6e045ecc16cd5a7ed65e70d9d1aff15cb205", "price_changes": [{"asset_id": "39897325357078737066187771434610669644965963106025070943483748059770650153056", "price": "0.989", "size": "18.41", "side": "SELL", "hash": "6bd6946ae0c885d36c13886bd4d85351613b4afd", "best_bid": "0", "best_ask": "0.074"}, {"asset_id": "88974018596292149808429781178652275726321690424741016969103219910461493638995", "price": "0.011", "size": "18.41", "side": "BUY", "hash": "cff9df4e2a91cfffd50816ba6555ac7655da59d3", "best_bid": "0.926", "best_ask": "1"}], "timestamp": "1769384088293", "event_type": "price_change"}}
{"_local_timestamp": "2026-01-25T23:34:48.928694+00:00", "data": {"market": "0x889818d306dfdf2411bd4635f57d6e045ecc16cd5a7ed65e70d9d1aff15cb205", "price_changes": [{"asset_id": "88974018596292149808429781178652275726321690424741016969103219910461493638995", "price": "0.009", "size": "28.44", "side": "BUY", "hash": "abd09c590b51581d167cae393cc3e3d935f2dca7", "best_bid": "0.926", "best_ask": "1"}, {"asset_id": "39897325357078737066187771434610669644965963106025070943483748059770650153056", "price": "0.991", "size": "28.44", "side": "SELL", "hash": "05f1cdf6cfe68edfb6297ab2f6c7fbd691b761e1", "best_bid": "0", "best_ask": "0.074"}], "timestamp": "1769384088864", "event_type": "price_change"}}
{"_local_timestamp": "2026-01-25T23:34:48.932757+00:00", "data": {"market": "0x889818d306dfdf2411bd4635f57d6e045ecc16cd5a7ed65e70d9d1aff15cb205", "price_changes": [{"asset_id": "88974018596292149808429781178652275726321690424741016969103219910461493638995", "price": "0.001", "size": "578.31", "side": "BUY", "hash": "1a41c854c0321d64e24b3b432517d21ba41a2389", "best_bid": "0.926", "best_ask": "1"}, {"asset_id": "39897325357078737066187771434610669644965963106025070943483748059770650153056", "price": "0.999", "size": "578.31", "side": "SELL", "hash": "bb492751138f7b5cb2c51cf945905d599039dd61", "best_bid": "0", "best_ask": "0.074"}], "timestamp": "1769384088867", "event_type": "price_change"}}
{"_local_timestamp": "2026-01-25T23:34:48.933089+00:00", "data": {"market": "0x889818d306dfdf2411bd4635f57d6e045ecc16cd5a7ed65e70d9d1aff15cb205", "price_changes": [{"asset_id": "88974018596292149808429781178652275726321690424741016969103219910461493638995", "price": "0.01", "size": "48.56", "side": "BUY", "hash": "8b8873bd5006f1a1d6cec20410d62c4c2b94f8d5", "best_bid": "0.926", "best_ask": "1"}, {"asset_id": "39897325357078737066187771434610669644965963106025070943483748059770650153056", "price": "0.99", "size": "48.56", "side": "SELL", "hash": "29ea8fd0748de592835251927b4e5ab95a1d276b", "best_bid": "0", "best_ask": "0.074"}], "timestamp": "1769384088871", "event_type": "price_change"}}
{"_local_timestamp": "2026-01-25T23:34:48.975073+00:00", "data": {"market": "0x889818d306dfdf2411bd4635f57d6e045ecc16cd5a7ed65e70d9d1aff15cb205", "price_changes": [{"asset_id": "39897325357078737066187771434610669644965963106025070943483748059770650153056", "price": "0.99", "size": "16.56", "side": "SELL", "hash": "0724e3e8d3b03e3ba5d406f8859e7fd004a6aab3", "best_bid": "0", "best_ask": "0.074"}, {"asset_id": "88974018596292149808429781178652275726321690424741016969103219910461493638995", "price": "0.01", "size": "16.56", "side": "BUY", "hash": "61718e8386c4d9376bd3289e6ae13405450bb0f6", "best_bid": "0.926", "best_ask": "1"}], "timestamp": "1769384088905", "event_type": "price_change"}}
{"_local_timestamp": "2026-01-25T23:34:49.009779+00:00", "data": {"market": "0x889818d306dfdf2411bd4635f57d6e045ecc16cd5a7ed65e70d9d1aff15cb205", "price_changes": [{"asset_id": "39897325357078737066187771434610669644965963106025070943483748059770650153056", "price": "0.988", "size": "32", "side": "SELL", "hash": "9f9765d1d8c7f512c34e5838193e2c2d4a14421f", "best_bid": "0", "best_ask": "0.074"}, {"asset_id": "88974018596292149808429781178652275726321690424741016969103219910461493638995", "price": "0.012", "size": "32", "side": "BUY", "hash": "2d8f72ac1fee89eb6b14b6fbc7ce7f8c0fafc83c", "best_bid": "0.926", "best_ask": "1"}], "timestamp": "1769384088943", "event_type": "price_change"}}
{"_local_timestamp": "2026-01-25T23:34:49.704602+00:00", "data": {"market": "0x889818d306dfdf2411bd4635f57d6e045ecc16cd5a7ed65e70d9d1aff15cb205", "price_changes": [{"asset_id": "39897325357078737066187771434610669644965963106025070943483748059770650153056", "price": "0.989", "size": "0", "side": "SELL", "hash": "1a484b64e0568c6c58e7bef2adb5eeabdbd727fe", "best_bid": "0", "best_ask": "0.074"}, {"asset_id": "88974018596292149808429781178652275726321690424741016969103219910461493638995", "price": "0.011", "size": "0", "side": "BUY", "hash": "df75b03255177348384b842714597d4a0c2fc405", "best_bid": "0.926", "best_ask": "1"}], "timestamp": "1769384089641", "event_type": "price_change"}}
{"_local_timestamp": "2026-01-25T23:34:49.767691+00:00", "data": {"market": "0x889818d306dfdf2411bd4635f57d6e045ecc16cd5a7ed65e70d9d1aff15cb205", "price_changes": [{"asset_id": "39897325357078737066187771434610669644965963106025070943483748059770650153056", "price": "0.987", "size": "18.41", "side": "SELL", "hash": "0e3282c79bf9e64e83088f7be19d443fac6b6f6a", "best_bid": "0", "best_ask": "0.074"}, {"asset_id": "88974018596292149808429781178652275726321690424741016969103219910461493638995", "price": "0.013", "size": "18.41", "side": "BUY", "hash": "af81560569031434ed7c912d7dc98d30441d5545", "best_bid": "0.926", "best_ask": "1"}], "timestamp": "1769384089697", "event_type": "price_change"}}
{"_local_timestamp": "2026-01-25T23:34:50.266248+00:00", "data": {"market": "0x889818d306dfdf2411bd4635f57d6e045ecc16cd5a7ed65e70d9d1aff15cb205", "price_changes": [{"asset_id": "39897325357078737066187771434610669644965963106025070943483748059770650153056", "price": "0.988", "size": "0", "side": "SELL", "hash": "f977d4ea3a5d48963b8d4f1e2096eeac9fca9a7b", "best_bid": "0", "best_ask": "0.074"}, {"asset_id": "88974018596292149808429781178652275726321690424741016969103219910461493638995", "price": "0.012", "size": "0", "side": "BUY", "hash": "6b75b97362de968b5afc4337e8215c63351ba4c9", "best_bid": "0.926", "best_ask": "1"}], "timestamp": "1769384090200", "event_type": "price_change"}}
{"_local_timestamp": "2026-01-25T23:34:50.294539+00:00", "data": {"market": "0x889818d306dfdf2411bd4635f57d6e045ecc16cd5a7ed65e70d9d1aff15cb205", "price_changes": [{"asset_id": "39897325357078737066187771434610669644965963106025070943483748059770650153056", "price": "0.986", "size": "32", "side": "SELL", "hash": "8033c25f59ecb0936cf8151a8db312b940e51f60", "best_bid": "0", "best_ask": "0.074"}, {"asset_id": "88974018596292149808429781178652275726321690424741016969103219910461493638995", "price": "0.014", "size": "32", "side": "BUY", "hash": "b71533d2023e9eb32cd32aaf61c0edcc864e9478", "best_bid": "0.926", "best_ask": "1"}], "timestamp": "1769384090231", "event_type": "price_change"}}
{"_local_timestamp": "2026-01-25T23:34:51.083142+00:00", "data": {"market": "0x889818d306dfdf2411bd4635f57d6e045ecc16cd5a7ed65e70d9d1aff15cb205", "price_changes": [{"asset_id": "39897325357078737066187771434610669644965963106025070943483748059770650153056", "price": "0.987", "size": "0", "side": "SELL", "hash": "85fde27f0e1b01584bc11b85a73e08ac2389cf29", "best_bid": "0", "best_ask": "0.074"}, {"asset_id": "88974018596292149808429781178652275726321690424741016969103219910461493638995", "price": "0.013", "size": "0", "side": "BUY", "hash": "8176eb31abf9f58ced8402a56658a99d867e98f9", "best_bid": "0.926", "best_ask": "1"}], "timestamp": "1769384091007", "event_type": "price_change"}}
{"_local_timestamp": "2026-01-25T23:34:51.129277+00:00", "data": {"market": "0x889818d306dfdf2411bd4635f57d6e045ecc16cd5a7ed65e70d9d1aff15cb205", "price_changes": [{"asset_id": "39897325357078737066187771434610669644965963106025070943483748059770650153056", "price": "0.985", "size": "18.41", "side": "SELL", "hash": "486e6f023540c4c8110596e4a052cd90c20b736a", "best_bid": "0", "best_ask": "0.074"}, {"asset_id": "88974018596292149808429781178652275726321690424741016969103219910461493638995", "price": "0.015", "size": "18.41", "side": "BUY", "hash": "6cb7967571ead01da3f6478ec90fb521389cc9a2", "best_bid": "0.926", "best_ask": "1"}], "timestamp": "1769384091059", "event_type": "price_change"}}
{"_local_timestamp": "2026-01-25T23:34:51.432789+00:00", "data": {"market": "0x889818d306dfdf2411bd4635f57d6e045ecc16cd5a7ed65e70d9d1aff15cb205", "price_changes": [{"asset_id": "39897325357078737066187771434610669644965963106025070943483748059770650153056", "price": "0.986", "size": "0", "side": "SELL", "hash": "07611855c98a0105b4c8d8380ae474f4453eebc6", "best_bid": "0", "best_ask": "0.074"}, {"asset_id": "88974018596292149808429781178652275726321690424741016969103219910461493638995", "price": "0.014", "size": "0", "side": "BUY", "hash": "c55465be88b0135075815f5bc80974d6a758c062", "best_bid": "0.926", "best_ask": "1"}], "timestamp": "1769384091368", "event_type": "price_change"}}
{"_local_timestamp": "2026-01-25T23:34:51.464760+00:00", "data": {"market": "0x889818d306dfdf2411bd4635f57d6e045ecc16cd5a7ed65e70d9d1aff15cb205", "price_changes": [{"asset_id": "39897325357078737066187771434610669644965963106025070943483748059770650153056", "price": "0.984", "size": "32", "side": "SELL", "hash": "d0a75f83cf48a50a82779c8a3b76d6726707e998", "best_bid": "0", "best_ask": "0.074"}, {"asset_id": "88974018596292149808429781178652275726321690424741016969103219910461493638995", "price": "0.016", "size": "32", "side": "BUY", "hash": "ff198a249cdb283781be5f39dc1f5e14120595e4", "best_bid": "0.926", "best_ask": "1"}], "timestamp": "1769384091402", "event_type": "price_change"}}
{"_local_timestamp": "2026-01-25T23:34:52.580496+00:00", "data": {"market": "0x889818d306dfdf2411bd4635f57d6e045ecc16cd5a7ed65e70d9d1aff15cb205", "price_changes": [{"asset_id": "39897325357078737066187771434610669644965963106025070943483748059770650153056", "price": "0.985", "size": "0", "side": "SELL", "hash": "738af291be0af7110b89612abd894c486cbf1397", "best_bid": "0", "best_ask": "0.074"}, {"asset_id": "88974018596292149808429781178652275726321690424741016969103219910461493638995", "price": "0.015", "size": "0", "side": "BUY", "hash": "a0f3b77604d25e157f007272658c11e2f35c17c3", "best_bid": "0.926", "best_ask": "1"}], "timestamp": "1769384092516", "event_type": "price_change"}}
{"_local_timestamp": "2026-01-25T23:34:52.630928+00:00", "data": {"market": "0x889818d306dfdf2411bd4635f57d6e045ecc16cd5a7ed65e70d9d1aff15cb205", "price_changes": [{"asset_id": "39897325357078737066187771434610669644965963106025070943483748059770650153056", "price": "0.983", "size": "18.41", "side": "SELL", "hash": "2ca5c5e2db6e071d123939ccc344037019aea903", "best_bid": "0", "best_ask": "0.074"}, {"asset_id": "88974018596292149808429781178652275726321690424741016969103219910461493638995", "price": "0.017", "size": "18.41", "side": "BUY", "hash": "7926f81d884c84429a03bc7957e389e8e62b94ab", "best_bid": "0.926", "best_ask": "1"}], "timestamp": "1769384092563", "event_type": "price_change"}}
{"_local_timestamp": "2026-01-25T23:34:52.756906+00:00", "data": {"market": "0x889818d306dfdf2411bd4635f57d6e045ecc16cd5a7ed65e70d9d1aff15cb205", "price_changes": [{"asset_id": "39897325357078737066187771434610669644965963106025070943483748059770650153056", "price": "0.984", "size": "0", "side": "SELL", "hash": "616dfacb6854a4915adcf00e6dadbf74ba2532e5", "best_bid": "0", "best_ask": "0.074"}, {"asset_id": "88974018596292149808429781178652275726321690424741016969103219910461493638995", "price": "0.016", "size": "0", "side": "BUY", "hash": "0fc003d5b64b74d7650486acfcf19f8769fcf5d6", "best_bid": "0.926", "best_ask": "1"}], "timestamp": "1769384092689", "event_type": "price_change"}}
{"_local_timestamp": "2026-01-25T23:34:52.794497+00:00", "data": {"market": "0x889818d306dfdf2411bd4635f57d6e045ecc16cd5a7ed65e70d9d1aff15cb205", "price_changes": [{"asset_id": "39897325357078737066187771434610669644965963106025070943483748059770650153056", "price": "0.982", "size": "32", "side": "SELL", "hash": "2f1344f1ab7a3de98d3f39756033152392210d2f", "best_bid": "0", "best_ask": "0.074"}, {"asset_id": "88974018596292149808429781178652275726321690424741016969103219910461493638995", "price": "0.018", "size": "32", "side": "BUY", "hash": "8baccea4dea0aa529564125c109b94ead675da2f", "best_bid": "0.926", "best_ask": "1"}], "timestamp": "1769384092727", "event_type": "price_change"}}
{"_local_timestamp": "2026-01-25T23:34:53.913237+00:00", "data": {"market": "0x889818d306dfdf2411bd4635f57d6e045ecc16cd5a7ed65e70d9d1aff15cb205", "price_changes": [{"asset_id": "39897325357078737066187771434610669644965963106025070943483748059770650153056", "price": "0.983", "size": "0", "side": "SELL", "hash": "c4d3bebc57fd5dfc48b08667665ed4c9f18ec421", "best_bid": "0", "best_ask": "0.074"}, {"asset_id": "88974018596292149808429781178652275726321690424741016969103219910461493638995", "price": "0.017", "size": "0", "side": "BUY", "hash": "20a5ab2a53b0dc2c1178da7b76f16d60836c2a59", "best_bid": "0.926", "best_ask": "1"}], "timestamp": "1769384093847", "event_type": "price_change"}}
{"_local_timestamp": "2026-01-25T23:34:53.969086+00:00", "data": {"market": "0x889818d306dfdf2411bd4635f57d6e045ecc16cd5a7ed65e70d9d1aff15cb205", "price_changes": [{"asset_id": "39897325357078737066187771434610669644965963106025070943483748059770650153056", "price": "0.981", "size": "18.41", "side": "SELL", "hash": "f2561da25e46004a844df01cd1a5dac3382d40c6", "best_bid": "0", "best_ask": "0.074"}, {"asset_id": "88974018596292149808429781178652275726321690424741016969103219910461493638995", "price": "0.019", "size": "18.41", "side": "BUY", "hash": "95cf42dca7af10cfaf8710403a6dc9f07df708a0", "best_bid": "0.926", "best_ask": "1"}], "timestamp": "1769384093901", "event_type": "price_change"}}
{"_local_timestamp": "2026-01-25T23:34:55.218263+00:00", "data": {"market": "0x889818d306dfdf2411bd4635f57d6e045ecc16cd5a7ed65e70d9d1aff15cb205", "price_changes": [{"asset_id": "39897325357078737066187771434610669644965963106025070943483748059770650153056", "price": "0.982", "size": "0", "side": "SELL", "hash": "f737a29fa5ecdfe570899f617f21284fc649a5a9", "best_bid": "0", "best_ask": "0.074"}, {"asset_id": "88974018596292149808429781178652275726321690424741016969103219910461493638995", "price": "0.018", "size": "0", "side": "BUY", "hash": "e84285960463f8ca0fc45f3df0b5ce3948ce7f05", "best_bid": "0.926", "best_ask": "1"}], "timestamp": "1769384095152", "event_type": "price_change"}}
{"_local_timestamp": "2026-01-25T23:34:55.298691+00:00", "data": {"market": "0x889818d306dfdf2411bd4635f57d6e045ecc16cd5a7ed65e70d9d1aff15cb205", "price_changes": [{"asset_id": "39897325357078737066187771434610669644965963106025070943483748059770650153056", "price": "0.98", "size": "32", "side": "SELL", "hash": "1820d704d0cacfe4818376bab8e320ebdf398ce9", "best_bid": "0", "best_ask": "0.074"}, {"asset_id": "88974018596292149808429781178652275726321690424741016969103219910461493638995", "price": "0.02", "size": "32", "side": "BUY", "hash": "654b72f9f32ef3e01b5591515edd6e2373725d33", "best_bid": "0.926", "best_ask": "1"}], "timestamp": "1769384095213", "event_type": "price_change"}}
{"_local_timestamp": "2026-01-25T23:34:55.432745+00:00", "data": {"market": "0x889818d306dfdf2411bd4635f57d6e045ecc16cd5a7ed65e70d9d1aff15cb205", "price_changes": [{"asset_id": "39897325357078737066187771434610669644965963106025070943483748059770650153056", "price": "0.981", "size": "0", "side": "SELL", "hash": "273952d1a9ff9368cd7ca03393451298b331405e", "best_bid": "0", "best_ask": "0.074"}, {"asset_id": "88974018596292149808429781178652275726321690424741016969103219910461493638995", "price": "0.019", "size": "0", "side": "BUY", "hash": "21da42e048175874641fcda662af1a7d960b26ea", "best_bid": "0.926", "best_ask": "1"}], "timestamp": "1769384095340", "event_type": "price_change"}}
{"_local_timestamp": "2026-01-25T23:34:55.472735+00:00", "data": {"market": "0x889818d306dfdf2411bd4635f57d6e045ecc16cd5a7ed65e70d9d1aff15cb205", "price_changes": [{"asset_id": "39897325357078737066187771434610669644965963106025070943483748059770650153056", "price": "0.989", "size": "18.41", "side": "SELL", "hash": "1dcd4d9facf18f61612fb1f174fde656c5798449", "best_bid": "0", "best_ask": "0.074"}, {"asset_id": "88974018596292149808429781178652275726321690424741016969103219910461493638995", "price": "0.011", "size": "18.41", "side": "BUY", "hash": "b92ac932dfd7dd619810a85c9de7d52b428a6d31", "best_bid": "0.926", "best_ask": "1"}], "timestamp": "1769384095402", "event_type": "price_change"}}
{"_local_timestamp": "2026-01-25T23:34:56.419373+00:00", "data": {"market": "0x889818d306dfdf2411bd4635f57d6e045ecc16cd5a7ed65e70d9d1aff15cb205", "price_changes": [{"asset_id": "39897325357078737066187771434610669644965963106025070943483748059770650153056", "price": "0.98", "size": "0", "side": "SELL", "hash": "8e52ddc73a6929b2d285778f7e99bd265147435e", "best_bid": "0", "best_ask": "0.074"}, {"asset_id": "88974018596292149808429781178652275726321690424741016969103219910461493638995", "price": "0.02", "size": "0", "side": "BUY", "hash": "601d9f5052887231d685d3b02c69c47ed192d3a4", "best_bid": "0.926", "best_ask": "1"}], "timestamp": "1769384096353", "event_type": "price_change"}}
{"_local_timestamp": "2026-01-25T23:34:56.458392+00:00", "data": {"market": "0x889818d306dfdf2411bd4635f57d6e045ecc16cd5a7ed65e70d9d1aff15cb205", "price_changes": [{"asset_id": "39897325357078737066187771434610669644965963106025070943483748059770650153056", "price": "0.988", "size": "32", "side": "SELL", "hash": "5810d36de92193a87840b4f90694f3e4d7b8d2c7", "best_bid": "0", "best_ask": "0.074"}, {"asset_id": "88974018596292149808429781178652275726321690424741016969103219910461493638995", "price": "0.012", "size": "32", "side": "BUY", "hash": "0d43a1207adf697fbc29dbf55d6def4e07af4af5", "best_bid": "0.926", "best_ask": "1"}], "timestamp": "1769384096389", "event_type": "price_change"}}
{"_local_timestamp": "2026-01-25T23:34:56.761260+00:00", "data": {"market": "0x889818d306dfdf2411bd4635f57d6e045ecc16cd5a7ed65e70d9d1aff15cb205", "price_changes": [{"asset_id": "39897325357078737066187771434610669644965963106025070943483748059770650153056", "price": "0.989", "size": "0", "side": "SELL", "hash": "ec22fcff16db9a141c26bac7144d3bb9d71359d1", "best_bid": "0", "best_ask": "0.074"}, {"asset_id": "88974018596292149808429781178652275726321690424741016969103219910461493638995", "price": "0.011", "size": "0", "side": "BUY", "hash": "2555471e055544695c975e45492fe129f26cdbe8", "best_bid": "0.926", "best_ask": "1"}], "timestamp": "1769384096693", "event_type": "price_change"}}
{"_local_timestamp": "2026-01-25T23:34:56.797235+00:00", "data": {"market": "0x889818d306dfdf2411bd4635f57d6e045ecc16cd5a7ed65e70d9d1aff15cb205", "price_changes": [{"asset_id": "39897325357078737066187771434610669644965963106025070943483748059770650153056", "price": "0.987", "size": "18.41", "side": "SELL", "hash": "6d9885193a2b0a337455477eb9f65ed83a0ed5d5", "best_bid": "0", "best_ask": "0.074"}, {"asset_id": "88974018596292149808429781178652275726321690424741016969103219910461493638995", "price": "0.013", "size": "18.41", "side": "BUY", "hash": "12a8bb82d4b2662773b8e17b3ccbe3291f3f925e", "best_bid": "0.926", "best_ask": "1"}], "timestamp": "1769384096734", "event_type": "price_change"}}
{"_local_timestamp": "2026-01-25T23:34:57.690712+00:00", "data": {"market": "0x889818d306dfdf2411bd4635f57d6e045ecc16cd5a7ed65e70d9d1aff15cb205", "price_changes": [{"asset_id": "39897325357078737066187771434610669644965963106025070943483748059770650153056", "price": "0.988", "size": "0", "side": "SELL", "hash": "0b6578fd2e4372c9e92961472cfa15344e808b23", "best_bid": "0", "best_ask": "0.074"}, {"asset_id": "88974018596292149808429781178652275726321690424741016969103219910461493638995", "price": "0.012", "size": "0", "side": "BUY", "hash": "906742964232b50e959c89e260392c88f79fda66", "best_bid": "0.926", "best_ask": "1"}], "timestamp": "1769384097621", "event_type": "price_change"}}
{"_local_timestamp": "2026-01-25T23:34:57.721262+00:00", "data": {"market": "0x889818d306dfdf2411bd4635f57d6e045ecc16cd5a7ed65e70d9d1aff15cb205", "price_changes": [{"asset_id": "39897325357078737066187771434610669644965963106025070943483748059770650153056", "price": "0.986", "size": "32", "side": "SELL", "hash": "c5f33fddd22c6929c0c0c477bf91b24bf87ada2e", "best_bid": "0", "best_ask": "0.074"}, {"asset_id": "88974018596292149808429781178652275726321690424741016969103219910461493638995", "price": "0.014", "size": "32", "side": "BUY", "hash": "2c95c096cad8562d415afb78b860b2a1740e7dbf", "best_bid": "0.926", "best_ask": "1"}], "timestamp": "1769384097648", "event_type": "price_change"}}
{"_local_timestamp": "2026-01-25T23:34:58.168698+00:00", "data": {"market": "0x889818d306dfdf2411bd4635f57d6e045ecc16cd5a7ed65e70d9d1aff15cb205", "price_changes": [{"asset_id": "39897325357078737066187771434610669644965963106025070943483748059770650153056", "price": "0.987", "size": "0", "side": "SELL", "hash": "429d3420efc2fad8a69a5831370b98d92a8a1278", "best_bid": "0", "best_ask": "0.074"}, {"asset_id": "88974018596292149808429781178652275726321690424741016969103219910461493638995", "price": "0.013", "size": "0", "side": "BUY", "hash": "53c332a8ad818de92717e29dbb04e07de6dc32c3", "best_bid": "0.926", "best_ask": "1"}], "timestamp": "1769384098104", "event_type": "price_change"}}
{"_local_timestamp": "2026-01-25T23:34:58.217223+00:00", "data": {"market": "0x889818d306dfdf2411bd4635f57d6e045ecc16cd5a7ed65e70d9d1aff15cb205", "price_changes": [{"asset_id": "39897325357078737066187771434610669644965963106025070943483748059770650153056", "price": "0.985", "size": "18.41", "side": "SELL", "hash": "e9a57dd4b794c53d4408fc8f5898bf6388f7d2c4", "best_bid": "0", "best_ask": "0.074"}, {"asset_id": "88974018596292149808429781178652275726321690424741016969103219910461493638995", "price": "0.015", "size": "18.41", "side": "BUY", "hash": "b857a23cbcdb3674701961d77b4ad840321888e8", "best_bid": "0.926", "best_ask": "1"}], "timestamp": "1769384098152", "event_type": "price_change"}}
{"_local_timestamp": "2026-01-25T23:34:58.828581+00:00", "data": {"market": "0x889818d306dfdf2411bd4635f57d6e045ecc16cd5a7ed65e70d9d1aff15cb205", "price_changes": [{"asset_id": "39897325357078737066187771434610669644965963106025070943483748059770650153056", "price": "0.986", "size": "0", "side": "SELL", "hash": "595bd55a3bea22c14e4fcdea92a23477e7c77338", "best_bid": "0", "best_ask": "0.074"}, {"asset_id": "88974018596292149808429781178652275726321690424741016969103219910461493638995", "price": "0.014", "size": "0", "side": "BUY", "hash": "37e84e5e7189901b056e304c46ad719df4dbb91c", "best_bid": "0.926", "best_ask": "1"}], "timestamp": "1769384098763", "event_type": "price_change"}}
{"_local_timestamp": "2026-01-25T23:34:58.874212+00:00", "data": {"market": "0x889818d306dfdf2411bd4635f57d6e045ecc16cd5a7ed65e70d9d1aff15cb205", "price_changes": [{"asset_id": "39897325357078737066187771434610669644965963106025070943483748059770650153056", "price": "0.984", "size": "32", "side": "SELL", "hash": "fa70c32f09d4c9f3337dceaccb00763ba259fa88", "best_bid": "0", "best_ask": "0.074"}, {"asset_id": "88974018596292149808429781178652275726321690424741016969103219910461493638995", "price": "0.016", "size": "32", "side": "BUY", "hash": "f875c942d5077689030b44ca64a035adaf35f12c", "best_bid": "0.926", "best_ask": "1"}], "timestamp": "1769384098807", "event_type": "price_change"}}
{"_local_timestamp": "2026-01-25T23:34:59.480635+00:00", "data": {"market": "0x889818d306dfdf2411bd4635f57d6e045ecc16cd5a7ed65e70d9d1aff15cb205", "price_changes": [{"asset_id": "39897325357078737066187771434610669644965963106025070943483748059770650153056", "price": "0.985", "size": "0", "side": "SELL", "hash": "febb1c2861459cf4131aed58ff3ecea5b15fc812", "best_bid": "0", "best_ask": "0.074"}, {"asset_id": "88974018596292149808429781178652275726321690424741016969103219910461493638995", "price": "0.015", "size": "0", "side": "BUY", "hash": "9a412696cc0f93744226bc9c2089c9598fbb2d06", "best_bid": "0.926", "best_ask": "1"}], "timestamp": "1769384099418", "event_type": "price_change"}}
{"_local_timestamp": "2026-01-25T23:34:59.544666+00:00", "data": {"market": "0x889818d306dfdf2411bd4635f57d6e045ecc16cd5a7ed65e70d9d1aff15cb205", "price_changes": [{"asset_id": "39897325357078737066187771434610669644965963106025070943483748059770650153056", "price": "0.983", "size": "18.41", "side": "SELL", "hash": "c4e1abe12d012f8e3d8ce9cfb6497194766c3383", "best_bid": "0", "best_ask": "0.074"}, {"asset_id": "88974018596292149808429781178652275726321690424741016969103219910461493638995", "price": "0.017", "size": "18.41", "side": "BUY", "hash": "69bb3acaa9275f651e7395f718641b802f42e699", "best_bid": "0.926", "best_ask": "1"}], "timestamp": "1769384099479", "event_type": "price_change"}}
{"_local_timestamp": "2026-01-25T23:35:00.035648+00:00", "data": {"market": "0x889818d306dfdf2411bd4635f57d6e045ecc16cd5a7ed65e70d9d1aff15cb205", "price_changes": [{"asset_id": "39897325357078737066187771434610669644965963106025070943483748059770650153056", "price": "0.984", "size": "0", "side": "SELL", "hash": "6843fd17c509fc9bad9e9e183b437e03879fb260", "best_bid": "0", "best_ask": "0.074"}, {"asset_id": "88974018596292149808429781178652275726321690424741016969103219910461493638995", "price": "0.016", "size": "0", "side": "BUY", "hash": "e59a8004a215e06c4badcbe0d073ce0caf2534eb", "best_bid": "0.926", "best_ask": "1"}], "timestamp": "1769384099966", "event_type": "price_change"}}
{"_local_timestamp": "2026-01-25T23:35:00.078191+00:00", "data": {"market": "0x889818d306dfdf2411bd4635f57d6e045ecc16cd5a7ed65e70d9d1aff15cb205", "price_changes": [{"asset_id": "39897325357078737066187771434610669644965963106025070943483748059770650153056", "price": "0.982", "size": "32", "side": "SELL", "hash": "a8f529f71566cc151da2055d69b3a1d6a71da63d", "best_bid": "0", "best_ask": "0.074"}, {"asset_id": "88974018596292149808429781178652275726321690424741016969103219910461493638995", "price": "0.018", "size": "32", "side": "BUY", "hash": "de2e13123b68cadc4374558458de95a22ae8698e", "best_bid": "0.926", "best_ask": "1"}], "timestamp": "1769384100008", "event_type": "price_change"}}
{"_local_timestamp": "2026-01-25T23:35:00.904873+00:00", "data": {"market": "0x889818d306dfdf2411bd4635f57d6e045ecc16cd5a7ed65e70d9d1aff15cb205", "price_changes": [{"asset_id": "39897325357078737066187771434610669644965963106025070943483748059770650153056", "price": "0.983", "size": "0", "side": "SELL", "hash": "e6d72114ff8d512e8765f1dfdd4fbe24a21c1fc7", "best_bid": "0", "best_ask": "0.074"}, {"asset_id": "88974018596292149808429781178652275726321690424741016969103219910461493638995", "price": "0.017", "size": "0", "side": "BUY", "hash": "8b2aadc453511f2700da9c7ac09c37319d35119e", "best_bid": "0.926", "best_ask": "1"}], "timestamp": "1769384100824", "event_type": "price_change"}}
{"_local_timestamp": "2026-01-25T23:35:00.990053+00:00", "data": {"market": "0x889818d306dfdf2411bd4635f57d6e045ecc16cd5a7ed65e70d9d1aff15cb205", "price_changes": [{"asset_id": "39897325357078737066187771434610669644965963106025070943483748059770650153056", "price": "0.981", "size": "18.41", "side": "SELL", "hash": "e218529f48a9101d96f64aff43e2bf3566c9c89b", "best_bid": "0", "best_ask": "0.074"}, {"asset_id": "88974018596292149808429781178652275726321690424741016969103219910461493638995", "price": "0.019", "size": "18.41", "side": "BUY", "hash": "be165a934060892afd6c179683857cd21859f262", "best_bid": "0.926", "best_ask": "1"}], "timestamp": "1769384100896", "event_type": "price_change"}}
{"_local_timestamp": "2026-01-25T23:35:01.262527+00:00", "data": {"market": "0x889818d306dfdf2411bd4635f57d6e045ecc16cd5a7ed65e70d9d1aff15cb205", "price_changes": [{"asset_id": "39897325357078737066187771434610669644965963106025070943483748059770650153056", "price": "0.982", "size": "0", "side": "SELL", "hash": "a7152f926828ba3b7142453d0bd712267bb9a72a", "best_bid": "0", "best_ask": "0.074"}, {"asset_id": "88974018596292149808429781178652275726321690424741016969103219910461493638995", "price": "0.018", "size": "0", "side": "BUY", "hash": "a0d833f05105fd4ddf769e03d610a47a87966104", "best_bid": "0.926", "best_ask": "1"}], "timestamp": "1769384101156", "event_type": "price_change"}}
{"_local_timestamp": "2026-01-25T23:35:01.284508+00:00", "data": {"market": "0x889818d306dfdf2411bd4635f57d6e045ecc16cd5a7ed65e70d9d1aff15cb205", "price_changes": [{"asset_id": "39897325357078737066187771434610669644965963106025070943483748059770650153056", "price": "0.98", "size": "32", "side": "SELL", "hash": "d56a6d6f56a52a5553fcc290c90153175e06ac12", "best_bid": "0", "best_ask": "0.074"}, {"asset_id": "88974018596292149808429781178652275726321690424741016969103219910461493638995", "price": "0.02", "size": "32", "side": "BUY", "hash": "7b20ebd8fd712c8909be0c562037454cfa3eceab", "best_bid": "0.926", "best_ask": "1"}], "timestamp": "1769384101185", "event_type": "price_change"}}
