{"_local_timestamp": "2026-01-25T23:33:35.627128+00:00", "data": [{"market": "0xfafedf6a8003be1c4abb47661608628276f0d8cce3b87f074230c690d2ae69aa", "asset_id": "114455683380102924057137737207666435143954157213080711087460619714345503526811", "timestamp": "1769384012752", "hash": "ad15b85bdc476a0c1f4c3291bbb970ebbb840b6f", "bids": [{"price": "0.001", "size": "100049"}, {"price": "0.002", "size": "55000"}, {"price": "0.008", "size": "155"}, {"price": "0.01", "size": "27008"}, {"price": "0.011", "size": "55710"}, {"price": "0.08", "size": "155"}, {"price": "0.097", "size": "100"}, {"price": "0.099", "size": "100"}, {"price": "0.1", "size": "3500"}, {"price": "0.101", "size": "10000"}, {"price": "0.47", "size": "100"}, {"price": "0.49", "size": "100"}, {"price": "0.497", "size": "200"}, {"price": "0.499", "size": "100"}, {"price": "0.5", "size": "176"}, {"price": "0.75", "size": "60"}, {"price": "0.767", "size": "60"}, {"price": "0.768", "size": "777"}, {"price": "0.769", "size": "60"}, {"price": "0.77", "size": "60"}, {"price": "0.771", "size": "53"}, {"price": "0.991", "size": "500"}, {"price": "0.999", "size": "113303.1"}], "asks": [], "event_type": "book", "last_trade_price": ""}, {"market": "0xfafedf6a8003be1c4abb47661608628276f0d8cce3b87f074230c690d2ae69aa", "asset_id": "75710603208292609548902531698291849680477448992766676672864409445170889585660", "timestamp": "1769384012752", "hash": "9258df581323f7ed08232896e2a99f4718d9a15b", "bids": [], "asks": [{"price": "0.999", "size": "100049"}, {"price": "0.998", "size": "55000"}, {"price": "0.992", "size": "155"}, {"price": "0.99", "size": "27008"}, {"price": "0.989", "size": "55710"}, {"price": "0.92", "size": "155"}, {"price": "0.903", "size": "100"}, {"price": "0.901", "size": "100"}, {"price": "0.9", "size": "3500"}, {"price": "0.899", "size": "10000"}, {"price": "0.53", "size": "100"}, {"price": "0.51", "size": "100"}, {"price": "0.503", "size": "200"}, {"price": "0.501", "size": "100"}, {"price": "0.5", "size": "176"}, {"price": "0.25", "size": "60"}, {"price": "0.233", "size": "60"}, {"price": "0.232", "size": "777"}, {"price": "0.231", "size": "60"}, {"price": "0.23", "size": "60"}, {"price": "0.229", "size": "53"}, {"price": "0.009", "size": "500"}, {"price": "0.001", "size": "113303.1"}], "event_type": "book", "last_trade_price": ""}]}
{"_local_timestamp": "2026-01-25T23:33:45.911680+00:00", "data": {"market": "0xfafedf6a8003be1c4abb47661608628276f0d8cce3b87f074230c690d2ae69aa", "price_changes": [{"asset_id": "114455683380102924057137737207666435143954157213080711087460619714345503526811", "price": "0.999", "size": "100005.1", "side": "BUY", "hash": "6c4f45bd7888ae04995cb36aad0fae3c6993fbc5", "best_bid": "0.999", "best_ask": "1"}, {"asset_id": "75710603208292609548902531698291849680477448992766676672864409445170889585660", "price": "0.001", "size": "100005.1", "side": "SELL", "hash": "4cbe9b6519f2e979bedda15853774a10f4d59ebe", "best_bid": "0", "best_ask": "0.001"}], "timestamp": "1769384025807", "event_type": "price_change"}}
{"_local_timestamp": "2026-01-25T23:33:47.619886+00:00", "data": {"market": "0xfafedf6a8003be1c4abb47661608628276f0d8cce3b87f074230c690d2ae69aa", "price_changes": [{"asset_id": "114455683380102924057137737207666435143954157213080711087460619714345503526811", "price": "0.999", "size": "102502.1", "side": "BUY", "hash": "e1e9b680cf2987514cf10c1f39b1cc733b475449", "best_bid": "0.999", "best_ask": "1"}, {"asset_id": "75710603208292609548902531698291849680477448992766676672864409445170889585660", "price": "0.001", "size": "102502.1", "side": "SELL", "hash": "251738ceb2df60e4e373de24b9fb0c637b0d885b", "best_bid": "0", "best_ask": "0.001"}], "timestamp": "1769384027527", "event_type": "price_change"}}
{"_local_timestamp": "2026-01-25T23:33:47.997772+00:00", "data": {"market": "0xfafedf6a8003be1c4abb47661608628276f0d8cce3b87f074230c690d2ae69aa", "price_changes": [{"asset_id": "114455683380102924057137737207666435143954157213080711087460619714345503526811", "price": "0.999", "size": "104998.1", "side": "BUY", "hash": "fbdc8b382ea09d91ab56d0f9ec633e148342c0b9", "best_bid": "0.999", "best_ask": "1"}, {"asset_id": "75710603208292609548902531698291849680477448992766676672864409445170889585660", "price": "0.001", "size": "104998.1", "side": "SELL", "hash": "f565d6ea8af9ea0ef1fb46df06b5749a21175e5f", "best_bid": "0", "best_ask": "0.001"}], "timestamp": "1769384027917", "event_type": "price_change"}}
{"_local_timestamp": "2026-01-25T23:33:48.511923+00:00", "data": {"market": "0xfafedf6a8003be1c4abb47661608628276f0d8cce3b87f074230c690d2ae69aa", "price_changes": [{"asset_id": "114455683380102924057137737207666435143954157213080711087460619714345503526811", "price": "0.999", "size": "107493.1", "side": "BUY", "hash": "78190d4060db69bf5f7b77258684de8bf361b0c0", "best_bid": "0.999", "best_ask": "1"}, {"asset_id": "75710603208292609548902531698291849680477448992766676672864409445170889585660", "price": "0.001", "size": "107493.1", "side": "SELL", "hash": "5ed571476c03d282cc7695bdd88f89707b6834d6", "best_bid": "0", "best_ask": "0.001"}], "timestamp": "1769384028433", "event_type": "price_change"}}
{"_local_timestamp": "2026-01-25T23:33:49.299938+00:00", "data": {"market": "0xfafedf6a8003be1c4abb47661608628276f0d8cce3b87f074230c690d2ae69aa", "price_changes": [{"asset_id": "114455683380102924057137737207666435143954157213080711087460619714345503526811", "price": "0.999", "size": "108116.1", "side": "BUY", "hash": "50b309166ae73ac1f7acbc793f31bae9a8ef6797", "best_bid": "0.999", "best_ask": "1"}, {"asset_id": "75710603208292609548902531698291849680477448992766676672864409445170889585660", "price": "0.001", "size": "108116.1", "side": "SELL", "hash": "70c3f788f44989b8f2b1ef592cb27a8fc04636b3", "best_bid": "0", "best_ask": "0.001"}], "timestamp": "1769384029230", "event_type": "price_change"}}
{"_local_timestamp": "2026-01-25T23:33:49.799960+00:00", "data": {"market": "0xfafedf6a8003be1c4abb47661608628276f0d8cce3b87f074230c690d2ae69aa", "price_changes": [{"asset_id": "114455683380102924057137737207666435143954157213080711087460619714345503526811", "price": "0.999", "size": "108738.1", "side": "BUY", "hash": "d4a96fa3a0e4cb2087ccfb881271f07fbf11ce9f", "best_bid": "0.999", "best_ask": "1"}, {"asset_id": "75710603208292609548902531698291849680477448992766676672864409445170889585660", "price": "0.001", "size": "108738.1", "side": "SELL", "hash": "260a9ea67b8ff9b234cd8a76468af206ca2420ab", "best_bid": "0", "best_ask": "0.001"}], "timestamp": "1769384029724", "event_type": "price_change"}}
{"_local_timestamp": "2026-01-25T23:33:51.656935+00:00", "data": {"market": "0xfafedf6a8003be1c4abb47661608628276f0d8cce3b87f074230c690d2ae69aa", "price_changes": [{"asset_id": "114455683380102924057137737207666435143954157213080711087460619714345503526811", "price": "0.999", "size": "108893.1", "side": "BUY", "hash": "588104859136001936b29e8aac5fac0f42293d54", "best_bid": "0.999", "best_ask": "1"}, {"asset_id": "75710603208292609548902531698291849680477448992766676672864409445170889585660", "price": "0.001", "size": "108893.1", "side": "SELL", "hash": "682273942743597bf90458706f3a290e17b5f6dd", "best_bid": "0", "best_ask": "0.001"}], "timestamp": "1769384031561", "event_type": "price_change"}}
{"_local_timestamp": "2026-01-25T23:33:52.591706+00:00", "data": {"market": "0xfafedf6a8003be1c4abb47661608628276f0d8cce3b87f074230c690d2ae69aa", "price_changes": [{"asset_id": "114455683380102924057137737207666435143954157213080711087460619714345503526811", "price": "0.999", "size": "109047.1", "side": "BUY", "hash": "e97c4715dfac668710096148eaee04a0061c7165", "best_bid": "0.999", "best_ask": "1"}, {"asset_id": "75710603208292609548902531698291849680477448992766676672864409445170889585660", "price": "0.001", "size": "109047.1", "side": "SELL", "hash": "5e86941b6bdd0b6b4ca093aa7e5d157b91882d77", "best_bid": "0", "best_ask": "0.001"}], "timestamp": "1769384032527", "event_type": "price_change"}}
{"_local_timestamp": "2026-01-25T23:33:53.007075+00:00", "data": {"market": "0xfafedf6a8003be1c4abb47661608628276f0d8cce3b87f074230c690d2ae69aa", "price_changes": [{"asset_id": "114455683380102924057137737207666435143954157213080711087460619714345503526811", "price": "0.999", "size": "109200.1", "side": "BUY", "hash": "27f94de67146b76f2794bae8fc1c1be9d0ae22dd", "best_bid": "0.999", "best_ask": "1"}, {"asset_id": "75710603208292609548902531698291849680477448992766676672864409445170889585660", "price": "0.001", "size": "109200.1", "side": "SELL", "hash": "188e8e29f8f5f388537d373088e189b513c91171", "best_bid": "0", "best_ask": "0.001"}], "timestamp": "1769384032919", "event_type": "price_change"}}
{"_local_timestamp": "2026-01-25T23:33:54.560147+00:00", "data": {"market": "0xfafedf6a8003be1c4abb47661608628276f0d8cce3b87f074230c690d2ae69aa", "price_changes": [{"asset_id": "114455683380102924057137737207666435143954157213080711087460619714345503526811", "price": "0.999", "size": "109237.1", "side": "BUY", "hash": "8701b189255dbab0c7f5c34de448cdcc81d3c668", "best_bid": "0.999", "best_ask": "1"}, {"asset_id": "75710603208292609548902531698291849680477448992766676672864409445170889585660", "price": "0.001", "size": "109237.1", "side": "SELL", "hash": "45b5e0ab638a86f4b2182d32442150cfc697f134", "best_bid": "0", "best_ask": "0.001"}], "timestamp": "1769384034486", "event_type": "price_change"}}
{"_local_timestamp": "2026-01-25T23:33:55.235241+00:00", "data": {"market": "0xfafedf6a8003be1c4abb47661608628276f0d8cce3b87f074230c690d2ae69aa", "price_changes": [{"asset_id": "114455683380102924057137737207666435143954157213080711087460619714345503526811", "price": "0.999", "size": "109273.1", "side": "BUY", "hash": "f8c39caabfad1371deb7f62c8f0c0ae00de4019b", "best_bid": "0.999", "best_ask": "1"}, {"asset_id": "75710603208292609548902531698291849680477448992766676672864409445170889585660", "price": "0.001", "size": "109273.1", "side": "SELL", "hash": "b492bccc194d2320f27150647d8f09723e8bf451", "best_bid": "0", "best_ask": "0.001"}], "timestamp": "1769384035138", "event_type": "price_change"}}
{"_local_timestamp": "2026-01-25T23:33:55.631536+00:00", "data": {"market": "0xfafedf6a8003be1c4abb47661608628276f0d8cce3b87f074230c690d2ae69aa", "price_changes": [{"asset_id": "114455683380102924057137737207666435143954157213080711087460619714345503526811", "price": "0.999", "size": "109308.1", "side": "BUY", "hash": "138a7e02e957939dff7a9458aaf1fa1c414c5cb8", "best_bid": "0.999", "best_ask": "1"}, {"asset_id": "75710603208292609548902531698291849680477448992766676672864409445170889585660", "price": "0.001", "size": "109308.1", "side": "SELL", "hash": "13861183669b198b3482185656f2fed6c6d00f3d", "best_bid": "0", "best_ask": "0.001"}], "timestamp": "1769384035547", "event_type": "price_change"}}
{"_local_timestamp": "2026-01-25T23:34:08.122662+00:00", "data": {"market": "0xfafedf6a8003be1c4abb47661608628276f0d8cce3b87f074230c690d2ae69aa", "price_changes": [{"asset_id": "114455683380102924057137737207666435143954157213080711087460619714345503526811", "price": "0.999", "size": "104998.1", "side": "BUY", "hash": "d5157c1127aadcd752f03f10a85d7472575965a8", "best_bid": "0.999", "best_ask": "1"}, {"asset_id": "75710603208292609548902531698291849680477448992766676672864409445170889585660", "price": "0.001", "size": "104998.1", "side": "SELL", "hash": "25ce41e502dfcd6bb306e9f5d8b0501ebeb30976", "best_bid": "0", "best_ask": "0.001"}], "timestamp": "1769384047889", "event_type": "price_change"}}
{"_local_timestamp": "2026-01-25T23:34:08.814969+00:00", "data": {"market": "0xfafedf6a8003be1c4abb47661608628276f0d8cce3b87f074230c690d2ae69aa", "price_changes": [{"asset_id": "114455683380102924057137737207666435143954157213080711087460619714345503526811", "price": "0.999", "size": "100005.1", "side": "BUY", "hash": "86ad7a25c1d66d8101adf8777e8a28fba101e098", "best_bid": "0.999", "best_ask": "1"}, {"asset_id": "75710603208292609548902531698291849680477448992766676672864409445170889585660", "price": "0.001", "size": "100005.1", "side": "SELL", "hash": "f1a5da54e0434703a3047c1300b21434e750f4cc", "best_bid": "0", "best_ask": "0.001"}], "timestamp": "1769384048563", "event_type": "price_change"}}
{"_local_timestamp": "2026-01-25T23:34:09.496249+00:00", "data": {"market": "0xfafedf6a8003be1c4abb47661608628276f0d8cce3b87f074230c690d2ae69aa", "price_changes": [{"asset_id": "114455683380102924057137737207666435143954157213080711087460619714345503526811", "price": "0.999", "size": "90005.1", "side": "BUY", "hash": "635c02394d35443b79ea3462b170f7ac9158340a", "best_bid": "0.999", "best_ask": "1"}, {"asset_id": "75710603208292609548902531698291849680477448992766676672864409445170889585660", "price": "0.001", "size": "90005.1", "side": "SELL", "hash": "868c514b565b4f8842304201a74b230cb2c2a919", "best_bid": "0", "best_ask": "0.001"}], "timestamp": "1769384049210", "event_type": "price_change"}}
{"_local_timestamp": "2026-01-25T23:34:11.597716+00:00", "data": {"market": "0xfafedf6a8003be1c4abb47661608628276f0d8cce3b87f074230c690d2ae69aa", "price_changes": [{"asset_id": "114455683380102924057137737207666435143954157213080711087460619714345503526811", "price": "0.999", "size": "92505.1", "side": "BUY", "hash": "17e5320969b927cb90caf55064ab44b7ce5920f7", "best_bid": "0.999", "best_ask": "1"}, {"asset_id": "75710603208292609548902531698291849680477448992766676672864409445170889585660", "price": "0.001", "size": "92505.1", "side": "SELL", "hash": "f00ef6f5e2636d11b753ec1d38526010114abf2a", "best_bid": "0", "best_ask": "0.001"}], "timestamp": "1769384051396", "event_type": "price_change"}}
{"_local_timestamp": "2026-01-25T23:34:12.603984+00:00", "data": {"market": "0xfafedf6a8003be1c4abb47661608628276f0d8cce3b87f074230c690d2ae69aa", "price_changes": [{"asset_id": "114455683380102924057137737207666435143954157213080711087460619714345503526811", "price": "0.999", "size": "93129.1", "side": "BUY", "hash": "234183e0f69e8553fdb8b2917e4e919abec7e7b2", "best_bid": "0.999", "best_ask": "1"}, {"asset_id": "75710603208292609548902531698291849680477448992766676672864409445170889585660", "price": "0.001", "size": "93129.1", "side": "SELL", "hash": "caf11f0c4a31d9457305bc104d452ca69a469a32", "best_bid": "0", "best_ask": "0.001"}], "timestamp": "1769384052360", "event_type": "price_change"}}
{"_local_timestamp": "2026-01-25T23:34:13.758874+00:00", "data": {"market": "0xfafedf6a8003be1c4abb47661608628276f0d8cce3b87f074230c690d2ae69aa", "price_changes": [{"asset_id": "114455683380102924057137737207666435143954157213080711087460619714345503526811", "price": "0.999", "size": "93284.1", "side": "BUY", "hash": "bd422a39bdf8985c272c12350d237fa20b81df81", "best_bid": "0.999", "best_ask": "1"}, {"asset_id": "75710603208292609548902531698291849680477448992766676672864409445170889585660", "price": "0.001", "size": "93284.1", "side": "SELL", "hash": "eb9a61971f1c7a34231560417b6aeeb6bee7a83d", "best_bid": "0", "best_ask": "0.001"}], "timestamp": "1769384053442", "event_type": "price_change"}}
