{"_local_timestamp": "2026-01-25T23:34:07.459820+00:00", "data": [{"market": "0x2551d79c87ff6dafbe11399666fd9388b1a7f7e9941b94b9fdefef59ffb93878", "asset_id": "94519882467752732502888806553195360674704088886574930536505255228941542711830", "timestamp": "1769383932509", "hash": "f5eb93775fcf25d48113ad17d721dfc25cbf43c6", "bids": [{"price": "0.01", "size": "897.08"}, {"price": "0.02", "size": "560.48"}, {"price": "0.03", "size": "200"}, {"price": "0.04", "size": "15.48"}, {"price": "0.05", "size": "5.47"}], "asks": [{"price": "0.99", "size": "1302.04"}, {"price": "0.98", "size": "160.49"}, {"price": "0.97", "size": "211.65"}, {"price": "0.96", "size": "39.24"}], "event_type": "book", "last_trade_price": ""}, {"market": "0x2551d79c87ff6dafbe11399666fd9388b1a7f7e9941b94b9fdefef59ffb93878", "asset_id": "50276272525808044797459125967382143501066237090806932831870079100434587788688", "timestamp": "1769383932509", "hash": "928df9e1a66fedd4d3a356e19140f61675d28e9c", "bids": [{"price": "0.01", "size": "1302.04"}, {"price": "0.02", "size": "160.49"}, {"price": "0.03", "size": "211.65"}, {"price": "0.04", "size": "39.24"}], "asks": [{"price": "0.99", "size": "897.08"}, {"price": "0.98", "size": "560.48"}, {"price": "0.97", "size": "200"}, {"price": "0.96", "size": "15.48"}, {"price": "0.95", "size": "5.47"}], "event_type": "book", "last_trade_price": ""}]}
{"_local_timestamp": "2026-01-25T23:35:54.367724+00:00", "data": {"market": "0x2551d79c87ff6dafbe11399666fd9388b1a7f7e9941b94b9fdefef59ffb93878", "price_changes": [{"asset_id": "94519882467752732502888806553195360674704088886574930536505255228941542711830", "price": "0.04", "size": "6.66", "side": "BUY", "hash": "ea8ef5ec355e522bc71c4c0e5632c07573829848", "best_bid": "0.05", "best_ask": "0.96"}, {"asset_id": "50276272525808044797459125967382143501066237090806932831870079100434587788688", "price": "0.96", "size": "6.66", "side": "SELL", "hash": "33fdb6909fd8b62d7d90baeb895dfe80624c2a7b", "best_bid": "0.04", "best_ask": "0.95"}], "timestamp": "1769384154301", "event_type": "price_change"}}
{"_local_timestamp": "2026-01-25T23:35:56.260906+00:00", "data": {"market": "0x2551d79c87ff6dafbe11399666fd9388b1a7f7e9941b94b9fdefef59ffb93878", "price_changes": [{"asset_id": "94519882467752732502888806553195360674704088886574930536505255228941542711830", "price": "0.03", "size": "211.77", "side": "BUY", "hash": "3cf6565fca0569ecf55aecfe5561d54666a96ca7", "best_bid": "0.05", "best_ask": "0.96"}, {"asset_id": "50276272525808044797459125967382143501066237090806932831870079100434587788688", "price": "0.97", "size": "211.77", "side": "SELL", "hash": "eb8cb22ae225f8e87470742871c1660c8a64dd1c", "best_bid": "0.04", "best_ask": "0.95"}], "timestamp": "1769384156190", "event_type": "price_change"}}
{"_local_timestamp": "2026-01-25T23:35:57.259393+00:00", "data": {"market": "0x2551d79c87ff6dafbe11399666fd9388b1a7f7e9941b94b9fdefef59ffb93878", "price_changes": [{"asset_id": "94519882467752732502888806553195360674704088886574930536505255228941542711830", "price": "0.03", "size": "200", "side": "BUY", "hash": "030aaccbe2f09ede7c266941e12bf800b168aedb", "best_bid": "0.05", "best_ask": "0.96"}, {"asset_id": "50276272525808044797459125967382143501066237090806932831870079100434587788688", "price": "0.97", "size": "200", "side": "SELL", "hash": "1d8a68f2b9335c507b6a82c6563f4da667b3bb71", "best_bid": "0.04", "best_ask": "0.95"}], "timestamp": "1769384157187", "event_type": "price_change"}}
{"_local_timestamp": "2026-01-25T23:35:57.729876+00:00", "data": {"market": "0x2551d79c87ff6dafbe11399666fd9388b1a7f7e9941b94b9fdefef59ffb93878", "price_changes": [{"asset_id": "94519882467752732502888806553195360674704088886574930536505255228941542711830", "price": "0.03", "size": "211.77", "side": "BUY", "hash": "a40d73bcbb2260152efd870cf509b440b3516966", "best_bid": "0.05", "best_ask": "0.96"}, {"asset_id": "50276272525808044797459125967382143501066237090806932831870079100434587788688", "price": "0.97", "size": "211.77", "side": "SELL", "hash": "e67000a7a7e943d575a0bd30b77a56ba9449b0b7", "best_bid": "0.04", "best_ask": "0.95"}], "timestamp": "1769384157643", "event_type": "price_change"}}
