{"_local_timestamp": "2026-01-25T23:33:35.703348+00:00", "data": [{"market": "0x77b66bc0cd002b2b5b8fb48b92f4dcda1f8af798d065c5f4836db36bfc5a8887", "asset_id": "2377512489454530725594775215387837669591983164773116208365893112609388352263", "timestamp": "1769384012751", "hash": "9ab69e0be780a9a7872820d4d84f89834c66c106", "bids": [], "asks": [{"price": "0.999", "size": "100049"}, {"price": "0.998", "size": "55000"}, {"price": "0.992", "size": "155"}, {"price": "0.99", "size": "27008"}, {"price": "0.989", "size": "55710"}, {"price": "0.92", "size": "155"}, {"price": "0.903", "size": "100"}, {"price": "0.901", "size": "100"}, {"price": "0.9", "size": "3500"}, {"price": "0.899", "size": "10000"}, {"price": "0.53", "size": "100"}, {"price": "0.51", "size": "100"}, {"price": "0.503", "size": "200"}, {"price": "0.501", "size": "100"}, {"price": "0.5", "size": "176"}, {"price": "0.25", "size": "60"}, {"price": "0.233", "size": "60"}, {"price": "0.232", "size": "88"}, {"price": "0.231", "size": "60"}, {"price": "0.23", "size": "60"}, {"price": "0.229", "size": "53"}, {"price": "0.009", "size": "500"}, {"price": "0.008", "size": "55.55"}, {"price": "0.001", "size": "113303.1"}], "event_type": "book", "last_trade_price": ""}, {"market": "0x77b66bc0cd002b2b5b8fb48b92f4dcda1f8af798d065c5f4836db36bfc5a8887", "asset_id": "105063991806802861456173859794602825562187594060305018164112992612664189907904", "timestamp": "1769384012751", "hash": "1b333857d09119e52d77b0ee9b8e6864ab722fa9", "bids": [{"price": "0.001", "size": "100049"}, {"price": "0.002", "size": "55000"}, {"price": "0.008", "size": "155"}, {"price": "0.01", "size": "27008"}, {"price": "0.011", "size": "55710"}, {"price": "0.08", "size": "155"}, {"price": "0.097", "size": "100"}, {"price": "0.099", "size": "100"}, {"price": "0.1", "size": "3500"}, {"price": "0.101", "size": "10000"}, {"price": "0.47", "size": "100"}, {"price": "0.49", "size": "100"}, {"price": "0.497", "size": "200"}, {"price": "0.499", "size": "100"}, {"price": "0.5", "size": "176"}, {"price": "0.75", "size": "60"}, {"price": "0.767", "size": "60"}, {"price": "0.768", "size": "88"}, {"price": "0.769", "size": "60"}, {"price": "0.77", "size": "60"}, {"price": "0.771", "size": "53"}, {"price": "0.991", "size": "500"}, {"price": "0.992", "size": "55.55"}, {"price": "0.999", "size": "113303.1"}], "asks": [], "event_type": "book", "last_trade_price": ""}]}
{"_local_timestamp": "2026-01-25T23:33:45.891865+00:00", "data": {"market": "0x77b66bc0cd002b2b5b8fb48b92f4dcda1f8af798d065c5f4836db36bfc5a8887", "price_changes": [{"asset_id": "105063991806802861456173859794602825562187594060305018164112992612664189907904", "price": "0.999", "size": "100005.1", "side": "BUY", "hash": "91a3f4f629511a43110fa0f6c051dd87e99862c3", "best_bid": "0.999", "best_ask": "1"}, {"asset_id": "2377512489454530725594775215387837669591983164773116208365893112609388352263", "price": "0.001", "size": "100005.1", "side": "SELL", "hash": "690551a74f283a6d0c947e31feff0301b705fd54", "best_bid": "0", "best_ask": "0.001"}], "timestamp": "1769384025812", "event_type": "price_change"}}
{"_local_timestamp": "2026-01-25T23:33:47.572220+00:00", "data": {"market": "0x77b66bc0cd002b2b5b8fb48b92f4dcda1f8af798d065c5f4836db36bfc5a8887", "price_changes": [{"asset_id": "105063991806802861456173859794602825562187594060305018164112992612664189907904", "price": "0.999", "size": "102502.1", "side": "BUY", "hash": "6ea8521687c3ae089c4a4ce19051da95e05d47e2", "best_bid": "0.999", "best_ask": "1"}, {"asset_id": "2377512489454530725594775215387837669591983164773116208365893112609388352263", "price": "0.001", "size": "102502.1", "side": "SELL", "hash": "4779080fae085a0f55aa5ab1f123dcddec41c714", "best_bid": "0", "best_ask": "0.001"}], "timestamp": "1769384027504", "event_type": "price_change"}}
{"_local_timestamp": "2026-01-25T23:33:47.986450+00:00", "data": {"market": "0x77b66bc0cd002b2b5b8fb48b92f4dcda1f8af798d065c5f4836db36bfc5a8887", "price_changes": [{"asset_id": "105063991806802861456173859794602825562187594060305018164112992612664189907904", "price": "0.999", "size": "104998.1", "side": "BUY", "hash": "b0a9ee7ac20b8edf389e6a7afaebd9f6250287c7", "best_bid": "0.999", "best_ask": "1"}, {"asset_id": "2377512489454530725594775215387837669591983164773116208365893112609388352263", "price": "0.001", "size": "104998.1", "side": "SELL", "hash": "0c2fd0f8e42ad7f8ab2028a2ab018876f2213164", "best_bid": "0", "best_ask": "0.001"}], "timestamp": "1769384027913", "event_type": "price_change"}}
{"_local_timestamp": "2026-01-25T23:33:48.498710+00:00", "data": {"market": "0x77b66bc0cd002b2b5b8fb48b92f4dcda1f8af798d065c5f4836db36bfc5a8887", "price_changes": [{"asset_id": "105063991806802861456173859794602825562187594060305018164112992612664189907904", "price": "0.999", "size": "107493.1", "side": "BUY", "hash": "a827e0871588b5884b2aa22839ff01fa97a5065c", "best_bid": "0.999", "best_ask": "1"}, {"asset_id": "2377512489454530725594775215387837669591983164773116208365893112609388352263", "price": "0.001", "size": "107493.1", "side": "SELL", "hash": "10b897bdecce4559139e763d78b45532fdc86edd", "best_bid": "0", "best_ask": "0.001"}], "timestamp": "1769384028430", "event_type": "price_change"}}
{"_local_timestamp": "2026-01-25T23:33:49.309946+00:00", "data": {"market": "0x77b66bc0cd002b2b5b8fb48b92f4dcda1f8af798d065c5f4836db36bfc5a8887", "price_changes": [{"asset_id": "105063991806802861456173859794602825562187594060305018164112992612664189907904", "price": "0.999", "size": "108116.1", "side": "BUY", "hash": "50c651bdb57b2b4fa0864de4bfe15aa57c20198b", "best_bid": "0.999", "best_ask": "1"}, {"asset_id": "2377512489454530725594775215387837669591983164773116208365893112609388352263", "price": "0.001", "size": "108116.1", "side": "SELL", "hash": "95c9d5bc45850988156039dc437c6da4c37ba8e0", "best_bid": "0", "best_ask": "0.001"}], "timestamp": "1769384029237", "event_type": "price_change"}}
{"_local_timestamp": "2026-01-25T23:33:49.799995+00:00", "data": {"market": "0x77b66bc0cd002b2b5b8fb48b92f4dcda1f8af798d065c5f4836db36bfc5a8887", "price_changes": [{"asset_id": "105063991806802861456173859794602825562187594060305018164112992612664189907904", "price": "0.999", "size": "108738.1", "side": "BUY", "hash": "78a2af4ff523483cc3737192a583c52e872a1212", "best_bid": "0.999", "best_ask": "1"}, {"asset_id": "2377512489454530725594775215387837669591983164773116208365893112609388352263", "price": "0.001", "size": "108738.1", "side": "SELL", "hash": "c0ae0fc4e5968c89d1ba17590b8a0b071109093a", "best_bid": "0", "best_ask": "0.001"}], "timestamp": "1769384029722", "event_type": "price_change"}}
{"_local_timestamp": "2026-01-25T23:33:51.638070+00:00", "data": {"market": "0x77b66bc0cd002b2b5b8fb48b92f4dcda1f8af798d065c5f4836db36bfc5a8887", "price_changes": [{"asset_id": "105063991806802861456173859794602825562187594060305018164112992612664189907904", "price": "0.999", "size": "108893.1", "side": "BUY", "hash": "ebbd135202618c4617694718169b1c4d955959f6", "best_bid": "0.999", "best_ask": "1"}, {"asset_id": "2377512489454530725594775215387837669591983164773116208365893112609388352263", "price": "0.001", "size": "108893.1", "side": "SELL", "hash": "1019f6efcade5a437609bc4f851c3d231e3b7b3b", "best_bid": "0", "best_ask": "0.001"}], "timestamp": "1769384031551", "event_type": "price_change"}}
{"_local_timestamp": "2026-01-25T23:33:52.609952+00:00", "data": {"market": "0x77b66bc0cd002b2b5b8fb48b92f4dcda1f8af798d065c5f4836db36bfc5a8887", "price_changes": [{"asset_id": "105063991806802861456173859794602825562187594060305018164112992612664189907904", "price": "0.999", "size": "109047.1", "side": "BUY", "hash": "67269a9e4df79fb6dd211a6a6709601438c13c14", "best_bid": "0.999", "best_ask": "1"}, {"asset_id": "2377512489454530725594775215387837669591983164773116208365893112609388352263", "price": "0.001", "size": "109047.1", "side": "SELL", "hash": "e21ca8224dbfaa3a527005103fe96d4a0eeba38e", "best_bid": "0", "best_ask": "0.001"}], "timestamp": "1769384032533", "event_type": "price_change"}}
{"_local_timestamp": "2026-01-25T23:33:52.983336+00:00", "data": {"market": "0x77b66bc0cd002b2b5b8fb48b92f4dcda1f8af798d065c5f4836db36bfc5a8887", "price_changes": [{"asset_id": "105063991806802861456173859794602825562187594060305018164112992612664189907904", "price": "0.999", "size": "109200.1", "side": "BUY", "hash": "3ffe47656e4b102b3238c1cbbad9316e9928d181", "best_bid": "0.999", "best_ask": "1"}, {"asset_id": "2377512489454530725594775215387837669591983164773116208365893112609388352263", "price": "0.001", "size": "109200.1", "side": "SELL", "hash": "cdca9561eaeb7063fdcb3ee98b95911fa492a45c", "best_bid": "0", "best_ask": "0.001"}], "timestamp": "1769384032904", "event_type": "price_change"}}
{"_local_timestamp": "2026-01-25T23:33:54.551060+00:00", "data": {"market": "0x77b66bc0cd002b2b5b8fb48b92f4dcda1f8af798d065c5f4836db36bfc5a8887", "price_changes": [{"asset_id": "105063991806802861456173859794602825562187594060305018164112992612664189907904", "price": "0.999", "size": "109237.1", "side": "BUY", "hash": "a709a8019001de71714ac084a440a8ec9f744cb1", "best_bid": "0.999", "best_ask": "1"}, {"asset_id": "2377512489454530725594775215387837669591983164773116208365893112609388352263", "price": "0.001", "size": "109237.1", "side": "SELL", "hash": "0f04a59718042cfd9e60c474a6398f4b1a220f4b", "best_bid": "0", "best_ask": "0.001"}], "timestamp": "1769384034484", "event_type": "price_change"}}
{"_local_timestamp": "2026-01-25T23:33:55.236949+00:00", "data": {"market": "0x77b66bc0cd002b2b5b8fb48b92f4dcda1f8af798d065c5f4836db36bfc5a8887", "price_changes": [{"asset_id": "105063991806802861456173859794602825562187594060305018164112992612664189907904", "price": "0.999", "size": "109273.1", "side": "BUY", "hash": "a4d04f69744b2c3e301e7dde5d33f029c57a8639", "best_bid": "0.999", "best_ask": "1"}, {"asset_id": "2377512489454530725594775215387837669591983164773116208365893112609388352263", "price": "0.001", "size": "109273.1", "side": "SELL", "hash": "828e9d079bc1706fd7e78b0b8bb95bbed9250da3", "best_bid": "0", "best_ask": "0.001"}], "timestamp": "1769384035138", "event_type": "price_change"}}
{"_local_timestamp": "2026-01-25T23:33:55.615356+00:00", "data": {"market": "0x77b66bc0cd002b2b5b8fb48b92f4dcda1f8af798d065c5f4836db36bfc5a8887", "price_changes": [{"asset_id": "105063991806802861456173859794602825562187594060305018164112992612664189907904", "price": "0.999", "size": "109308.1", "side": "BUY", "hash": "ca80c95b2b89de70d18a9ca3ff0624c0540be31b", "best_bid": "0.999", "best_ask": "1"}, {"asset_id": "2377512489454530725594775215387837669591983164773116208365893112609388352263", "price": "0.001", "size": "109308.1", "side": "SELL", "hash": "2802b9ff025558da934eacd60a26194840669cf3", "best_bid": "0", "best_ask": "0.001"}], "timestamp": "1769384035535", "event_type": "price_change"}}
{"_local_timestamp": "2026-01-25T23:34:08.148465+00:00", "data": {"market": "0x77b66bc0cd002b2b5b8fb48b92f4dcda1f8af798d065c5f4836db36bfc5a8887", "price_changes": [{"asset_id": "105063991806802861456173859794602825562187594060305018164112992612664189907904", "price": "0.999", "size": "104998.1", "side": "BUY", "hash": "b61feb6562073d8975249028b79207720a390b0d", "best_bid": "0.999", "best_ask": "1"}, {"asset_id": "2377512489454530725594775215387837669591983164773116208365893112609388352263", "price": "0.001", "size": "104998.1", "side": "SELL", "hash": "76f9e05eb9fafe586aa1b10d7e9e306ad80a52e2", "best_bid": "0", "best_ask": "0.001"}], "timestamp": "1769384047891", "event_type": "price_change"}}
{"_local_timestamp": "2026-01-25T23:34:08.825566+00:00", "data": {"market": "0x77b66bc0cd002b2b5b8fb48b92f4dcda1f8af798d065c5f4836db36bfc5a8887", "price_changes": [{"asset_id": "105063991806802861456173859794602825562187594060305018164112992612664189907904", "price": "0.999", "size": "100005.1", "side": "BUY", "hash": "f4a0ef2dea58d69ece3648a0be534e6e2235c3d2", "best_bid": "0.999", "best_ask": "1"}, {"asset_id": "2377512489454530725594775215387837669591983164773116208365893112609388352263", "price": "0.001", "size": "100005.1", "side": "SELL", "hash": "122abde6d234f8b99cf6e5943404ae58703ba2c5", "best_bid": "0", "best_ask": "0.001"}], "timestamp": "1769384048562", "event_type": "price_change"}}
{"_local_timestamp": "2026-01-25T23:34:09.481659+00:00", "data": {"market": "0x77b66bc0cd002b2b5b8fb48b92f4dcda1f8af798d065c5f4836db36bfc5a8887", "price_changes": [{"asset_id": "105063991806802861456173859794602825562187594060305018164112992612664189907904", "price": "0.999", "size": "90005.1", "side": "BUY", "hash": "4ba2adcec5e559594d64890d871f6d3cfbc4b76f", "best_bid": "0.999", "best_ask": "1"}, {"asset_id": "2377512489454530725594775215387837669591983164773116208365893112609388352263", "price": "0.001", "size": "90005.1", "side": "SELL", "hash": "bb2eeb5fa7ae409a035fd3c4fc3bf770b62854c9", "best_bid": "0", "best_ask": "0.001"}], "timestamp": "1769384049210", "event_type": "price_change"}}
{"_local_timestamp": "2026-01-25T23:34:11.313080+00:00", "data": {"market": "0x77b66bc0cd002b2b5b8fb48b92f4dcda1f8af798d065c5f4836db36bfc5a8887", "price_changes": [{"asset_id": "105063991806802861456173859794602825562187594060305018164112992612664189907904", "price": "0.999", "size": "92505.1", "side": "BUY", "hash": "a24ca1288d92483fd52b308ff00355171ad89bd8", "best_bid": "0.999", "best_ask": "1"}, {"asset_id": "2377512489454530725594775215387837669591983164773116208365893112609388352263", "price": "0.001", "size": "92505.1", "side": "SELL", "hash": "80259ea0fdc46b4abaf4af0dd2e33f837bbdf90c", "best_bid": "0", "best_ask": "0.001"}], "timestamp": "1769384051120", "event_type": "price_change"}}
{"_local_timestamp": "2026-01-25T23:34:12.596632+00:00", "data": {"market": "0x77b66bc0cd002b2b5b8fb48b92f4dcda1f8af798d065c5f4836db36bfc5a8887", "price_changes": [{"asset_id": "105063991806802861456173859794602825562187594060305018164112992612664189907904", "price": "0.999", "size": "93129.1", "side": "BUY", "hash": "903b07de702f9e51426fe419ccd4fd1d1d51b8e9", "best_bid": "0.999", "best_ask": "1"}, {"asset_id": "2377512489454530725594775215387837669591983164773116208365893112609388352263", "price": "0.001", "size": "93129.1", "side": "SELL", "hash": "90cd52e53f25d8e2263b1bb44fb99d2a7b55f2af", "best_bid": "0", "best_ask": "0.001"}], "timestamp": "1769384052359", "event_type": "price_change"}}
{"_local_timestamp": "2026-01-25T23:34:13.738347+00:00", "data": {"market": "0x77b66bc0cd002b2b5b8fb48b92f4dcda1f8af798d065c5f4836db36bfc5a8887", "price_changes": [{"asset_id": "105063991806802861456173859794602825562187594060305018164112992612664189907904", "price": "0.999", "size": "93284.1", "side": "BUY", "hash": "92299b4cafbd36f1b38ed0a73b0c150174efe500", "best_bid": "0.999", "best_ask": "1"}, {"asset_id": "2377512489454530725594775215387837669591983164773116208365893112609388352263", "price": "0.001", "size": "93284.1", "side": "SELL", "hash": "a97251298791a1a8e855bbe1abb81b5c7fc1606b", "best_bid": "0", "best_ask": "0.001"}], "timestamp": "1769384053418", "event_type": "price_change"}}
{"_local_timestamp": "2026-01-25T23:34:25.612964+00:00", "data": {"market": "0x77b66bc0cd002b2b5b8fb48b92f4dcda1f8af798d065c5f4836db36bfc5a8887", "price_changes": [{"asset_id": "105063991806802861456173859794602825562187594060305018164112992612664189907904", "price": "0.999", "size": "80005.1", "side": "BUY", "hash": "cca73699a85e6221243fca006471b58be83e3a4c", "best_bid": "0.999", "best_ask": "1"}, {"asset_id": "2377512489454530725594775215387837669591983164773116208365893112609388352263", "price": "0.001", "size": "80005.1", "side": "SELL", "hash": "14fdbd75a1a55590987ec8327071582b59534638", "best_bid": "0", "best_ask": "0.001"}], "timestamp": "1769384065336", "event_type": "price_change"}}
{"_local_timestamp": "2026-01-25T23:34:26.445187+00:00", "data": {"market": "0x77b66bc0cd002b2b5b8fb48b92f4dcda1f8af798d065c5f4836db36bfc5a8887", "price_changes": [{"asset_id": "105063991806802861456173859794602825562187594060305018164112992612664189907904", "price": "0.999", "size": "80630.1", "side": "BUY", "hash": "34150c1813d6864cec0c44e3d4bfba5ba96d817a", "best_bid": "0.999", "best_ask": "1"}, {"asset_id": "2377512489454530725594775215387837669591983164773116208365893112609388352263", "price": "0.001", "size": "80630.1", "side": "SELL", "hash": "58231b3face4f4cdb50282df757ac277267e641f", "best_bid": "0", "best_ask": "0.001"}], "timestamp": "1769384066208", "event_type": "price_change"}}
{"_local_timestamp": "2026-01-25T23:34:26.819573+00:00", "data": {"market": "0x77b66bc0cd002b2b5b8fb48b92f4dcda1f8af798d065c5f4836db36bfc5a8887", "price_changes": [{"asset_id": "105063991806802861456173859794602825562187594060305018164112992612664189907904", "price": "0.999", "size": "81254.1", "side": "BUY", "hash": "ec31ed759bb1c1298ebe795733c58eb22a122139", "best_bid": "0.999", "best_ask": "1"}, {"asset_id": "2377512489454530725594775215387837669591983164773116208365893112609388352263", "price": "0.001", "size": "81254.1", "side": "SELL", "hash": "8c42c51edaaf13a84d74b82a0a9909f7dbf9e87e", "best_bid": "0", "best_ask": "0.001"}], "timestamp": "1769384066565", "event_type": "price_change"}}
{"_local_timestamp": "2026-01-25T23:34:28.113054+00:00", "data": {"market": "0x77b66bc0cd002b2b5b8fb48b92f4dcda1f8af798d065c5f4836db36bfc5a8887", "price_changes": [{"asset_id": "105063991806802861456173859794602825562187594060305018164112992612664189907904", "price": "0.999", "size": "81409.1", "side": "BUY", "hash": "7dfff08a4b45f261279932e5e3fbdb7f53f2ab0e", "best_bid": "0.999", "best_ask": "1"}, {"asset_id": "2377512489454530725594775215387837669591983164773116208365893112609388352263", "price": "0.001", "size": "81409.1", "side": "SELL", "hash": "1de501ace54ca57e9e03af9881800c422091dc69", "best_bid": "0", "best_ask": "0.001"}], "timestamp": "1769384067741", "event_type": "price_change"}}
{"_local_timestamp": "2026-01-25T23:34:28.439094+00:00", "data": {"market": "0x77b66bc0cd002b2b5b8fb48b92f4dcda1f8af798d065c5f4836db36bfc5a8887", "price_changes": [{"asset_id": "105063991806802861456173859794602825562187594060305018164112992612664189907904", "price": "0.999", "size": "81563.1", "side": "BUY", "hash": "2f01992d5aa28cd8a19593bdfca0d03c0b6ccb44", "best_bid": "0.999", "best_ask": "1"}, {"asset_id": "2377512489454530725594775215387837669591983164773116208365893112609388352263", "price": "0.001", "size": "81563.1", "side": "SELL", "hash": "212fcfae8ee57630146beeb6552621e383a54aa2", "best_bid": "0", "best_ask": "0.001"}], "timestamp": "1769384068171", "event_type": "price_change"}}
{"_local_timestamp": "2026-01-25T23:34:30.217778+00:00", "data": {"market": "0x77b66bc0cd002b2b5b8fb48b92f4dcda1f8af798d065c5f4836db36bfc5a8887", "price_changes": [{"asset_id": "105063991806802861456173859794602825562187594060305018164112992612664189907904", "price": "0.999", "size": "81716.1", "side": "BUY", "hash": "d9150997d6c6333e2a784715c15c85c74ecf3e92", "best_bid": "0.999", "best_ask": "1"}, {"asset_id": "2377512489454530725594775215387837669591983164773116208365893112609388352263", "price": "0.001", "size": "81716.1", "side": "SELL", "hash": "2c272b84607794a110e312df3ad74a00b839c3da", "best_bid": "0", "best_ask": "0.001"}], "timestamp": "1769384069278", "event_type": "price_change"}}
{"_local_timestamp": "2026-01-25T23:34:30.220615+00:00", "data": {"market": "0x77b66bc0cd002b2b5b8fb48b92f4dcda1f8af798d065c5f4836db36bfc5a8887", "price_changes": [{"asset_id": "105063991806802861456173859794602825562187594060305018164112992612664189907904", "price": "0.999", "size": "81868.1", "side": "BUY", "hash": "a03fe45d18a4cd63508ff23cee0c275687b38ca7", "best_bid": "0.999", "best_ask": "1"}, {"asset_id": "2377512489454530725594775215387837669591983164773116208365893112609388352263", "price": "0.001", "size": "81868.1", "side": "SELL", "hash": "ab2576793c7ebb3c152bfaf47f0c8934e3af7d64", "best_bid": "0", "best_ask": "0.001"}], "timestamp": "1769384069641", "event_type": "price_change"}}
{"_local_timestamp": "2026-01-25T23:34:30.535667+00:00", "data": {"market": "0x77b66bc0cd002b2b5b8fb48b92f4dcda1f8af798d065c5f4836db36bfc5a8887", "price_changes": [{"asset_id": "105063991806802861456173859794602825562187594060305018164112992612664189907904", "price": "0.999", "size": "82019.1", "side": "BUY", "hash": "1cecbcd80ec650bacb4190c55e41d81741aa8470", "best_bid": "0.999", "best_ask": "1"}, {"asset_id": "2377512489454530725594775215387837669591983164773116208365893112609388352263", "price": "0.001", "size": "82019.1", "side": "SELL", "hash": "d1158698efd88b64a1a69a9a0b5b31f54f2e9c4e", "best_bid": "0", "best_ask": "0.001"}], "timestamp": "1769384070205", "event_type": "price_change"}}
{"_local_timestamp": "2026-01-25T23:34:30.822899+00:00", "data": {"market": "0x77b66bc0cd002b2b5b8fb48b92f4dcda1f8af798d065c5f4836db36bfc5a8887", "price_changes": [{"asset_id": "105063991806802861456173859794602825562187594060305018164112992612664189907904", "price": "0.999", "size": "82056.1", "side": "BUY", "hash": "f5b5e401a717a2afcb5538e304df89f792c74bb4", "best_bid": "0.999", "best_ask": "1"}, {"asset_id": "2377512489454530725594775215387837669591983164773116208365893112609388352263", "price": "0.001", "size": "82056.1", "side": "SELL", "hash": "f01c5838ff4bc4893946393d871d3eb21fc3a957", "best_bid": "0", "best_ask": "0.001"}], "timestamp": "1769384070575", "event_type": "price_change"}}
{"_local_timestamp": "2026-01-25T23:34:31.157319+00:00", "data": {"market": "0x77b66bc0cd002b2b5b8fb48b92f4dcda1f8af798d065c5f4836db36bfc5a8887", "price_changes": [{"asset_id": "105063991806802861456173859794602825562187594060305018164112992612664189907904", "price": "0.999", "size": "82092.1", "side": "BUY", "hash": "f38f47c9489088b6b98ae641de85d3bd87e348a6", "best_bid": "0.999", "best_ask": "1"}, {"asset_id": "2377512489454530725594775215387837669591983164773116208365893112609388352263", "price": "0.001", "size": "82092.1", "side": "SELL", "hash": "e86f735be9fd02b91115d92ded713652d1bd3d0f", "best_bid": "0", "best_ask": "0.001"}], "timestamp": "1769384070922", "event_type": "price_change"}}
{"_local_timestamp": "2026-01-25T23:34:32.389485+00:00", "data": {"market": "0x77b66bc0cd002b2b5b8fb48b92f4dcda1f8af798d065c5f4836db36bfc5a8887", "price_changes": [{"asset_id": "105063991806802861456173859794602825562187594060305018164112992612664189907904", "price": "0.999", "size": "82127.1", "side": "BUY", "hash": "ef52f50ec997524b7e612cc9ed29642bdd86be7a", "best_bid": "0.999", "best_ask": "1"}, {"asset_id": "2377512489454530725594775215387837669591983164773116208365893112609388352263", "price": "0.001", "size": "82127.1", "side": "SELL", "hash": "4d847bbb1682df04379eadf01b2f3128141a9fcc", "best_bid": "0", "best_ask": "0.001"}], "timestamp": "1769384072106", "event_type": "price_change"}}
{"_local_timestamp": "2026-01-25T23:34:32.822755+00:00", "data": {"market": "0x77b66bc0cd002b2b5b8fb48b92f4dcda1f8af798d065c5f4836db36bfc5a8887", "price_changes": [{"asset_id": "105063991806802861456173859794602825562187594060305018164112992612664189907904", "price": "0.999", "size": "82161.1", "side": "BUY", "hash": "f05e94912c4a9db83c4f490099d9fdefeb43d0ea", "best_bid": "0.999", "best_ask": "1"}, {"asset_id": "2377512489454530725594775215387837669591983164773116208365893112609388352263", "price": "0.001", "size": "82161.1", "side": "SELL", "hash": "14ecdb04aee54cfe2b885f183c378b13997b3857", "best_bid": "0", "best_ask": "0.001"}], "timestamp": "1769384072585", "event_type": "price_change"}}
{"_local_timestamp": "2026-01-25T23:34:33.609237+00:00", "data": {"market": "0x77b66bc0cd002b2b5b8fb48b92f4dcda1f8af798d065c5f4836db36bfc5a8887", "price_changes": [{"asset_id": "105063991806802861456173859794602825562187594060305018164112992612664189907904", "price": "0.999", "size": "82194.1", "side": "BUY", "hash": "33c0a3cf95977a2ac98732c5d2079daf0f7d0913", "best_bid": "0.999", "best_ask": "1"}, {"asset_id": "2377512489454530725594775215387837669591983164773116208365893112609388352263", "price": "0.001", "size": "82194.1", "side": "SELL", "hash": "11751e1784a267bd7c9021b78f716e30103c18b1", "best_bid": "0", "best_ask": "0.001"}], "timestamp": "1769384073355", "event_type": "price_change"}}
