{"_local_timestamp": "2026-01-25T23:33:58.672831+00:00", "data": [{"market": "0xffa5b1d81f7b3da1d2cc51b26e1c50bc6bc535bbde767510089c98f9e4542acf", "asset_id": "84623582702478458911256775934145074819308385062112529630469623237121316737936", "timestamp": "1769384033608", "hash": "1f458e6f44d3e2eb5644d7313416c9b6df34a4c8", "bids": [{"price": "0.001", "size": "100014.01"}, {"price": "0.002", "size": "55000"}, {"price": "0.008", "size": "155"}, {"price": "0.01", "size": "19200"}, {"price": "0.011", "size": "55710"}, {"price": "0.02", "size": "1000"}, {"price": "0.031", "size": "12000"}, {"price": "0.04", "size": "2000"}, {"price": "0.05", "size": "600"}, {"price": "0.08", "size": "155"}, {"price": "0.097", "size": "100"}, {"price": "0.099", "size": "100"}, {"price": "0.1", "size": "700"}, {"price": "0.101", "size": "10700"}, {"price": "0.102", "size": "5000"}, {"price": "0.11", "size": "3000"}, {"price": "0.111", "size": "4400"}, {"price": "0.14", "size": "400"}, {"price": "0.47", "size": "100"}, {"price": "0.49", "size": "100"}, {"price": "0.497", "size": "100"}, {"price": "0.499", "size": "500"}, {"price": "0.5", "size": "440"}, {"price": "0.75", "size": "60"}, {"price": "0.767", "size": "60"}, {"price": "0.768", "size": "53"}, {"price": "0.769", "size": "60"}, {"price": "0.77", "size": "60"}, {"price": "0.771", "size": "10.5"}, {"price": "0.95", "size": "5"}, {"price": "0.951", "size": "7.5"}, {"price": "0.99", "size": "70.7"}, {"price": "0.991", "size": "622.54"}, {"price": "0.992", "size": "50.4"}, {"price": "0.993", "size": "45.31"}, {"price": "0.994", "size": "40.24"}, {"price": "0.995", "size": "35.17"}, {"price": "0.996", "size": "30.12"}, {"price": "0.997", "size": "25.07"}, {"price": "0.998", "size": "1020.04"}, {"price": "0.999", "size": "114722.93"}], "asks": [], "event_type": "book", "last_trade_price": "0.999"}, {"market": "0xffa5b1d81f7b3da1d2cc51b26e1c50bc6bc535bbde767510089c98f9e4542acf", "asset_id": "111340596859814301535783211235846772952450371700786201606541359184247957354432", "timestamp": "1769384033608", "hash": "585ed3268ba228e3b0b45375bd8b44fbbc6b9a7c", "bids": [], "asks": [{"price": "0.999", "size": "100014.01"}, {"price": "0.998", "size": "55000"}, {"price": "0.992", "size": "155"}, {"price": "0.99", "size": "19200"}, {"price": "0.989", "size": "55710"}, {"price": "0.98", "size": "1000"}, {"price": "0.969", "size": "12000"}, {"price": "0.96", "size": "2000"}, {"price": "0.95", "size": "600"}, {"price": "0.92", "size": "155"}, {"price": "0.903", "size": "100"}, {"price": "0.901", "size": "100"}, {"price": "0.9", "size": "700"}, {"price": "0.899", "size": "10700"}, {"price": "0.898", "size": "5000"}, {"price": "0.89", "size": "3000"}, {"price": "0.889", "size": "4400"}, {"price": "0.86", "size": "400"}, {"price": "0.53", "size": "100"}, {"price": "0.51", "size": "100"}, {"price": "0.503", "size": "100"}, {"price": "0.501", "size": "500"}, {"price": "0.5", "size": "440"}, {"price": "0.25", "size": "60"}, {"price": "0.233", "size": "60"}, {"price": "0.232", "size": "53"}, {"price": "0.231", "size": "60"}, {"price": "0.23", "size": "60"}, {"price": "0.229", "size": "10.5"}, {"price": "0.05", "size": "5"}, {"price": "0.049", "size": "7.5"}, {"price": "0.01", "size": "70.7"}, {"price": "0.009", "size": "622.54"}, {"price": "0.008", "size": "50.4"}, {"price": "0.007", "size": "45.31"}, {"price": "0.006", "size": "40.24"}, {"price": "0.005", "size": "35.17"}, {"price": "0.004", "size": "30.12"}, {"price": "0.003", "size": "25.07"}, {"price": "0.002", "size": "1020.04"}, {"price": "0.001", "size": "114722.93"}], "event_type": "book", "last_trade_price": "0.999"}]}
{"_local_timestamp": "2026-01-25T23:34:08.006892+00:00", "data": {"market": "0xffa5b1d81f7b3da1d2cc51b26e1c50bc6bc535bbde767510089c98f9e4542acf", "price_changes": [{"asset_id": "84623582702478458911256775934145074819308385062112529630469623237121316737936", "price": "0.999", "size": "110368.93", "side": "BUY", "hash": "de69672a9a9bf363bb778f2a5fd5db5c316812b5", "best_bid": "0.999", "best_ask": "1"}, {"asset_id": "111340596859814301535783211235846772952450371700786201606541359184247957354432", "price": "0.001", "size": "110368.93", "side": "SELL", "hash": "1193af325467182d5626b4e22f4e221dae1543fd", "best_bid": "0", "best_ask": "0.001"}], "timestamp": "1769384047891", "event_type": "price_change"}}
{"_local_timestamp": "2026-01-25T23:34:08.651272+00:00", "data": {"market": "0xffa5b1d81f7b3da1d2cc51b26e1c50bc6bc535bbde767510089c98f9e4542acf", "price_changes": [{"asset_id": "84623582702478458911256775934145074819308385062112529630469623237121316737936", "price": "0.999", "size": "105375.93", "side": "BUY", "hash": "525cc2e57be535e9b9f616128317733ec2083a2f", "best_bid": "0.999", "best_ask": "1"}, {"asset_id": "111340596859814301535783211235846772952450371700786201606541359184247957354432", "price": "0.001", "size": "105375.93", "side": "SELL", "hash": "efd600ca14fdc75c42cd88f3d7bf0b6f0290c125", "best_bid": "0", "best_ask": "0.001"}], "timestamp": "1769384048562", "event_type": "price_change"}}
{"_local_timestamp": "2026-01-25T23:34:09.306638+00:00", "data": {"market": "0xffa5b1d81f7b3da1d2cc51b26e1c50bc6bc535bbde767510089c98f9e4542acf", "price_changes": [{"asset_id": "84623582702478458911256775934145074819308385062112529630469623237121316737936", "price": "0.999", "size": "95384.93", "side": "BUY", "hash": "ed561375815033b3bb19f7fe7cdd02e18f353188", "best_bid": "0.999", "best_ask": "1"}, {"asset_id": "111340596859814301535783211235846772952450371700786201606541359184247957354432", "price": "0.001", "size": "95384.93", "side": "SELL", "hash": "7d89eb73f49b8f355b0639147d4b5bbb945f0a55", "best_bid": "0", "best_ask": "0.001"}], "timestamp": "1769384049210", "event_type": "price_change"}}
{"_local_timestamp": "2026-01-25T23:34:11.219560+00:00", "data": {"market": "0xffa5b1d81f7b3da1d2cc51b26e1c50bc6bc535bbde767510089c98f9e4542acf", "price_changes": [{"asset_id": "84623582702478458911256775934145074819308385062112529630469623237121316737936", "price": "0.999", "size": "97884.93", "side": "BUY", "hash": "3449d829a6ffa7fa0a5698e497cd8b2624a3d01e", "best_bid": "0.999", "best_ask": "1"}, {"asset_id": "111340596859814301535783211235846772952450371700786201606541359184247957354432", "price": "0.001", "size": "97884.93", "side": "SELL", "hash": "ce8425b349194e4209c5661cc956dc1b50fce4d7", "best_bid": "0", "best_ask": "0.001"}], "timestamp": "1769384051126", "event_type": "price_change"}}
{"_local_timestamp": "2026-01-25T23:34:12.484031+00:00", "data": {"market": "0xffa5b1d81f7b3da1d2cc51b26e1c50bc6bc535bbde767510089c98f9e4542acf", "price_changes": [{"asset_id": "84623582702478458911256775934145074819308385062112529630469623237121316737936", "price": "0.999", "size": "98508.93", "side": "BUY", "hash": "9894034b58908e526a7d49dd03f9761490b57ad5", "best_bid": "0.999", "best_ask": "1"}, {"asset_id": "111340596859814301535783211235846772952450371700786201606541359184247957354432", "price": "0.001", "size": "98508.93", "side": "SELL", "hash": "34448c3315a058ce9c46e10eeb95b2bec94292b8", "best_bid": "0", "best_ask": "0.001"}], "timestamp": "1769384052382", "event_type": "price_change"}}
{"_local_timestamp": "2026-01-25T23:34:13.603267+00:00", "data": {"market": "0xffa5b1d81f7b3da1d2cc51b26e1c50bc6bc535bbde767510089c98f9e4542acf", "price_changes": [{"asset_id": "84623582702478458911256775934145074819308385062112529630469623237121316737936", "price": "0.999", "size": "98663.93", "side": "BUY", "hash": "1af33288bb1a8746f47ee542f2cd46372f5eee85", "best_bid": "0.999", "best_ask": "1"}, {"asset_id": "111340596859814301535783211235846772952450371700786201606541359184247957354432", "price": "0.001", "size": "98663.93", "side": "SELL", "hash": "c07841d4d032a9d616eed63c207fc6a2fa93724b", "best_bid": "0", "best_ask": "0.001"}], "timestamp": "1769384053427", "event_type": "price_change"}}
{"_local_timestamp": "2026-01-25T23:34:14.933944+00:00", "data": {"market": "0xffa5b1d81f7b3da1d2cc51b26e1c50bc6bc535bbde767510089c98f9e4542acf", "price_changes": [{"asset_id": "84623582702478458911256775934145074819308385062112529630469623237121316737936", "price": "0.999", "size": "98701.93", "side": "BUY", "hash": "ebef22ef723794c8e38c12bf1bcc194e94cb13c8", "best_bid": "0.999", "best_ask": "1"}, {"asset_id": "111340596859814301535783211235846772952450371700786201606541359184247957354432", "price": "0.001", "size": "98701.93", "side": "SELL", "hash": "c3e9269bef9d5dc1c996e7f1f2d1620803bc4bdf", "best_bid": "0", "best_ask": "0.001"}], "timestamp": "1769384054863", "event_type": "price_change"}}
