{"_local_timestamp": "2026-01-25T23:33:58.848092+00:00", "data": [{"market": "0xb8e9929e12cd6ec376a853095efbb701e6161e0fc7544ed5a702a4b8bcdd77ed", "asset_id": "80288588795953105933627601109017487825420896876408664981801507122860836910392", "timestamp": "1769383992881", "hash": "baf11b5f9b7f33745bc88082fcf4dc5266a23386", "bids": [{"price": "0.01", "size": "155.18"}, {"price": "0.02", "size": "47.41"}, {"price": "0.58", "size": "80"}], "asks": [{"price": "0.99", "size": "157.47"}, {"price": "0.98", "size": "46.26"}, {"price": "0.83", "size": "80"}], "event_type": "book", "last_trade_price": "0.160"}, {"market": "0xb8e9929e12cd6ec376a853095efbb701e6161e0fc7544ed5a702a4b8bcdd77ed", "asset_id": "76136844051601335888907604133358366425058549611112777364537215869359383506789", "timestamp": "1769383992881", "hash": "0fdc410f5b5aab7d43491c3145c03ac01123bf0c", "bids": [{"price": "0.01", "size": "157.47"}, {"price": "0.02", "size": "46.26"}, {"price": "0.17", "size": "80"}], "asks": [{"price": "0.99", "size": "155.18"}, {"price": "0.98", "size": "47.41"}, {"price": "0.42", "size": "80"}], "event_type": "book", "last_trade_price": "0.160"}]}
{"_local_timestamp": "2026-01-25T23:33:59.025214+00:00", "data": {"market": "0xb8e9929e12cd6ec376a853095efbb701e6161e0fc7544ed5a702a4b8bcdd77ed", "price_changes": [{"asset_id": "80288588795953105933627601109017487825420896876408664981801507122860836910392", "price": "0.6", "size": "10", "side": "BUY", "hash": "12f53b4230353856c9cbb0a20872579adb71459c", "best_bid": "0.6", "best_ask": "0.83"}, {"asset_id": "76136844051601335888907604133358366425058549611112777364537215869359383506789", "price": "0.4", "size": "10", "side": "SELL", "hash": "1a77adcf8239ca257effd1fc923081b1c21cde72", "best_bid": "0.17", "best_ask": "0.4"}], "timestamp": "1769384038947", "event_type": "price_change"}}
{"_local_timestamp": "2026-01-25T23:34:26.533581+00:00", "data": {"market": "0xb8e9929e12cd6ec376a853095efbb701e6161e0fc7544ed5a702a4b8bcdd77ed", "price_changes": [{"asset_id": "76136844051601335888907604133358366425058549611112777364537215869359383506789", "price": "0.17", "size": "0", "side": "BUY", "hash": "fdfbb5daa1994de259b3f4d63f9c0bed6d753bd3", "best_bid": "0.02", "best_ask": "0.4"}, {"asset_id": "80288588795953105933627601109017487825420896876408664981801507122860836910392", "price": "0.83", "size": "0", "side": "SELL", "hash": "9d26bfe82c178ce2a96b822fd23ec859b95712b1", "best_bid": "0.6", "best_ask": "0.98"}], "timestamp": "1769384066466", "event_type": "price_change"}}
{"_local_timestamp": "2026-01-25T23:34:26.595527+00:00", "data": {"market": "0xb8e9929e12cd6ec376a853095efbb701e6161e0fc7544ed5a702a4b8bcdd77ed", "price_changes": [{"asset_id": "76136844051601335888907604133358366425058549611112777364537215869359383506789", "price": "0.16", "size": "80", "side": "BUY", "hash": "7a15b12c61d023132f1aa1b127d150a45dc3030b", "best_bid": "0.16", "best_ask": "0.4"}, {"asset_id": "80288588795953105933627601109017487825420896876408664981801507122860836910392", "price": "0.84", "size": "80", "side": "SELL", "hash": "0ecd5c5de8cf62ba9d88424589d277651c7213a9", "best_bid": "0.6", "best_ask": "0.84"}], "timestamp": "1769384066525", "event_type": "price_change"}}
{"_local_timestamp": "2026-01-25T23:34:26.815737+00:00", "data": {"market": "0xb8e9929e12cd6ec376a853095efbb701e6161e0fc7544ed5a702a4b8bcdd77ed", "price_changes": [{"asset_id": "76136844051601335888907604133358366425058549611112777364537215869359383506789", "price": "0.16", "size": "0", "side": "BUY", "hash": "b1a599d36b6916eb034c681f382c8d2755530785", "best_bid": "0.02", "best_ask": "0.4"}, {"asset_id": "80288588795953105933627601109017487825420896876408664981801507122860836910392", "price": "0.84", "size": "0", "side": "SELL", "hash": "1e70f7bf319e061f73a42619500305e675c6ef08", "best_bid": "0.6", "best_ask": "0.98"}], "timestamp": "1769384066753", "event_type": "price_change"}}
{"_local_timestamp": "2026-01-25T23:34:26.888909+00:00", "data": {"market": "0xb8e9929e12cd6ec376a853095efbb701e6161e0fc7544ed5a702a4b8bcdd77ed", "price_changes": [{"asset_id": "76136844051601335888907604133358366425058549611112777364537215869359383506789", "price": "0.03", "size": "80", "side": "BUY", "hash": "3a78d72b6096b13ef7268cf1ee5b8720db5cb56e", "best_bid": "0.03", "best_ask": "0.4"}, {"asset_id": "80288588795953105933627601109017487825420896876408664981801507122860836910392", "price": "0.97", "size": "80", "side": "SELL", "hash": "fb963385b75e030e8a0f456a2ec20368cc24c98c", "best_bid": "0.6", "best_ask": "0.97"}], "timestamp": "1769384066811", "event_type": "price_change"}}
{"_local_timestamp": "2026-01-25T23:34:27.142622+00:00", "data": {"market": "0xb8e9929e12cd6ec376a853095efbb701e6161e0fc7544ed5a702a4b8bcdd77ed", "price_changes": [{"asset_id": "76136844051601335888907604133358366425058549611112777364537215869359383506789", "price": "0.03", "size": "0", "side": "BUY", "hash": "7ec68002b41a63ea6ecc6debc7b66867f80ffd10", "best_bid": "0.02", "best_ask": "0.4"}, {"asset_id": "80288588795953105933627601109017487825420896876408664981801507122860836910392", "price": "0.97", "size": "0", "side": "SELL", "hash": "cbee9f2801c2120fddfaebfb5baf163fdd8e8e70", "best_bid": "0.6", "best_ask": "0.98"}], "timestamp": "1769384067044", "event_type": "price_change"}}
{"_local_timestamp": "2026-01-25T23:34:27.166627+00:00", "data": {"market": "0xb8e9929e12cd6ec376a853095efbb701e6161e0fc7544ed5a702a4b8bcdd77ed", "price_changes": [{"asset_id": "76136844051601335888907604133358366425058549611112777364537215869359383506789", "price": "0.16", "size": "80", "side": "BUY", "hash": "239ba80225f750909098d11cb83c239f4f99bd0c", "best_bid": "0.16", "best_ask": "0.4"}, {"asset_id": "80288588795953105933627601109017487825420896876408664981801507122860836910392", "price": "0.84", "size": "80", "side": "SELL", "hash": "d66721be7f56aefac45b2eff7f104a7a8d3c545e", "best_bid": "0.6", "best_ask": "0.84"}], "timestamp": "1769384067103", "event_type": "price_change"}}
{"_local_timestamp": "2026-01-25T23:34:27.394937+00:00", "data": {"market": "0xb8e9929e12cd6ec376a853095efbb701e6161e0fc7544ed5a702a4b8bcdd77ed", "price_changes": [{"asset_id": "76136844051601335888907604133358366425058549611112777364537215869359383506789", "price": "0.16", "size": "0", "side": "BUY", "hash": "29f46dd8d6700228521f29267e05e63e28377cf4", "best_bid": "0.02", "best_ask": "0.4"}, {"asset_id": "80288588795953105933627601109017487825420896876408664981801507122860836910392", "price": "0.84", "size": "0", "side": "SELL", "hash": "8344d4fe19c8bd4897aeb2b3adb60ca329d7ea89", "best_bid": "0.6", "best_ask": "0.98"}], "timestamp": "1769384067328", "event_type": "price_change"}}
{"_local_timestamp": "2026-01-25T23:34:27.457288+00:00", "data": {"market": "0xb8e9929e12cd6ec376a853095efbb701e6161e0fc7544ed5a702a4b8bcdd77ed", "price_changes": [{"asset_id": "76136844051601335888907604133358366425058549611112777364537215869359383506789", "price": "0.03", "size": "80", "side": "BUY", "hash": "2de0bf6b03fa15d0f72aa48abd6142a8dd555bc8", "best_bid": "0.03", "best_ask": "0.4"}, {"asset_id": "80288588795953105933627601109017487825420896876408664981801507122860836910392", "price": "0.97", "size": "80", "side": "SELL", "hash": "15337036e6a0554f3d5bfcef5eb93e24d1f4c925", "best_bid": "0.6", "best_ask": "0.97"}], "timestamp": "1769384067391", "event_type": "price_change"}}
{"_local_timestamp": "2026-01-25T23:34:27.884653+00:00", "data": {"market": "0xb8e9929e12cd6ec376a853095efbb701e6161e0fc7544ed5a702a4b8bcdd77ed", "price_changes": [{"asset_id": "76136844051601335888907604133358366425058549611112777364537215869359383506789", "price": "0.03", "size": "0", "side": "BUY", "hash": "e1cfdff6bcf5c25857e545d53d9b76c3b55543da", "best_bid": "0.02", "best_ask": "0.4"}, {"asset_id": "80288588795953105933627601109017487825420896876408664981801507122860836910392", "price": "0.97", "size": "0", "side": "SELL", "hash": "3c96a0d2e563cd614032d3a6d66f8c300f7ceebf", "best_bid": "0.6", "best_ask": "0.98"}], "timestamp": "1769384067616", "event_type": "price_change"}}
{"_local_timestamp": "2026-01-25T23:34:27.897117+00:00", "data": {"market": "0xb8e9929e12cd6ec376a853095efbb701e6161e0fc7544ed5a702a4b8bcdd77ed", "price_changes": [{"asset_id": "76136844051601335888907604133358366425058549611112777364537215869359383506789", "price": "0.16", "size": "80", "side": "BUY", "hash": "fdf3894cd50cafd966a0b5b4a7e3b727bd975323", "best_bid": "0.16", "best_ask": "0.4"}, {"asset_id": "80288588795953105933627601109017487825420896876408664981801507122860836910392", "price": "0.84", "size": "80", "side": "SELL", "hash": "0cfa63d716021912491e1713fbe7c09c4e4bf5cc", "best_bid": "0.6", "best_ask": "0.84"}], "timestamp": "1769384067685", "event_type": "price_change"}}
{"_local_timestamp": "2026-01-25T23:34:27.982039+00:00", "data": {"market": "0xb8e9929e12cd6ec376a853095efbb701e6161e0fc7544ed5a702a4b8bcdd77ed", "price_changes": [{"asset_id": "76136844051601335888907604133358366425058549611112777364537215869359383506789", "price": "0.16", "size": "0", "side": "BUY", "hash": "746e581eb0bdb82f4248e860aca94f22578a9227", "best_bid": "0.02", "best_ask": "0.4"}, {"asset_id": "80288588795953105933627601109017487825420896876408664981801507122860836910392", "price": "0.84", "size": "0", "side": "SELL", "hash": "7e8cfe87869997c46541265ab09d7ecc73355ba0", "best_bid": "0.6", "best_ask": "0.98"}], "timestamp": "1769384067912", "event_type": "price_change"}}
{"_local_timestamp": "2026-01-25T23:34:28.031795+00:00", "data": {"market": "0xb8e9929e12cd6ec376a853095efbb701e6161e0fc7544ed5a702a4b8bcdd77ed", "price_changes": [{"asset_id": "76136844051601335888907604133358366425058549611112777364537215869359383506789", "price": "0.03", "size": "80", "side": "BUY", "hash": "f6bd085132e26e344da6ccf018af92caba864402", "best_bid": "0.03", "best_ask": "0.4"}, {"asset_id": "80288588795953105933627601109017487825420896876408664981801507122860836910392", "price": "0.97", "size": "80", "side": "SELL", "hash": "bb38c5b49c98822403ec5b09605d9653a1146fce", "best_bid": "0.6", "best_ask": "0.97"}], "timestamp": "1769384067965", "event_type": "price_change"}}
{"_local_timestamp": "2026-01-25T23:34:28.396110+00:00", "data": {"market": "0xb8e9929e12cd6ec376a853095efbb701e6161e0fc7544ed5a702a4b8bcdd77ed", "price_changes": [{"asset_id": "76136844051601335888907604133358366425058549611112777364537215869359383506789", "price": "0.03", "size": "0", "side": "BUY", "hash": "ef434bd1b2309a68eb8a8c9e2d54bbd33cc1b0f4", "best_bid": "0.02", "best_ask": "0.4"}, {"asset_id": "80288588795953105933627601109017487825420896876408664981801507122860836910392", "price": "0.97", "size": "0", "side": "SELL", "hash": "f8daab59bc16fe9a61dea88dd04b7b30a7970700", "best_bid": "0.6", "best_ask": "0.98"}], "timestamp": "1769384068201", "event_type": "price_change"}}
{"_local_timestamp": "2026-01-25T23:34:28.669602+00:00", "data": {"market": "0xb8e9929e12cd6ec376a853095efbb701e6161e0fc7544ed5a702a4b8bcdd77ed", "price_changes": [{"asset_id": "76136844051601335888907604133358366425058549611112777364537215869359383506789", "price": "0.16", "size": "80", "side": "BUY", "hash": "0bf663c7a86776333edc815a6eac3393b244d9cc", "best_bid": "0.16", "best_ask": "0.4"}, {"asset_id": "80288588795953105933627601109017487825420896876408664981801507122860836910392", "price": "0.84", "size": "80", "side": "SELL", "hash": "d063a82c1a2dbfc3bc6b4c81767c82f75ecaff46", "best_bid": "0.6", "best_ask": "0.84"}], "timestamp": "1769384068265", "event_type": "price_change"}}
{"_local_timestamp": "2026-01-25T23:34:28.918566+00:00", "data": {"market": "0xb8e9929e12cd6ec376a853095efbb701e6161e0fc7544ed5a702a4b8bcdd77ed", "price_changes": [{"asset_id": "76136844051601335888907604133358366425058549611112777364537215869359383506789", "price": "0.16", "size": "0", "side": "BUY", "hash": "081680adc59890eec7a3c5d42b7174720daa28eb", "best_bid": "0.02", "best_ask": "0.4"}, {"asset_id": "80288588795953105933627601109017487825420896876408664981801507122860836910392", "price": "0.84", "size": "0", "side": "SELL", "hash": "510d968a7efd7e5f9749d6aed4b5e91eb4e1d689", "best_bid": "0.6", "best_ask": "0.98"}], "timestamp": "1769384068491", "event_type": "price_change"}}
{"_local_timestamp": "2026-01-25T23:34:28.943437+00:00", "data": {"market": "0xb8e9929e12cd6ec376a853095efbb701e6161e0fc7544ed5a702a4b8bcdd77ed", "price_changes": [{"asset_id": "76136844051601335888907604133358366425058549611112777364537215869359383506789", "price": "0.03", "size": "80", "side": "BUY", "hash": "03f8aad4592dbcc9362c248c8384390c02f63d43", "best_bid": "0.03", "best_ask": "0.4"}, {"asset_id": "80288588795953105933627601109017487825420896876408664981801507122860836910392", "price": "0.97", "size": "80", "side": "SELL", "hash": "7999276932a0f19a9292f2c1e58f666f867a05c4", "best_bid": "0.6", "best_ask": "0.97"}], "timestamp": "1769384068545", "event_type": "price_change"}}
{"_local_timestamp": "2026-01-25T23:34:29.068178+00:00", "data": {"market": "0xb8e9929e12cd6ec376a853095efbb701e6161e0fc7544ed5a702a4b8bcdd77ed", "price_changes": [{"asset_id": "76136844051601335888907604133358366425058549611112777364537215869359383506789", "price": "0.03", "size": "0", "side": "BUY", "hash": "06fb8197b1aa791c31a6e001cdbb203b8f94664d", "best_bid": "0.02", "best_ask": "0.4"}, {"asset_id": "80288588795953105933627601109017487825420896876408664981801507122860836910392", "price": "0.97", "size": "0", "side": "SELL", "hash": "134b7e407f03c114926e7ef366a7f4f70a9e9861", "best_bid": "0.6", "best_ask": "0.98"}], "timestamp": "1769384068772", "event_type": "price_change"}}
{"_local_timestamp": "2026-01-25T23:34:29.099171+00:00", "data": {"market": "0xb8e9929e12cd6ec376a853095efbb701e6161e0fc7544ed5a702a4b8bcdd77ed", "price_changes": [{"asset_id": "76136844051601335888907604133358366425058549611112777364537215869359383506789", "price": "0.16", "size": "80", "side": "BUY", "hash": "29b8449f7bcbae242b59fad3243b6cd1d53e2270", "best_bid": "0.16", "best_ask": "0.4"}, {"asset_id": "80288588795953105933627601109017487825420896876408664981801507122860836910392", "price": "0.84", "size": "80", "side": "SELL", "hash": "600bc52be6699f7c03fc9ab99ccfcddf192e36a9", "best_bid": "0.6", "best_ask": "0.84"}], "timestamp": "1769384068829", "event_type": "price_change"}}
{"_local_timestamp": "2026-01-25T23:34:29.187307+00:00", "data": {"market": "0xb8e9929e12cd6ec376a853095efbb701e6161e0fc7544ed5a702a4b8bcdd77ed", "price_changes": [{"asset_id": "76136844051601335888907604133358366425058549611112777364537215869359383506789", "price": "0.16", "size": "0", "side": "BUY", "hash": "25671636d637d18717049665395def353a8a7de4", "best_bid": "0.02", "best_ask": "0.4"}, {"asset_id": "80288588795953105933627601109017487825420896876408664981801507122860836910392", "price": "0.84", "size": "0", "side": "SELL", "hash": "6e5396751a98efb3c249a9370a7fd832b48696e7", "best_bid": "0.6", "best_ask": "0.98"}], "timestamp": "1769384069053", "event_type": "price_change"}}
{"_local_timestamp": "2026-01-25T23:34:29.218230+00:00", "data": {"market": "0xb8e9929e12cd6ec376a853095efbb701e6161e0fc7544ed5a702a4b8bcdd77ed", "price_changes": [{"asset_id": "76136844051601335888907604133358366425058549611112777364537215869359383506789", "price": "0.03", "size": "80", "side": "BUY", "hash": "3ee1a85ea8308c35d0e3eae38d603e18a070a6ec", "best_bid": "0.03", "best_ask": "0.4"}, {"asset_id": "80288588795953105933627601109017487825420896876408664981801507122860836910392", "price": "0.97", "size": "80", "side": "SELL", "hash": "ad713077e071ca501b9f14d97885425bc30a6be7", "best_bid": "0.6", "best_ask": "0.97"}], "timestamp": "1769384069108", "event_type": "price_change"}}
{"_local_timestamp": "2026-01-25T23:34:29.400832+00:00", "data": {"market": "0xb8e9929e12cd6ec376a853095efbb701e6161e0fc7544ed5a702a4b8bcdd77ed", "price_changes": [{"asset_id": "76136844051601335888907604133358366425058549611112777364537215869359383506789", "price": "0.03", "size": "0", "side": "BUY", "hash": "604cc61f5987dda3334c8ebbce292ffa62667d74", "best_bid": "0.02", "best_ask": "0.4"}, {"asset_id": "80288588795953105933627601109017487825420896876408664981801507122860836910392", "price": "0.97", "size": "0", "side": "SELL", "hash": "0c99b811728622464a7f29055f151dff1bcaac19", "best_bid": "0.6", "best_ask": "0.98"}], "timestamp": "1769384069334", "event_type": "price_change"}}
{"_local_timestamp": "2026-01-25T23:34:29.452502+00:00", "data": {"market": "0xb8e9929e12cd6ec376a853095efbb701e6161e0fc7544ed5a702a4b8bcdd77ed", "price_changes": [{"asset_id": "76136844051601335888907604133358366425058549611112777364537215869359383506789", "price": "0.16", "size": "80", "side": "BUY", "hash": "c6e46f159475480fcfa7bf7357aca13c0b635bb3", "best_bid": "0.16", "best_ask": "0.4"}, {"asset_id": "80288588795953105933627601109017487825420896876408664981801507122860836910392", "price": "0.84", "size": "80", "side": "SELL", "hash": "3c51d8315456abb3ea7d83251040932a995a45d3", "best_bid": "0.6", "best_ask": "0.84"}], "timestamp": "1769384069386", "event_type": "price_change"}}
{"_local_timestamp": "2026-01-25T23:34:29.707231+00:00", "data": {"market": "0xb8e9929e12cd6ec376a853095efbb701e6161e0fc7544ed5a702a4b8bcdd77ed", "price_changes": [{"asset_id": "76136844051601335888907604133358366425058549611112777364537215869359383506789", "price": "0.16", "size": "0", "side": "BUY", "hash": "4ca798af8425ac3f6a0527762b2a1951109e5ec6", "best_bid": "0.02", "best_ask": "0.4"}, {"asset_id": "80288588795953105933627601109017487825420896876408664981801507122860836910392", "price": "0.84", "size": "0", "side": "SELL", "hash": "d0db32f557e5e3da7ca639041844f3d1746ba78b", "best_bid": "0.6", "best_ask": "0.98"}], "timestamp": "1769384069612", "event_type": "price_change"}}
{"_local_timestamp": "2026-01-25T23:34:29.909882+00:00", "data": {"market": "0xb8e9929e12cd6ec376a853095efbb701e6161e0fc7544ed5a702a4b8bcdd77ed", "price_changes": [{"asset_id": "76136844051601335888907604133358366425058549611112777364537215869359383506789", "price": "0.03", "size": "80", "side": "BUY", "hash": "9681d7e4db40d184e74d685f9cd6a251904b0a7d", "best_bid": "0.03", "best_ask": "0.4"}, {"asset_id": "80288588795953105933627601109017487825420896876408664981801507122860836910392", "price": "0.97", "size": "80", "side": "SELL", "hash": "45da0efe9da214d77bac0cf79d615f4b8c07d8a9", "best_bid": "0.6", "best_ask": "0.97"}], "timestamp": "1769384069698", "event_type": "price_change"}}
{"_local_timestamp": "2026-01-25T23:34:30.125407+00:00", "data": {"market": "0xb8e9929e12cd6ec376a853095efbb701e6161e0fc7544ed5a702a4b8bcdd77ed", "price_changes": [{"asset_id": "76136844051601335888907604133358366425058549611112777364537215869359383506789", "price": "0.03", "size": "0", "side": "BUY", "hash": "c2ab66036f0b89477eae6608ffb7414be1f3f115", "best_bid": "0.02", "best_ask": "0.4"}, {"asset_id": "80288588795953105933627601109017487825420896876408664981801507122860836910392", "price": "0.97", "size": "0", "side": "SELL", "hash": "7a41f054f3a4c016ef9fdb42ff03b83e50f0b524", "best_bid": "0.6", "best_ask": "0.98"}], "timestamp": "1769384069931", "event_type": "price_change"}}
{"_local_timestamp": "2026-01-25T23:34:30.143243+00:00", "data": {"market": "0xb8e9929e12cd6ec376a853095efbb701e6161e0fc7544ed5a702a4b8bcdd77ed", "price_changes": [{"asset_id": "76136844051601335888907604133358366425058549611112777364537215869359383506789", "price": "0.16", "size": "80", "side": "BUY", "hash": "2fa5faf3d9eee6c451c7b8a0768b273887ab0daf", "best_bid": "0.16", "best_ask": "0.4"}, {"asset_id": "80288588795953105933627601109017487825420896876408664981801507122860836910392", "price": "0.84", "size": "80", "side": "SELL", "hash": "1223d8aad4645daddc9e6bcf63556477fa214122", "best_bid": "0.6", "best_ask": "0.84"}], "timestamp": "1769384069991", "event_type": "price_change"}}
{"_local_timestamp": "2026-01-25T23:34:30.409989+00:00", "data": {"market": "0xb8e9929e12cd6ec376a853095efbb701e6161e0fc7544ed5a702a4b8bcdd77ed", "price_changes": [{"asset_id": "76136844051601335888907604133358366425058549611112777364537215869359383506789", "price": "0.16", "size": "0", "side": "BUY", "hash": "6a094fa0e15b6e9538a736dedd8c9d46f90a43ef", "best_bid": "0.02", "best_ask": "0.4"}, {"asset_id": "80288588795953105933627601109017487825420896876408664981801507122860836910392", "price": "0.84", "size": "0", "side": "SELL", "hash": "3065ab9e5cfb00eae61bed29c87ac786443202f9", "best_bid": "0.6", "best_ask": "0.98"}], "timestamp": "1769384070224", "event_type": "price_change"}}
{"_local_timestamp": "2026-01-25T23:34:30.463408+00:00", "data": {"market": "0xb8e9929e12cd6ec376a853095efbb701e6161e0fc7544ed5a702a4b8bcdd77ed", "price_changes": [{"asset_id": "76136844051601335888907604133358366425058549611112777364537215869359383506789", "price": "0.03", "size": "80", "side": "BUY", "hash": "d68102dce752cbaeafb209826fd58ef8b8bdc946", "best_bid": "0.03", "best_ask": "0.4"}, {"asset_id": "80288588795953105933627601109017487825420896876408664981801507122860836910392", "price": "0.97", "size": "80", "side": "SELL", "hash": "de001821bea7dd792364c34de28e1cf8b7862b91", "best_bid": "0.6", "best_ask": "0.97"}], "timestamp": "1769384070292", "event_type": "price_change"}}
{"_local_timestamp": "2026-01-25T23:34:30.650085+00:00", "data": {"market": "0xb8e9929e12cd6ec376a853095efbb701e6161e0fc7544ed5a702a4b8bcdd77ed", "price_changes": [{"asset_id": "76136844051601335888907604133358366425058549611112777364537215869359383506789", "price": "0.03", "size": "0", "side": "BUY", "hash": "c14353aa0048c774aa972d3b8b63426848223162", "best_bid": "0.02", "best_ask": "0.4"}, {"asset_id": "80288588795953105933627601109017487825420896876408664981801507122860836910392", "price": "0.97", "size": "0", "side": "SELL", "hash": "79ec5b924ab11c1049c9e521be13672c4715764f", "best_bid": "0.6", "best_ask": "0.98"}], "timestamp": "1769384070520", "event_type": "price_change"}}
{"_local_timestamp": "2026-01-25T23:34:30.695665+00:00", "data": {"market": "0xb8e9929e12cd6ec376a853095efbb701e6161e0fc7544ed5a702a4b8bcdd77ed", "price_changes": [{"asset_id": "76136844051601335888907604133358366425058549611112777364537215869359383506789", "price": "0.16", "size": "80", "side": "BUY", "hash": "c7ec837f2324f66f746b9f472b5100fbfee582da", "best_bid": "0.16", "best_ask": "0.4"}, {"asset_id": "80288588795953105933627601109017487825420896876408664981801507122860836910392", "price": "0.84", "size": "80", "side": "SELL", "hash": "5aa319f9980229e9925ad3db02e751cf0ff224bd", "best_bid": "0.6", "best_ask": "0.84"}], "timestamp": "1769384070575", "event_type": "price_change"}}
{"_local_timestamp": "2026-01-25T23:34:31.006267+00:00", "data": {"market": "0xb8e9929e12cd6ec376a853095efbb701e6161e0fc7544ed5a702a4b8bcdd77ed", "price_changes": [{"asset_id": "76136844051601335888907604133358366425058549611112777364537215869359383506789", "price": "0.16", "size": "0", "side": "BUY", "hash": "0442033fcf64fdaa775e18dbf8bc47ce169570d4", "best_bid": "0.02", "best_ask": "0.4"}, {"asset_id": "80288588795953105933627601109017487825420896876408664981801507122860836910392", "price": "0.84", "size": "0", "side": "SELL", "hash": "74e1b7b658274b18e9fe6c70a83a292ae1f64b77", "best_bid": "0.6", "best_ask": "0.98"}], "timestamp": "1769384070921", "event_type": "price_change"}}
{"_local_timestamp": "2026-01-25T23:34:31.051026+00:00", "data": {"market": "0xb8e9929e12cd6ec376a853095efbb701e6161e0fc7544ed5a702a4b8bcdd77ed", "price_changes": [{"asset_id": "76136844051601335888907604133358366425058549611112777364537215869359383506789", "price": "0.03", "size": "80", "side": "BUY", "hash": "fac995532aca0061b214e16d9858c6f245c299b8", "best_bid": "0.03", "best_ask": "0.4"}, {"asset_id": "80288588795953105933627601109017487825420896876408664981801507122860836910392", "price": "0.97", "size": "80", "side": "SELL", "hash": "a0cbc189ccd07c5cd79aad6a65414570339669b4", "best_bid": "0.6", "best_ask": "0.97"}], "timestamp": "1769384070984", "event_type": "price_change"}}
{"_local_timestamp": "2026-01-25T23:34:31.278207+00:00", "data": {"market": "0xb8e9929e12cd6ec376a853095efbb701e6161e0fc7544ed5a702a4b8bcdd77ed", "price_changes": [{"asset_id": "76136844051601335888907604133358366425058549611112777364537215869359383506789", "price": "0.03", "size": "0", "side": "BUY", "hash": "5a81cc88d8b6479cfd13d477e60fdf206a75a703", "best_bid": "0.02", "best_ask": "0.4"}, {"asset_id": "80288588795953105933627601109017487825420896876408664981801507122860836910392", "price": "0.97", "size": "0", "side": "SELL", "hash": "c5f366b61e90e56b2d08ae288592fd8525b4e0ad", "best_bid": "0.6", "best_ask": "0.98"}], "timestamp": "1769384071211", "event_type": "price_change"}}
{"_local_timestamp": "2026-01-25T23:34:31.337644+00:00", "data": {"market": "0xb8e9929e12cd6ec376a853095efbb701e6161e0fc7544ed5a702a4b8bcdd77ed", "price_changes": [{"asset_id": "76136844051601335888907604133358366425058549611112777364537215869359383506789", "price": "0.16", "size": "80", "side": "BUY", "hash": "7c0e4ce7b150ef64daa7422a91fbb1ca5561d943", "best_bid": "0.16", "best_ask": "0.4"}, {"asset_id": "80288588795953105933627601109017487825420896876408664981801507122860836910392", "price": "0.84", "size": "80", "side": "SELL", "hash": "746fd2d92f03384a048290aae27ff15b2dbe1de2", "best_bid": "0.6", "best_ask": "0.84"}], "timestamp": "1769384071261", "event_type": "price_change"}}
{"_local_timestamp": "2026-01-25T23:34:31.555705+00:00", "data": {"market": "0xb8e9929e12cd6ec376a853095efbb701e6161e0fc7544ed5a702a4b8bcdd77ed", "price_changes": [{"asset_id": "76136844051601335888907604133358366425058549611112777364537215869359383506789", "price": "0.16", "size": "0", "side": "BUY", "hash": "928651a3280cf69f0c1b1fd1fc5ad8cf4afb361a", "best_bid": "0.02", "best_ask": "0.4"}, {"asset_id": "80288588795953105933627601109017487825420896876408664981801507122860836910392", "price": "0.84", "size": "0", "side": "SELL", "hash": "04f44e6e6f98196e2cd09f6e84e88478afae95cb", "best_bid": "0.6", "best_ask": "0.98"}], "timestamp": "1769384071485", "event_type": "price_change"}}
{"_local_timestamp": "2026-01-25T23:34:31.611086+00:00", "data": {"market": "0xb8e9929e12cd6ec376a853095efbb701e6161e0fc7544ed5a702a4b8bcdd77ed", "price_changes": [{"asset_id": "76136844051601335888907604133358366425058549611112777364537215869359383506789", "price": "0.03", "size": "80", "side": "BUY", "hash": "8a2e3e2e53e29dab8577cdd33b9f413ccc12ca29", "best_bid": "0.03", "best_ask": "0.4"}, {"asset_id": "80288588795953105933627601109017487825420896876408664981801507122860836910392", "price": "0.97", "size": "80", "side": "SELL", "hash": "069898f692b29b5a7359b9720d69ea1904054341", "best_bid": "0.6", "best_ask": "0.97"}], "timestamp": "1769384071543", "event_type": "price_change"}}
{"_local_timestamp": "2026-01-25T23:34:31.842880+00:00", "data": {"market": "0xb8e9929e12cd6ec376a853095efbb701e6161e0fc7544ed5a702a4b8bcdd77ed", "price_changes": [{"asset_id": "76136844051601335888907604133358366425058549611112777364537215869359383506789", "price": "0.03", "size": "0", "side": "BUY", "hash": "9f0df784ffe07a5a0b6f5a891dd9e1787e4a0694", "best_bid": "0.02", "best_ask": "0.4"}, {"asset_id": "80288588795953105933627601109017487825420896876408664981801507122860836910392", "price": "0.97", "size": "0", "side": "SELL", "hash": "33492e85a19b2e000244dd43c2e4e9547a83dfd2", "best_bid": "0.6", "best_ask": "0.98"}], "timestamp": "1769384071768", "event_type": "price_change"}}
{"_local_timestamp": "2026-01-25T23:34:31.878313+00:00", "data": {"market": "0xb8e9929e12cd6ec376a853095efbb701e6161e0fc7544ed5a702a4b8bcdd77ed", "price_changes": [{"asset_id": "76136844051601335888907604133358366425058549611112777364537215869359383506789", "price": "0.04", "size": "5.47", "side": "BUY", "hash": "b92791b0c352eb64d14a8a09d35ded37feb67cc0", "best_bid": "0.04", "best_ask": "0.4"}, {"asset_id": "80288588795953105933627601109017487825420896876408664981801507122860836910392", "price": "0.96", "size": "5.47", "side": "SELL", "hash": "9c070bda9494998084d5e08c106e9277e104bc6c", "best_bid": "0.6", "best_ask": "0.96"}], "timestamp": "1769384071805", "event_type": "price_change"}}
{"_local_timestamp": "2026-01-25T23:34:31.893412+00:00", "data": {"market": "0xb8e9929e12cd6ec376a853095efbb701e6161e0fc7544ed5a702a4b8bcdd77ed", "price_changes": [{"asset_id": "76136844051601335888907604133358366425058549611112777364537215869359383506789", "price": "0.16", "size": "80", "side": "BUY", "hash": "25f969eeacc4ea2fd4283c2bc71ddca5c6dfdd08", "best_bid": "0.16", "best_ask": "0.4"}, {"asset_id": "80288588795953105933627601109017487825420896876408664981801507122860836910392", "price": "0.84", "size": "80", "side": "SELL", "hash": "b3665c7e0679de03579e9166d90a112d3247a872", "best_bid": "0.6", "best_ask": "0.84"}], "timestamp": "1769384071822", "event_type": "price_change"}}
{"_local_timestamp": "2026-01-25T23:34:31.925253+00:00", "data": {"market": "0xb8e9929e12cd6ec376a853095efbb701e6161e0fc7544ed5a702a4b8bcdd77ed", "price_changes": [{"asset_id": "76136844051601335888907604133358366425058549611112777364537215869359383506789", "price": "0.05", "size": "53", "side": "BUY", "hash": "c1d4cb931d1da03e179d9143594f853a00c5e97d", "best_bid": "0.16", "best_ask": "0.4"}, {"asset_id": "80288588795953105933627601109017487825420896876408664981801507122860836910392", "price": "0.95", "size": "53", "side": "SELL", "hash": "1bad6737bfbd28c1cefa76b3a679870e1e2652b7", "best_bid": "0.6", "best_ask": "0.84"}], "timestamp": "1769384071855", "event_type": "price_change"}}
{"_local_timestamp": "2026-01-25T23:34:31.941198+00:00", "data": {"market": "0xb8e9929e12cd6ec376a853095efbb701e6161e0fc7544ed5a702a4b8bcdd77ed", "price_changes": [{"asset_id": "76136844051601335888907604133358366425058549611112777364537215869359383506789", "price": "0.06", "size": "53", "side": "BUY", "hash": "6fc62294e720ea6ec4e1ca3186565cd61db21ecc", "best_bid": "0.16", "best_ask": "0.4"}, {"asset_id": "80288588795953105933627601109017487825420896876408664981801507122860836910392", "price": "0.94", "size": "53", "side": "SELL", "hash": "5bcbdbbdf80e5ae4c2295e1f40c64d88d553f973", "best_bid": "0.6", "best_ask": "0.84"}], "timestamp": "1769384071879", "event_type": "price_change"}}
{"_local_timestamp": "2026-01-25T23:34:31.967809+00:00", "data": {"market": "0xb8e9929e12cd6ec376a853095efbb701e6161e0fc7544ed5a702a4b8bcdd77ed", "price_changes": [{"asset_id": "76136844051601335888907604133358366425058549611112777364537215869359383506789", "price": "0.05", "size": "0", "side": "BUY", "hash": "db99f10335a8dadd2f76be14244badcd0cebf1c2", "best_bid": "0.16", "best_ask": "0.4"}, {"asset_id": "80288588795953105933627601109017487825420896876408664981801507122860836910392", "price": "0.95", "size": "0", "side": "SELL", "hash": "2762b4102036010499784b25f20c74303dd3392c", "best_bid": "0.6", "best_ask": "0.84"}], "timestamp": "1769384071902", "event_type": "price_change"}}
{"_local_timestamp": "2026-01-25T23:34:31.970307+00:00", "data": {"market": "0xb8e9929e12cd6ec376a853095efbb701e6161e0fc7544ed5a702a4b8bcdd77ed", "price_changes": [{"asset_id": "76136844051601335888907604133358366425058549611112777364537215869359383506789", "price": "0.07", "size": "53", "side": "BUY", "hash": "786cdfe76eebd377f6e071d13558e0865d55696e", "best_bid": "0.16", "best_ask": "0.4"}, {"asset_id": "80288588795953105933627601109017487825420896876408664981801507122860836910392", "price": "0.93", "size": "53", "side": "SELL", "hash": "37c79f0c1aa70fff9351960ab52eb25e237f9728", "best_bid": "0.6", "best_ask": "0.84"}], "timestamp": "1769384071904", "event_type": "price_change"}}
{"_local_timestamp": "2026-01-25T23:34:31.996147+00:00", "data": {"market": "0xb8e9929e12cd6ec376a853095efbb701e6161e0fc7544ed5a702a4b8bcdd77ed", "price_changes": [{"asset_id": "76136844051601335888907604133358366425058549611112777364537215869359383506789", "price": "0.06", "size": "0", "side": "BUY", "hash": "38555147015421e3c86c0655fb541eb05fed7a68", "best_bid": "0.16", "best_ask": "0.4"}, {"asset_id": "80288588795953105933627601109017487825420896876408664981801507122860836910392", "price": "0.94", "size": "0", "side": "SELL", "hash": "b4e55652199c7ae1cbd132c8e82459f238d13234", "best_bid": "0.6", "best_ask": "0.84"}], "timestamp": "1769384071925", "event_type": "price_change"}}
{"_local_timestamp": "2026-01-25T23:34:32.002484+00:00", "data": {"market": "0xb8e9929e12cd6ec376a853095efbb701e6161e0fc7544ed5a702a4b8bcdd77ed", "price_changes": [{"asset_id": "76136844051601335888907604133358366425058549611112777364537215869359383506789", "price": "0.08", "size": "53", "side": "BUY", "hash": "3c6f56beb07095be2de2fd45646465e84845b27b", "best_bid": "0.16", "best_ask": "0.4"}, {"asset_id": "80288588795953105933627601109017487825420896876408664981801507122860836910392", "price": "0.92", "size": "53", "side": "SELL", "hash": "6935d918ce5cfd04ba3b6ca775c98f3ff6ad7486", "best_bid": "0.6", "best_ask": "0.84"}], "timestamp": "1769384071927", "event_type": "price_change"}}
{"_local_timestamp": "2026-01-25T23:34:32.024612+00:00", "data": {"market": "0xb8e9929e12cd6ec376a853095efbb701e6161e0fc7544ed5a702a4b8bcdd77ed", "price_changes": [{"asset_id": "76136844051601335888907604133358366425058549611112777364537215869359383506789", "price": "0.07", "size": "0", "side": "BUY", "hash": "41a9fd88ef8bd850edfdb44e80bff6f762e50a18", "best_bid": "0.16", "best_ask": "0.4"}, {"asset_id": "80288588795953105933627601109017487825420896876408664981801507122860836910392", "price": "0.93", "size": "0", "side": "SELL", "hash": "bd6ffb854cb1b9dac972d60fbcb1514a5c73315c", "best_bid": "0.6", "best_ask": "0.84"}], "timestamp": "1769384071957", "event_type": "price_change"}}
{"_local_timestamp": "2026-01-25T23:34:32.028157+00:00", "data": {"market": "0xb8e9929e12cd6ec376a853095efbb701e6161e0fc7544ed5a702a4b8bcdd77ed", "price_changes": [{"asset_id": "76136844051601335888907604133358366425058549611112777364537215869359383506789", "price": "0.09", "size": "53", "side": "BUY", "hash": "0e04dcd4b0f27212e52be39da275a135a2707bff", "best_bid": "0.16", "best_ask": "0.4"}, {"asset_id": "80288588795953105933627601109017487825420896876408664981801507122860836910392", "price": "0.91", "size": "53", "side": "SELL", "hash": "6b5c3f68cf5f66c5354fe4fa269ea14faf7bdb66", "best_bid": "0.6", "best_ask": "0.84"}], "timestamp": "1769384071958", "event_type": "price_change"}}
{"_local_timestamp": "2026-01-25T23:34:32.052099+00:00", "data": {"market": "0xb8e9929e12cd6ec376a853095efbb701e6161e0fc7544ed5a702a4b8bcdd77ed", "price_changes": [{"asset_id": "76136844051601335888907604133358366425058549611112777364537215869359383506789", "price": "0.08", "size": "0", "side": "BUY", "hash": "f0e7723c38a1d1faf2bf257c8200cde28f0f927e", "best_bid": "0.16", "best_ask": "0.4"}, {"asset_id": "80288588795953105933627601109017487825420896876408664981801507122860836910392", "price": "0.92", "size": "0", "side": "SELL", "hash": "15e0c221dd6d5b004333eb6ae8fcbfb25483e93c", "best_bid": "0.6", "best_ask": "0.84"}], "timestamp": "1769384071980", "event_type": "price_change"}}
{"_local_timestamp": "2026-01-25T23:34:32.059599+00:00", "data": {"market": "0xb8e9929e12cd6ec376a853095efbb701e6161e0fc7544ed5a702a4b8bcdd77ed", "price_changes": [{"asset_id": "76136844051601335888907604133358366425058549611112777364537215869359383506789", "price": "0.1", "size": "53", "side": "BUY", "hash": "d713f88d32ca9a79f3dfb8a7d866de80b9f8b124", "best_bid": "0.16", "best_ask": "0.4"}, {"asset_id": "80288588795953105933627601109017487825420896876408664981801507122860836910392", "price": "0.9", "size": "53", "side": "SELL", "hash": "5bc0379f796c38421df8a4fff08276f2dce56de9", "best_bid": "0.6", "best_ask": "0.84"}], "timestamp": "1769384071981", "event_type": "price_change"}}
{"_local_timestamp": "2026-01-25T23:34:32.129385+00:00", "data": {"market": "0xb8e9929e12cd6ec376a853095efbb701e6161e0fc7544ed5a702a4b8bcdd77ed", "price_changes": [{"asset_id": "76136844051601335888907604133358366425058549611112777364537215869359383506789", "price": "0.09", "size": "0", "side": "BUY", "hash": "6d5a818ffa1837e01b6edc7289dd95281153c927", "best_bid": "0.16", "best_ask": "0.4"}, {"asset_id": "80288588795953105933627601109017487825420896876408664981801507122860836910392", "price": "0.91", "size": "0", "side": "SELL", "hash": "e38a4ca29495f91fac3c787f3576f72559a15018", "best_bid": "0.6", "best_ask": "0.84"}], "timestamp": "1769384072007", "event_type": "price_change"}}
{"_local_timestamp": "2026-01-25T23:34:32.141416+00:00", "data": {"market": "0xb8e9929e12cd6ec376a853095efbb701e6161e0fc7544ed5a702a4b8bcdd77ed", "price_changes": [{"asset_id": "76136844051601335888907604133358366425058549611112777364537215869359383506789", "price": "0.11", "size": "53", "side": "BUY", "hash": "60c2bb72cc4db6461a5bcefdb02be0a2da228cb2", "best_bid": "0.16", "best_ask": "0.4"}, {"asset_id": "80288588795953105933627601109017487825420896876408664981801507122860836910392", "price": "0.89", "size": "53", "side": "SELL", "hash": "e5d1a7edf0207ce250ff9e3b60ed271d524ebb07", "best_bid": "0.6", "best_ask": "0.84"}], "timestamp": "1769384072009", "event_type": "price_change"}}
{"_local_timestamp": "2026-01-25T23:34:32.163006+00:00", "data": {"market": "0xb8e9929e12cd6ec376a853095efbb701e6161e0fc7544ed5a702a4b8bcdd77ed", "price_changes": [{"asset_id": "76136844051601335888907604133358366425058549611112777364537215869359383506789", "price": "0.16", "size": "0", "side": "BUY", "hash": "e58e857f9763389e462f0a5712fe0854a396289f", "best_bid": "0.11", "best_ask": "0.4"}, {"asset_id": "80288588795953105933627601109017487825420896876408664981801507122860836910392", "price": "0.84", "size": "0", "side": "SELL", "hash": "fd44c113fb6e680be5b5877bc44631001a80aed5", "best_bid": "0.6", "best_ask": "0.89"}], "timestamp": "1769384072075", "event_type": "price_change"}}
{"_local_timestamp": "2026-01-25T23:34:32.191303+00:00", "data": {"market": "0xb8e9929e12cd6ec376a853095efbb701e6161e0fc7544ed5a702a4b8bcdd77ed", "price_changes": [{"asset_id": "76136844051601335888907604133358366425058549611112777364537215869359383506789", "price": "0.1", "size": "0", "side": "BUY", "hash": "67a0bfbb8000c58553b0adddba6f5dae4b8caa94", "best_bid": "0.11", "best_ask": "0.4"}, {"asset_id": "80288588795953105933627601109017487825420896876408664981801507122860836910392", "price": "0.9", "size": "0", "side": "SELL", "hash": "c7f86f07f2c18d44fa561bc7e322e2363211aadf", "best_bid": "0.6", "best_ask": "0.89"}], "timestamp": "1769384072096", "event_type": "price_change"}}
{"_local_timestamp": "2026-01-25T23:34:32.198699+00:00", "data": {"market": "0xb8e9929e12cd6ec376a853095efbb701e6161e0fc7544ed5a702a4b8bcdd77ed", "price_changes": [{"asset_id": "76136844051601335888907604133358366425058549611112777364537215869359383506789", "price": "0.12", "size": "53", "side": "BUY", "hash": "0e84d41dab79ed508ebecce23291978d4d23f04b", "best_bid": "0.12", "best_ask": "0.4"}, {"asset_id": "80288588795953105933627601109017487825420896876408664981801507122860836910392", "price": "0.88", "size": "53", "side": "SELL", "hash": "f0114e1f5dfe70fbe7f5fe9d1ffa0260fd025bef", "best_bid": "0.6", "best_ask": "0.88"}], "timestamp": "1769384072099", "event_type": "price_change"}}
{"_local_timestamp": "2026-01-25T23:34:32.271014+00:00", "data": {"market": "0xb8e9929e12cd6ec376a853095efbb701e6161e0fc7544ed5a702a4b8bcdd77ed", "price_changes": [{"asset_id": "76136844051601335888907604133358366425058549611112777364537215869359383506789", "price": "0.12", "size": "0", "side": "BUY", "hash": "8bf5725d2f5df46af8f5c40e164f0044705057f1", "best_bid": "0.11", "best_ask": "0.4"}, {"asset_id": "80288588795953105933627601109017487825420896876408664981801507122860836910392", "price": "0.88", "size": "0", "side": "SELL", "hash": "3088b3701244607fa9dae0e97c49b1115e2af1ad", "best_bid": "0.6", "best_ask": "0.89"}], "timestamp": "1769384072121", "event_type": "price_change"}}
{"_local_timestamp": "2026-01-25T23:34:32.277888+00:00", "data": {"market": "0xb8e9929e12cd6ec376a853095efbb701e6161e0fc7544ed5a702a4b8bcdd77ed", "price_changes": [{"asset_id": "76136844051601335888907604133358366425058549611112777364537215869359383506789", "price": "0.11", "size": "106", "side": "BUY", "hash": "0b8e7171536e4c2d3c3d92f90722c6688b205599", "best_bid": "0.11", "best_ask": "0.4"}, {"asset_id": "80288588795953105933627601109017487825420896876408664981801507122860836910392", "price": "0.89", "size": "106", "side": "SELL", "hash": "afed74f76d2452474f0674f70365f5e831865171", "best_bid": "0.6", "best_ask": "0.89"}], "timestamp": "1769384072126", "event_type": "price_change"}}
{"_local_timestamp": "2026-01-25T23:34:32.278355+00:00", "data": {"market": "0xb8e9929e12cd6ec376a853095efbb701e6161e0fc7544ed5a702a4b8bcdd77ed", "price_changes": [{"asset_id": "76136844051601335888907604133358366425058549611112777364537215869359383506789", "price": "0.03", "size": "80", "side": "BUY", "hash": "e3857d0ee62b95ca3917cdf9cef628445e07feec", "best_bid": "0.11", "best_ask": "0.4"}, {"asset_id": "80288588795953105933627601109017487825420896876408664981801507122860836910392", "price": "0.97", "size": "80", "side": "SELL", "hash": "4840eb216e328e949449572e0acfea92f916f8e5", "best_bid": "0.6", "best_ask": "0.89"}], "timestamp": "1769384072129", "event_type": "price_change"}}
{"_local_timestamp": "2026-01-25T23:34:32.280522+00:00", "data": {"market": "0xb8e9929e12cd6ec376a853095efbb701e6161e0fc7544ed5a702a4b8bcdd77ed", "price_changes": [{"asset_id": "76136844051601335888907604133358366425058549611112777364537215869359383506789", "price": "0.11", "size": "53", "side": "BUY", "hash": "71525aeab29cf53f2b0f7cd89329fde11725d515", "best_bid": "0.11", "best_ask": "0.4"}, {"asset_id": "80288588795953105933627601109017487825420896876408664981801507122860836910392", "price": "0.89", "size": "53", "side": "SELL", "hash": "23ea2514c854609ff246899e3c6981ea5eaf36ea", "best_bid": "0.6", "best_ask": "0.89"}], "timestamp": "1769384072145", "event_type": "price_change"}}
{"_local_timestamp": "2026-01-25T23:34:32.281061+00:00", "data": {"market": "0xb8e9929e12cd6ec376a853095efbb701e6161e0fc7544ed5a702a4b8bcdd77ed", "price_changes": [{"asset_id": "76136844051601335888907604133358366425058549611112777364537215869359383506789", "price": "0.05", "size": "53", "side": "BUY", "hash": "936378277b2b273cd63443b0f4012bafb2ce7909", "best_bid": "0.11", "best_ask": "0.4"}, {"asset_id": "80288588795953105933627601109017487825420896876408664981801507122860836910392", "price": "0.95", "size": "53", "side": "SELL", "hash": "df3dc35f3a92aabd3fc62d38e1f5744764e4cf4d", "best_bid": "0.6", "best_ask": "0.89"}], "timestamp": "1769384072147", "event_type": "price_change"}}
{"_local_timestamp": "2026-01-25T23:34:32.330574+00:00", "data": {"market": "0xb8e9929e12cd6ec376a853095efbb701e6161e0fc7544ed5a702a4b8bcdd77ed", "price_changes": [{"asset_id": "76136844051601335888907604133358366425058549611112777364537215869359383506789", "price": "0.05", "size": "0", "side": "BUY", "hash": "c138c816f312b25d5a20dbc9cec000d37e563f22", "best_bid": "0.11", "best_ask": "0.4"}, {"asset_id": "80288588795953105933627601109017487825420896876408664981801507122860836910392", "price": "0.95", "size": "0", "side": "SELL", "hash": "79d5b90170a9a6914115fc44b3f569fa1bccaa48", "best_bid": "0.6", "best_ask": "0.89"}], "timestamp": "1769384072192", "event_type": "price_change"}}
{"_local_timestamp": "2026-01-25T23:34:32.372958+00:00", "data": {"market": "0xb8e9929e12cd6ec376a853095efbb701e6161e0fc7544ed5a702a4b8bcdd77ed", "price_changes": [{"asset_id": "76136844051601335888907604133358366425058549611112777364537215869359383506789", "price": "0.12", "size": "53", "side": "BUY", "hash": "1447050b798f799c1bec7068bb503d39d9fe1e1e", "best_bid": "0.12", "best_ask": "0.4"}, {"asset_id": "80288588795953105933627601109017487825420896876408664981801507122860836910392", "price": "0.88", "size": "53", "side": "SELL", "hash": "c52e16e6232bd1d5ec22198aa2de519517c7a845", "best_bid": "0.6", "best_ask": "0.88"}], "timestamp": "1769384072195", "event_type": "price_change"}}
{"_local_timestamp": "2026-01-25T23:34:32.376537+00:00", "data": {"market": "0xb8e9929e12cd6ec376a853095efbb701e6161e0fc7544ed5a702a4b8bcdd77ed", "price_changes": [{"asset_id": "76136844051601335888907604133358366425058549611112777364537215869359383506789", "price": "0.11", "size": "0", "side": "BUY", "hash": "14b9ac41f9ad6a37dc2392b8a41707a06ca95124", "best_bid": "0.12", "best_ask": "0.4"}, {"asset_id": "80288588795953105933627601109017487825420896876408664981801507122860836910392", "price": "0.89", "size": "0", "side": "SELL", "hash": "d81a84551fe04f901501b565f670394a7bd649fb", "best_bid": "0.6", "best_ask": "0.88"}], "timestamp": "1769384072221", "event_type": "price_change"}}
{"_local_timestamp": "2026-01-25T23:34:32.377087+00:00", "data": {"market": "0xb8e9929e12cd6ec376a853095efbb701e6161e0fc7544ed5a702a4b8bcdd77ed", "price_changes": [{"asset_id": "76136844051601335888907604133358366425058549611112777364537215869359383506789", "price": "0.05", "size": "53", "side": "BUY", "hash": "e4cd0980e38735516c832bcfc24aeac18f02d43b", "best_bid": "0.12", "best_ask": "0.4"}, {"asset_id": "80288588795953105933627601109017487825420896876408664981801507122860836910392", "price": "0.95", "size": "53", "side": "SELL", "hash": "5f61cbf5fcee643bff12d84d4207800080dcf847", "best_bid": "0.6", "best_ask": "0.88"}], "timestamp": "1769384072226", "event_type": "price_change"}}
{"_local_timestamp": "2026-01-25T23:34:32.381190+00:00", "data": {"market": "0xb8e9929e12cd6ec376a853095efbb701e6161e0fc7544ed5a702a4b8bcdd77ed", "price_changes": [{"asset_id": "76136844051601335888907604133358366425058549611112777364537215869359383506789", "price": "0.12", "size": "0", "side": "BUY", "hash": "7bec173b0a7161e9479e8928915d2fab7b906c0e", "best_bid": "0.05", "best_ask": "0.4"}, {"asset_id": "80288588795953105933627601109017487825420896876408664981801507122860836910392", "price": "0.88", "size": "0", "side": "SELL", "hash": "bc66df610df6e285195344a3a5bf6c7547f57428", "best_bid": "0.6", "best_ask": "0.95"}], "timestamp": "1769384072230", "event_type": "price_change"}}
{"_local_timestamp": "2026-01-25T23:34:32.381800+00:00", "data": {"market": "0xb8e9929e12cd6ec376a853095efbb701e6161e0fc7544ed5a702a4b8bcdd77ed", "price_changes": [{"asset_id": "76136844051601335888907604133358366425058549611112777364537215869359383506789", "price": "0.05", "size": "0", "side": "BUY", "hash": "e867111dd36bfeb7fd0a875ef0cc651590bca4cc", "best_bid": "0.04", "best_ask": "0.4"}, {"asset_id": "80288588795953105933627601109017487825420896876408664981801507122860836910392", "price": "0.95", "size": "0", "side": "SELL", "hash": "19f1613cb1d1c1c0658ea85a04576e9e1379a54f", "best_bid": "0.6", "best_ask": "0.96"}], "timestamp": "1769384072281", "event_type": "price_change"}}
{"_local_timestamp": "2026-01-25T23:34:32.389700+00:00", "data": {"market": "0xb8e9929e12cd6ec376a853095efbb701e6161e0fc7544ed5a702a4b8bcdd77ed", "price_changes": [{"asset_id": "76136844051601335888907604133358366425058549611112777364537215869359383506789", "price": "0.12", "size": "53", "side": "BUY", "hash": "7a2f685060739030446dfe2c604eb4ff5e85daef", "best_bid": "0.12", "best_ask": "0.4"}, {"asset_id": "80288588795953105933627601109017487825420896876408664981801507122860836910392", "price": "0.88", "size": "53", "side": "SELL", "hash": "780df8fe98831c30b9dca9a1f7ea576f57c5c9e9", "best_bid": "0.6", "best_ask": "0.88"}], "timestamp": "1769384072286", "event_type": "price_change"}}
{"_local_timestamp": "2026-01-25T23:34:32.410677+00:00", "data": {"market": "0xb8e9929e12cd6ec376a853095efbb701e6161e0fc7544ed5a702a4b8bcdd77ed", "price_changes": [{"asset_id": "76136844051601335888907604133358366425058549611112777364537215869359383506789", "price": "0.12", "size": "0", "side": "BUY", "hash": "9197de0bf9cc5a162c3bf6ba41c6913a95bd44f4", "best_bid": "0.04", "best_ask": "0.4"}, {"asset_id": "80288588795953105933627601109017487825420896876408664981801507122860836910392", "price": "0.88", "size": "0", "side": "SELL", "hash": "439555f8d901efded03a1eed259b2486cf606b9e", "best_bid": "0.6", "best_ask": "0.96"}], "timestamp": "1769384072334", "event_type": "price_change"}}
{"_local_timestamp": "2026-01-25T23:34:32.417597+00:00", "data": {"market": "0xb8e9929e12cd6ec376a853095efbb701e6161e0fc7544ed5a702a4b8bcdd77ed", "price_changes": [{"asset_id": "76136844051601335888907604133358366425058549611112777364537215869359383506789", "price": "0.03", "size": "0", "side": "BUY", "hash": "32716e6e585c089fc09ddc4ca298cd6abe3a781e", "best_bid": "0.04", "best_ask": "0.4"}, {"asset_id": "80288588795953105933627601109017487825420896876408664981801507122860836910392", "price": "0.97", "size": "0", "side": "SELL", "hash": "74d89581a89169e289319276c40ed252426b113e", "best_bid": "0.6", "best_ask": "0.96"}], "timestamp": "1769384072355", "event_type": "price_change"}}
{"_local_timestamp": "2026-01-25T23:34:32.499573+00:00", "data": {"market": "0xb8e9929e12cd6ec376a853095efbb701e6161e0fc7544ed5a702a4b8bcdd77ed", "price_changes": [{"asset_id": "76136844051601335888907604133358366425058549611112777364537215869359383506789", "price": "0.16", "size": "80", "side": "BUY", "hash": "57cb4ffe7522dd769df210b9a5fb15ad8d6384ce", "best_bid": "0.16", "best_ask": "0.4"}, {"asset_id": "80288588795953105933627601109017487825420896876408664981801507122860836910392", "price": "0.84", "size": "80", "side": "SELL", "hash": "7193fad2a8b33b54d1962c9f107e948d8895c76c", "best_bid": "0.6", "best_ask": "0.84"}], "timestamp": "1769384072415", "event_type": "price_change"}}
{"_local_timestamp": "2026-01-25T23:34:32.509421+00:00", "data": {"market": "0xb8e9929e12cd6ec376a853095efbb701e6161e0fc7544ed5a702a4b8bcdd77ed", "price_changes": [{"asset_id": "76136844051601335888907604133358366425058549611112777364537215869359383506789", "price": "0.05", "size": "53", "side": "BUY", "hash": "4925a222bb47a43bbf978c4e0f854fa721315946", "best_bid": "0.16", "best_ask": "0.4"}, {"asset_id": "80288588795953105933627601109017487825420896876408664981801507122860836910392", "price": "0.95", "size": "53", "side": "SELL", "hash": "843be075776d0d45fdf53ac0f7c25e06ed3a3082", "best_bid": "0.6", "best_ask": "0.84"}], "timestamp": "1769384072439", "event_type": "price_change"}}
{"_local_timestamp": "2026-01-25T23:34:32.532043+00:00", "data": {"market": "0xb8e9929e12cd6ec376a853095efbb701e6161e0fc7544ed5a702a4b8bcdd77ed", "price_changes": [{"asset_id": "76136844051601335888907604133358366425058549611112777364537215869359383506789", "price": "0.06", "size": "53", "side": "BUY", "hash": "3ba1387f33a303d7c3de3d1a13f8a7a757c6f571", "best_bid": "0.16", "best_ask": "0.4"}, {"asset_id": "80288588795953105933627601109017487825420896876408664981801507122860836910392", "price": "0.94", "size": "53", "side": "SELL", "hash": "0ca6492fa88e32541cc66604c564f265630eff34", "best_bid": "0.6", "best_ask": "0.84"}], "timestamp": "1769384072462", "event_type": "price_change"}}
{"_local_timestamp": "2026-01-25T23:34:32.549774+00:00", "data": {"market": "0xb8e9929e12cd6ec376a853095efbb701e6161e0fc7544ed5a702a4b8bcdd77ed", "price_changes": [{"asset_id": "76136844051601335888907604133358366425058549611112777364537215869359383506789", "price": "0.05", "size": "0", "side": "BUY", "hash": "f5460b2322c2ba1575ccfcb07e1a8268dcd303c8", "best_bid": "0.16", "best_ask": "0.4"}, {"asset_id": "80288588795953105933627601109017487825420896876408664981801507122860836910392", "price": "0.95", "size": "0", "side": "SELL", "hash": "8b560eb124856189295b8449144381cb4b72c689", "best_bid": "0.6", "best_ask": "0.84"}], "timestamp": "1769384072484", "event_type": "price_change"}}
{"_local_timestamp": "2026-01-25T23:34:32.551035+00:00", "data": {"market": "0xb8e9929e12cd6ec376a853095efbb701e6161e0fc7544ed5a702a4b8bcdd77ed", "price_changes": [{"asset_id": "76136844051601335888907604133358366425058549611112777364537215869359383506789", "price": "0.07", "size": "53", "side": "BUY", "hash": "42bbb142350dfc56aef4ea9edc4e02c3ff5fdc6c", "best_bid": "0.16", "best_ask": "0.4"}, {"asset_id": "80288588795953105933627601109017487825420896876408664981801507122860836910392", "price": "0.93", "size": "53", "side": "SELL", "hash": "e4876fe4d1e53cf6b92029789fde92ff57c90c36", "best_bid": "0.6", "best_ask": "0.84"}], "timestamp": "1769384072486", "event_type": "price_change"}}
{"_local_timestamp": "2026-01-25T23:34:32.578896+00:00", "data": {"market": "0xb8e9929e12cd6ec376a853095efbb701e6161e0fc7544ed5a702a4b8bcdd77ed", "price_changes": [{"asset_id": "76136844051601335888907604133358366425058549611112777364537215869359383506789", "price": "0.06", "size": "0", "side": "BUY", "hash": "edc13b6460831fc6d51bd4d4f8def361ad77a68d", "best_bid": "0.16", "best_ask": "0.4"}, {"asset_id": "80288588795953105933627601109017487825420896876408664981801507122860836910392", "price": "0.94", "size": "0", "side": "SELL", "hash": "e7a300c8e9fa0c8230b93a4ee9951b67c98e9d1d", "best_bid": "0.6", "best_ask": "0.84"}], "timestamp": "1769384072509", "event_type": "price_change"}}
{"_local_timestamp": "2026-01-25T23:34:32.581103+00:00", "data": {"market": "0xb8e9929e12cd6ec376a853095efbb701e6161e0fc7544ed5a702a4b8bcdd77ed", "price_changes": [{"asset_id": "76136844051601335888907604133358366425058549611112777364537215869359383506789", "price": "0.08", "size": "53", "side": "BUY", "hash": "df5e72920d8156de75c048b9ce143b26b3ec8450", "best_bid": "0.16", "best_ask": "0.4"}, {"asset_id": "80288588795953105933627601109017487825420896876408664981801507122860836910392", "price": "0.92", "size": "53", "side": "SELL", "hash": "b201fff465f454e9988d11b81da0d536f44b1eb7", "best_bid": "0.6", "best_ask": "0.84"}], "timestamp": "1769384072510", "event_type": "price_change"}}
{"_local_timestamp": "2026-01-25T23:34:32.603509+00:00", "data": {"market": "0xb8e9929e12cd6ec376a853095efbb701e6161e0fc7544ed5a702a4b8bcdd77ed", "price_changes": [{"asset_id": "76136844051601335888907604133358366425058549611112777364537215869359383506789", "price": "0.07", "size": "0", "side": "BUY", "hash": "d96f78a5798b1207d7e8b48816e6d6e1766e6240", "best_bid": "0.16", "best_ask": "0.4"}, {"asset_id": "80288588795953105933627601109017487825420896876408664981801507122860836910392", "price": "0.93", "size": "0", "side": "SELL", "hash": "ff8c11ac472b2b59e818a8f00703938e2d81aa08", "best_bid": "0.6", "best_ask": "0.84"}], "timestamp": "1769384072533", "event_type": "price_change"}}
{"_local_timestamp": "2026-01-25T23:34:32.605107+00:00", "data": {"market": "0xb8e9929e12cd6ec376a853095efbb701e6161e0fc7544ed5a702a4b8bcdd77ed", "price_changes": [{"asset_id": "76136844051601335888907604133358366425058549611112777364537215869359383506789", "price": "0.09", "size": "53", "side": "BUY", "hash": "0a21c50bbe161f60e07f4c2bd03dceb412871585", "best_bid": "0.16", "best_ask": "0.4"}, {"asset_id": "80288588795953105933627601109017487825420896876408664981801507122860836910392", "price": "0.91", "size": "53", "side": "SELL", "hash": "5d0b971f19ffe8fadce5273189576c33a7c53e78", "best_bid": "0.6", "best_ask": "0.84"}], "timestamp": "1769384072537", "event_type": "price_change"}}
{"_local_timestamp": "2026-01-25T23:34:32.621488+00:00", "data": {"market": "0xb8e9929e12cd6ec376a853095efbb701e6161e0fc7544ed5a702a4b8bcdd77ed", "price_changes": [{"asset_id": "76136844051601335888907604133358366425058549611112777364537215869359383506789", "price": "0.08", "size": "0", "side": "BUY", "hash": "337efb5ede7db1959d43886eef6e89e5da748069", "best_bid": "0.16", "best_ask": "0.4"}, {"asset_id": "80288588795953105933627601109017487825420896876408664981801507122860836910392", "price": "0.92", "size": "0", "side": "SELL", "hash": "aa31d03c3db70d7ee0d069ce16b7c6f1e102d7b9", "best_bid": "0.6", "best_ask": "0.84"}], "timestamp": "1769384072558", "event_type": "price_change"}}
{"_local_timestamp": "2026-01-25T23:34:32.625559+00:00", "data": {"market": "0xb8e9929e12cd6ec376a853095efbb701e6161e0fc7544ed5a702a4b8bcdd77ed", "price_changes": [{"asset_id": "76136844051601335888907604133358366425058549611112777364537215869359383506789", "price": "0.1", "size": "53", "side": "BUY", "hash": "102a9f978104b699ca58534f3a8480097f0792e7", "best_bid": "0.16", "best_ask": "0.4"}, {"asset_id": "80288588795953105933627601109017487825420896876408664981801507122860836910392", "price": "0.9", "size": "53", "side": "SELL", "hash": "c992a6da79dc1692c4d0613ae2c93cb7406b906f", "best_bid": "0.6", "best_ask": "0.84"}], "timestamp": "1769384072562", "event_type": "price_change"}}
{"_local_timestamp": "2026-01-25T23:34:32.655197+00:00", "data": {"market": "0xb8e9929e12cd6ec376a853095efbb701e6161e0fc7544ed5a702a4b8bcdd77ed", "price_changes": [{"asset_id": "76136844051601335888907604133358366425058549611112777364537215869359383506789", "price": "0.09", "size": "0", "side": "BUY", "hash": "8f0b101c3220702e08a8fcf86228609fa9a6c586", "best_bid": "0.16", "best_ask": "0.4"}, {"asset_id": "80288588795953105933627601109017487825420896876408664981801507122860836910392", "price": "0.91", "size": "0", "side": "SELL", "hash": "84fd27edfe4e100e522796f998e9a91bb7b47662", "best_bid": "0.6", "best_ask": "0.84"}], "timestamp": "1769384072582", "event_type": "price_change"}}
{"_local_timestamp": "2026-01-25T23:34:32.660634+00:00", "data": {"market": "0xb8e9929e12cd6ec376a853095efbb701e6161e0fc7544ed5a702a4b8bcdd77ed", "price_changes": [{"asset_id": "76136844051601335888907604133358366425058549611112777364537215869359383506789", "price": "0.11", "size": "53", "side": "BUY", "hash": "ebc4c6767bf259609e04e34aa32e771663011a75", "best_bid": "0.16", "best_ask": "0.4"}, {"asset_id": "80288588795953105933627601109017487825420896876408664981801507122860836910392", "price": "0.89", "size": "53", "side": "SELL", "hash": "4b03d7cb930b20f3600cead826787c42b1f63a8d", "best_bid": "0.6", "best_ask": "0.84"}], "timestamp": "1769384072586", "event_type": "price_change"}}
{"_local_timestamp": "2026-01-25T23:34:32.685530+00:00", "data": {"market": "0xb8e9929e12cd6ec376a853095efbb701e6161e0fc7544ed5a702a4b8bcdd77ed", "price_changes": [{"asset_id": "76136844051601335888907604133358366425058549611112777364537215869359383506789", "price": "0.1", "size": "0", "side": "BUY", "hash": "8ea1cdac33997564c99192ff13c3a30076767572", "best_bid": "0.16", "best_ask": "0.4"}, {"asset_id": "80288588795953105933627601109017487825420896876408664981801507122860836910392", "price": "0.9", "size": "0", "side": "SELL", "hash": "84c7ff35623e65393a96b506cab8aa526dcdb34d", "best_bid": "0.6", "best_ask": "0.84"}], "timestamp": "1769384072608", "event_type": "price_change"}}
{"_local_timestamp": "2026-01-25T23:34:32.686089+00:00", "data": {"market": "0xb8e9929e12cd6ec376a853095efbb701e6161e0fc7544ed5a702a4b8bcdd77ed", "price_changes": [{"asset_id": "76136844051601335888907604133358366425058549611112777364537215869359383506789", "price": "0.12", "size": "53", "side": "BUY", "hash": "1fc2bc9a31c3b0f582256a26c5c796145fa0ccc7", "best_bid": "0.16", "best_ask": "0.4"}, {"asset_id": "80288588795953105933627601109017487825420896876408664981801507122860836910392", "price": "0.88", "size": "53", "side": "SELL", "hash": "e6503fb5521ca9c6e9cdb094f272ef53b1873b41", "best_bid": "0.6", "best_ask": "0.84"}], "timestamp": "1769384072611", "event_type": "price_change"}}
{"_local_timestamp": "2026-01-25T23:34:32.709229+00:00", "data": {"market": "0xb8e9929e12cd6ec376a853095efbb701e6161e0fc7544ed5a702a4b8bcdd77ed", "price_changes": [{"asset_id": "76136844051601335888907604133358366425058549611112777364537215869359383506789", "price": "0.13", "size": "53", "side": "BUY", "hash": "96690176f403757cc2ee9908c8d30f501d8079e3", "best_bid": "0.16", "best_ask": "0.4"}, {"asset_id": "80288588795953105933627601109017487825420896876408664981801507122860836910392", "price": "0.87", "size": "53", "side": "SELL", "hash": "5bcb8db9ab28de9483fd99c7e4531c2038014868", "best_bid": "0.6", "best_ask": "0.84"}], "timestamp": "1769384072646", "event_type": "price_change"}}
{"_local_timestamp": "2026-01-25T23:34:32.718415+00:00", "data": {"market": "0xb8e9929e12cd6ec376a853095efbb701e6161e0fc7544ed5a702a4b8bcdd77ed", "price_changes": [{"asset_id": "76136844051601335888907604133358366425058549611112777364537215869359383506789", "price": "0.11", "size": "0", "side": "BUY", "hash": "b52e3a09764b5b7ac84fca1a2e459b0149e0d974", "best_bid": "0.16", "best_ask": "0.4"}, {"asset_id": "80288588795953105933627601109017487825420896876408664981801507122860836910392", "price": "0.89", "size": "0", "side": "SELL", "hash": "5972219d0e4d4adea4e041b8e7449b758065196d", "best_bid": "0.6", "best_ask": "0.84"}], "timestamp": "1769384072649", "event_type": "price_change"}}
{"_local_timestamp": "2026-01-25T23:34:32.722114+00:00", "data": {"market": "0xb8e9929e12cd6ec376a853095efbb701e6161e0fc7544ed5a702a4b8bcdd77ed", "price_changes": [{"asset_id": "76136844051601335888907604133358366425058549611112777364537215869359383506789", "price": "0.16", "size": "0", "side": "BUY", "hash": "e4a715bbfb085acc678439ba883d156806a44bcb", "best_bid": "0.13", "best_ask": "0.4"}, {"asset_id": "80288588795953105933627601109017487825420896876408664981801507122860836910392", "price": "0.84", "size": "0", "side": "SELL", "hash": "ba5af0b21ffac4ff3c1877eec31678ac4fad6223", "best_bid": "0.6", "best_ask": "0.87"}], "timestamp": "1769384072657", "event_type": "price_change"}}
{"_local_timestamp": "2026-01-25T23:34:32.733379+00:00", "data": {"market": "0xb8e9929e12cd6ec376a853095efbb701e6161e0fc7544ed5a702a4b8bcdd77ed", "price_changes": [{"asset_id": "76136844051601335888907604133358366425058549611112777364537215869359383506789", "price": "0.12", "size": "0", "side": "BUY", "hash": "c8c94040dc9f311d9166ca255d8f6293f104fe01", "best_bid": "0.13", "best_ask": "0.4"}, {"asset_id": "80288588795953105933627601109017487825420896876408664981801507122860836910392", "price": "0.88", "size": "0", "side": "SELL", "hash": "44bc7f29ecd916f28c91a421ef4948bd0fe07bbe", "best_bid": "0.6", "best_ask": "0.87"}], "timestamp": "1769384072669", "event_type": "price_change"}}
{"_local_timestamp": "2026-01-25T23:34:32.744818+00:00", "data": {"market": "0xb8e9929e12cd6ec376a853095efbb701e6161e0fc7544ed5a702a4b8bcdd77ed", "price_changes": [{"asset_id": "76136844051601335888907604133358366425058549611112777364537215869359383506789", "price": "0.14", "size": "53", "side": "BUY", "hash": "a7f559906f0312f31f02c70d4b20af2e584512db", "best_bid": "0.14", "best_ask": "0.4"}, {"asset_id": "80288588795953105933627601109017487825420896876408664981801507122860836910392", "price": "0.86", "size": "53", "side": "SELL", "hash": "09149172ed3582e1630373dacf28e6f88dbadd2f", "best_bid": "0.6", "best_ask": "0.86"}], "timestamp": "1769384072677", "event_type": "price_change"}}
{"_local_timestamp": "2026-01-25T23:34:32.754991+00:00", "data": {"market": "0xb8e9929e12cd6ec376a853095efbb701e6161e0fc7544ed5a702a4b8bcdd77ed", "price_changes": [{"asset_id": "76136844051601335888907604133358366425058549611112777364537215869359383506789", "price": "0.13", "size": "0", "side": "BUY", "hash": "8be674ffb05fd88524960f204532170cbbf0c842", "best_bid": "0.14", "best_ask": "0.4"}, {"asset_id": "80288588795953105933627601109017487825420896876408664981801507122860836910392", "price": "0.87", "size": "0", "side": "SELL", "hash": "24fbfe352e8b8ad9ac2eb15297206260c24e6ae7", "best_bid": "0.6", "best_ask": "0.86"}], "timestamp": "1769384072690", "event_type": "price_change"}}
{"_local_timestamp": "2026-01-25T23:34:32.771006+00:00", "data": {"market": "0xb8e9929e12cd6ec376a853095efbb701e6161e0fc7544ed5a702a4b8bcdd77ed", "price_changes": [{"asset_id": "76136844051601335888907604133358366425058549611112777364537215869359383506789", "price": "0.05", "size": "53", "side": "BUY", "hash": "870b875b59cc66bb9222328a96fb559e43745106", "best_bid": "0.14", "best_ask": "0.4"}, {"asset_id": "80288588795953105933627601109017487825420896876408664981801507122860836910392", "price": "0.95", "size": "53", "side": "SELL", "hash": "4a955c383c42eee2774bcd6c4ef30105d25d925f", "best_bid": "0.6", "best_ask": "0.86"}], "timestamp": "1769384072694", "event_type": "price_change"}}
{"_local_timestamp": "2026-01-25T23:34:32.777268+00:00", "data": {"market": "0xb8e9929e12cd6ec376a853095efbb701e6161e0fc7544ed5a702a4b8bcdd77ed", "price_changes": [{"asset_id": "76136844051601335888907604133358366425058549611112777364537215869359383506789", "price": "0.14", "size": "0", "side": "BUY", "hash": "e7ea43aca744161f257ab1bdee55a21be9dcbb77", "best_bid": "0.05", "best_ask": "0.4"}, {"asset_id": "80288588795953105933627601109017487825420896876408664981801507122860836910392", "price": "0.86", "size": "0", "side": "SELL", "hash": "7c540bc3ea184ddd76565a2f64c76a5d7e25b560", "best_bid": "0.6", "best_ask": "0.95"}], "timestamp": "1769384072711", "event_type": "price_change"}}
{"_local_timestamp": "2026-01-25T23:34:32.781785+00:00", "data": {"market": "0xb8e9929e12cd6ec376a853095efbb701e6161e0fc7544ed5a702a4b8bcdd77ed", "price_changes": [{"asset_id": "76136844051601335888907604133358366425058549611112777364537215869359383506789", "price": "0.05", "size": "106", "side": "BUY", "hash": "cd44be51a886e2f66b7b01a8c3b2c28d012d7b21", "best_bid": "0.05", "best_ask": "0.4"}, {"asset_id": "80288588795953105933627601109017487825420896876408664981801507122860836910392", "price": "0.95", "size": "106", "side": "SELL", "hash": "769db19e4611bb051913d4ede65efb2d82cae30d", "best_bid": "0.6", "best_ask": "0.95"}], "timestamp": "1769384072717", "event_type": "price_change"}}
{"_local_timestamp": "2026-01-25T23:34:32.782472+00:00", "data": {"market": "0xb8e9929e12cd6ec376a853095efbb701e6161e0fc7544ed5a702a4b8bcdd77ed", "price_changes": [{"asset_id": "76136844051601335888907604133358366425058549611112777364537215869359383506789", "price": "0.03", "size": "80", "side": "BUY", "hash": "01d7c3001a1b9f595fb27ae0914c2f9884807a1e", "best_bid": "0.05", "best_ask": "0.4"}, {"asset_id": "80288588795953105933627601109017487825420896876408664981801507122860836910392", "price": "0.97", "size": "80", "side": "SELL", "hash": "4ded1e87f73695b5fa4c401449d7e57f0a383282", "best_bid": "0.6", "best_ask": "0.95"}], "timestamp": "1769384072717", "event_type": "price_change"}}
{"_local_timestamp": "2026-01-25T23:34:33.010304+00:00", "data": {"market": "0xb8e9929e12cd6ec376a853095efbb701e6161e0fc7544ed5a702a4b8bcdd77ed", "price_changes": [{"asset_id": "76136844051601335888907604133358366425058549611112777364537215869359383506789", "price": "0.03", "size": "0", "side": "BUY", "hash": "9b9cc9da9c6d070cd9e6c941351aaca352fa7f2f", "best_bid": "0.05", "best_ask": "0.4"}, {"asset_id": "80288588795953105933627601109017487825420896876408664981801507122860836910392", "price": "0.97", "size": "0", "side": "SELL", "hash": "97eb647823e3c5e1d5994aa901729867b0b57172", "best_bid": "0.6", "best_ask": "0.95"}], "timestamp": "1769384072944", "event_type": "price_change"}}
{"_local_timestamp": "2026-01-25T23:34:33.060870+00:00", "data": {"market": "0xb8e9929e12cd6ec376a853095efbb701e6161e0fc7544ed5a702a4b8bcdd77ed", "price_changes": [{"asset_id": "76136844051601335888907604133358366425058549611112777364537215869359383506789", "price": "0.16", "size": "80", "side": "BUY", "hash": "c84dbb9dd23e6edaf734678fada8e97ee09058d7", "best_bid": "0.16", "best_ask": "0.4"}, {"asset_id": "80288588795953105933627601109017487825420896876408664981801507122860836910392", "price": "0.84", "size": "80", "side": "SELL", "hash": "b409774370229694ec4f30e7ff28c9e5861f237a", "best_bid": "0.6", "best_ask": "0.84"}], "timestamp": "1769384072996", "event_type": "price_change"}}
{"_local_timestamp": "2026-01-25T23:34:33.287787+00:00", "data": {"market": "0xb8e9929e12cd6ec376a853095efbb701e6161e0fc7544ed5a702a4b8bcdd77ed", "price_changes": [{"asset_id": "76136844051601335888907604133358366425058549611112777364537215869359383506789", "price": "0.16", "size": "0", "side": "BUY", "hash": "7a4c8296ca092e7e9c076c93ecba4b7312448b24", "best_bid": "0.05", "best_ask": "0.4"}, {"asset_id": "80288588795953105933627601109017487825420896876408664981801507122860836910392", "price": "0.84", "size": "0", "side": "SELL", "hash": "2fdf91ec251d677590614ade4eb0d8886210bf00", "best_bid": "0.6", "best_ask": "0.95"}], "timestamp": "1769384073220", "event_type": "price_change"}}
{"_local_timestamp": "2026-01-25T23:34:33.340668+00:00", "data": {"market": "0xb8e9929e12cd6ec376a853095efbb701e6161e0fc7544ed5a702a4b8bcdd77ed", "price_changes": [{"asset_id": "76136844051601335888907604133358366425058549611112777364537215869359383506789", "price": "0.03", "size": "80", "side": "BUY", "hash": "d76c1aaba8f223209612610bb81142c060bc0f64", "best_bid": "0.05", "best_ask": "0.4"}, {"asset_id": "80288588795953105933627601109017487825420896876408664981801507122860836910392", "price": "0.97", "size": "80", "side": "SELL", "hash": "b6655a9489fdddb3ed921668dffff0484306df24", "best_bid": "0.6", "best_ask": "0.95"}], "timestamp": "1769384073276", "event_type": "price_change"}}
{"_local_timestamp": "2026-01-25T23:34:33.567963+00:00", "data": {"market": "0xb8e9929e12cd6ec376a853095efbb701e6161e0fc7544ed5a702a4b8bcdd77ed", "price_changes": [{"asset_id": "76136844051601335888907604133358366425058549611112777364537215869359383506789", "price": "0.03", "size": "0", "side": "BUY", "hash": "162d80031ed330b967fffeb001bfa35335583349", "best_bid": "0.05", "best_ask": "0.4"}, {"asset_id": "80288588795953105933627601109017487825420896876408664981801507122860836910392", "price": "0.97", "size": "0", "side": "SELL", "hash": "932a82c7d6007732fd3e6b431a13617abf806ce5", "best_bid": "0.6", "best_ask": "0.95"}], "timestamp": "1769384073500", "event_type": "price_change"}}
{"_local_timestamp": "2026-01-25T23:34:33.617776+00:00", "data": {"market": "0xb8e9929e12cd6ec376a853095efbb701e6161e0fc7544ed5a702a4b8bcdd77ed", "price_changes": [{"asset_id": "76136844051601335888907604133358366425058549611112777364537215869359383506789", "price": "0.16", "size": "80", "side": "BUY", "hash": "5630ef10ff36c8117d3dd37a47b320393993ebc7", "best_bid": "0.16", "best_ask": "0.4"}, {"asset_id": "80288588795953105933627601109017487825420896876408664981801507122860836910392", "price": "0.84", "size": "80", "side": "SELL", "hash": "033bc6898667f08f0b7538a58fad85b079c567ea", "best_bid": "0.6", "best_ask": "0.84"}], "timestamp": "1769384073550", "event_type": "price_change"}}
{"_local_timestamp": "2026-01-25T23:34:33.841991+00:00", "data": {"market": "0xb8e9929e12cd6ec376a853095efbb701e6161e0fc7544ed5a702a4b8bcdd77ed", "price_changes": [{"asset_id": "76136844051601335888907604133358366425058549611112777364537215869359383506789", "price": "0.16", "size": "0", "side": "BUY", "hash": "df533b7f43b97bf577ae3eb64f5823e00bdd3004", "best_bid": "0.05", "best_ask": "0.4"}, {"asset_id": "80288588795953105933627601109017487825420896876408664981801507122860836910392", "price": "0.84", "size": "0", "side": "SELL", "hash": "d4582426fc02615faca851861d378ec2bcc764a9", "best_bid": "0.6", "best_ask": "0.95"}], "timestamp": "1769384073774", "event_type": "price_change"}}
{"_local_timestamp": "2026-01-25T23:34:33.900662+00:00", "data": {"market": "0xb8e9929e12cd6ec376a853095efbb701e6161e0fc7544ed5a702a4b8bcdd77ed", "price_changes": [{"asset_id": "76136844051601335888907604133358366425058549611112777364537215869359383506789", "price": "0.03", "size": "80", "side": "BUY", "hash": "0a204c0b0da9e0bb00dbfe206a66cef3464e19d3", "best_bid": "0.05", "best_ask": "0.4"}, {"asset_id": "80288588795953105933627601109017487825420896876408664981801507122860836910392", "price": "0.97", "size": "80", "side": "SELL", "hash": "8f06795d0109493f454d8a17ec5a4582005775c2", "best_bid": "0.6", "best_ask": "0.95"}], "timestamp": "1769384073828", "event_type": "price_change"}}
{"_local_timestamp": "2026-01-25T23:34:34.121037+00:00", "data": {"market": "0xb8e9929e12cd6ec376a853095efbb701e6161e0fc7544ed5a702a4b8bcdd77ed", "price_changes": [{"asset_id": "76136844051601335888907604133358366425058549611112777364537215869359383506789", "price": "0.03", "size": "0", "side": "BUY", "hash": "e34a781267f6dfe031a5d6f5e9e78fe725373f7a", "best_bid": "0.05", "best_ask": "0.4"}, {"asset_id": "80288588795953105933627601109017487825420896876408664981801507122860836910392", "price": "0.97", "size": "0", "side": "SELL", "hash": "7cbfe7da7d4e7fbbe1b43483d0c9b8a147bc48ea", "best_bid": "0.6", "best_ask": "0.95"}], "timestamp": "1769384074053", "event_type": "price_change"}}
{"_local_timestamp": "2026-01-25T23:34:34.183315+00:00", "data": {"market": "0xb8e9929e12cd6ec376a853095efbb701e6161e0fc7544ed5a702a4b8bcdd77ed", "price_changes": [{"asset_id": "76136844051601335888907604133358366425058549611112777364537215869359383506789", "price": "0.16", "size": "80", "side": "BUY", "hash": "1bab9ac527b89929a4e35f9af148ec16b00e07e5", "best_bid": "0.16", "best_ask": "0.4"}, {"asset_id": "80288588795953105933627601109017487825420896876408664981801507122860836910392", "price": "0.84", "size": "80", "side": "SELL", "hash": "8d3bee002b55d280713e332effcecbdaadf101d3", "best_bid": "0.6", "best_ask": "0.84"}], "timestamp": "1769384074113", "event_type": "price_change"}}
{"_local_timestamp": "2026-01-25T23:34:34.419476+00:00", "data": {"market": "0xb8e9929e12cd6ec376a853095efbb701e6161e0fc7544ed5a702a4b8bcdd77ed", "price_changes": [{"asset_id": "76136844051601335888907604133358366425058549611112777364537215869359383506789", "price": "0.16", "size": "0", "side": "BUY", "hash": "2d3aec9e919e591e9858fbe4a61d448cd2c397b4", "best_bid": "0.05", "best_ask": "0.4"}, {"asset_id": "80288588795953105933627601109017487825420896876408664981801507122860836910392", "price": "0.84", "size": "0", "side": "SELL", "hash": "96acd8a10b4128f8ed03292912d79ab8c01a17c6", "best_bid": "0.6", "best_ask": "0.95"}], "timestamp": "1769384074348", "event_type": "price_change"}}
{"_local_timestamp": "2026-01-25T23:34:34.471611+00:00", "data": {"market": "0xb8e9929e12cd6ec376a853095efbb701e6161e0fc7544ed5a702a4b8bcdd77ed", "price_changes": [{"asset_id": "76136844051601335888907604133358366425058549611112777364537215869359383506789", "price": "0.03", "size": "80", "side": "BUY", "hash": "73ec43647950676889cfae2ada874e3774407cfa", "best_bid": "0.05", "best_ask": "0.4"}, {"asset_id": "80288588795953105933627601109017487825420896876408664981801507122860836910392", "price": "0.97", "size": "80", "side": "SELL", "hash": "06666a3ad957bc41287f2654e7f6ff970c48b53e", "best_bid": "0.6", "best_ask": "0.95"}], "timestamp": "1769384074403", "event_type": "price_change"}}
{"_local_timestamp": "2026-01-25T23:34:34.696877+00:00", "data": {"market": "0xb8e9929e12cd6ec376a853095efbb701e6161e0fc7544ed5a702a4b8bcdd77ed", "price_changes": [{"asset_id": "76136844051601335888907604133358366425058549611112777364537215869359383506789", "price": "0.03", "size": "0", "side": "BUY", "hash": "2b23a1777689681b171228fb4b1d03304c0e0f84", "best_bid": "0.05", "best_ask": "0.4"}, {"asset_id": "80288588795953105933627601109017487825420896876408664981801507122860836910392", "price": "0.97", "size": "0", "side": "SELL", "hash": "30b251f409af08ddf4e3f99f82893eb3c2807fd6", "best_bid": "0.6", "best_ask": "0.95"}], "timestamp": "1769384074628", "event_type": "price_change"}}
{"_local_timestamp": "2026-01-25T23:34:34.757007+00:00", "data": {"market": "0xb8e9929e12cd6ec376a853095efbb701e6161e0fc7544ed5a702a4b8bcdd77ed", "price_changes": [{"asset_id": "76136844051601335888907604133358366425058549611112777364537215869359383506789", "price": "0.16", "size": "80", "side": "BUY", "hash": "b471124941a2fc0c65348df21abbb81cf25dc5f5", "best_bid": "0.16", "best_ask": "0.4"}, {"asset_id": "80288588795953105933627601109017487825420896876408664981801507122860836910392", "price": "0.84", "size": "80", "side": "SELL", "hash": "4da96c504f477afdff234dc4ea8601088f91ad03", "best_bid": "0.6", "best_ask": "0.84"}], "timestamp": "1769384074691", "event_type": "price_change"}}
{"_local_timestamp": "2026-01-25T23:34:34.987301+00:00", "data": {"market": "0xb8e9929e12cd6ec376a853095efbb701e6161e0fc7544ed5a702a4b8bcdd77ed", "price_changes": [{"asset_id": "76136844051601335888907604133358366425058549611112777364537215869359383506789", "price": "0.16", "size": "0", "side": "BUY", "hash": "643308236cde26ba6a3a7cbd613559967b1aed59", "best_bid": "0.05", "best_ask": "0.4"}, {"asset_id": "80288588795953105933627601109017487825420896876408664981801507122860836910392", "price": "0.84", "size": "0", "side": "SELL", "hash": "1fdf6818810853a64ce9c0797281157829193d49", "best_bid": "0.6", "best_ask": "0.95"}], "timestamp": "1769384074917", "event_type": "price_change"}}
{"_local_timestamp": "2026-01-25T23:34:35.049132+00:00", "data": {"market": "0xb8e9929e12cd6ec376a853095efbb701e6161e0fc7544ed5a702a4b8bcdd77ed", "price_changes": [{"asset_id": "76136844051601335888907604133358366425058549611112777364537215869359383506789", "price": "0.03", "size": "80", "side": "BUY", "hash": "12856bd27085263f27e1c00daba7923ab0051b30", "best_bid": "0.05", "best_ask": "0.4"}, {"asset_id": "80288588795953105933627601109017487825420896876408664981801507122860836910392", "price": "0.97", "size": "80", "side": "SELL", "hash": "618d7cc85969651c6b8b9d3145dfde1b1d8c8cf2", "best_bid": "0.6", "best_ask": "0.95"}], "timestamp": "1769384074982", "event_type": "price_change"}}
{"_local_timestamp": "2026-01-25T23:34:35.137014+00:00", "data": {"market": "0xb8e9929e12cd6ec376a853095efbb701e6161e0fc7544ed5a702a4b8bcdd77ed", "price_changes": [{"asset_id": "76136844051601335888907604133358366425058549611112777364537215869359383506789", "price": "0.04", "size": "0", "side": "BUY", "hash": "2382455fef8b3c8baf5116104379025e32658f25", "best_bid": "0.05", "best_ask": "0.4"}, {"asset_id": "80288588795953105933627601109017487825420896876408664981801507122860836910392", "price": "0.96", "size": "0", "side": "SELL", "hash": "9ca3c40536f6dd78c4242b9e961e9510444cd1df", "best_bid": "0.6", "best_ask": "0.95"}], "timestamp": "1769384075057", "event_type": "price_change"}}
{"_local_timestamp": "2026-01-25T23:34:35.156943+00:00", "data": {"market": "0xb8e9929e12cd6ec376a853095efbb701e6161e0fc7544ed5a702a4b8bcdd77ed", "price_changes": [{"asset_id": "76136844051601335888907604133358366425058549611112777364537215869359383506789", "price": "0.05", "size": "53", "side": "BUY", "hash": "42346c9d64d7c47e7c1ec9fba9bdd218545f96b2", "best_bid": "0.05", "best_ask": "0.4"}, {"asset_id": "80288588795953105933627601109017487825420896876408664981801507122860836910392", "price": "0.95", "size": "53", "side": "SELL", "hash": "b5de590cbe809665adb893e710659b244955eb87", "best_bid": "0.6", "best_ask": "0.95"}], "timestamp": "1769384075093", "event_type": "price_change"}}
{"_local_timestamp": "2026-01-25T23:34:35.157666+00:00", "data": {"market": "0xb8e9929e12cd6ec376a853095efbb701e6161e0fc7544ed5a702a4b8bcdd77ed", "price_changes": [{"asset_id": "76136844051601335888907604133358366425058549611112777364537215869359383506789", "price": "0.05", "size": "0", "side": "BUY", "hash": "976a8c649e083d0a37cc3a1748b52a4ab83aec20", "best_bid": "0.03", "best_ask": "0.4"}, {"asset_id": "80288588795953105933627601109017487825420896876408664981801507122860836910392", "price": "0.95", "size": "0", "side": "SELL", "hash": "8a585845cb21b2c6a95f5bc5809d443cf4d75ec5", "best_bid": "0.6", "best_ask": "0.97"}], "timestamp": "1769384075094", "event_type": "price_change"}}
{"_local_timestamp": "2026-01-25T23:34:35.273734+00:00", "data": {"market": "0xb8e9929e12cd6ec376a853095efbb701e6161e0fc7544ed5a702a4b8bcdd77ed", "price_changes": [{"asset_id": "76136844051601335888907604133358366425058549611112777364537215869359383506789", "price": "0.03", "size": "0", "side": "BUY", "hash": "8d8c861ae928603dc6b724945fe5b9df93372b1a", "best_bid": "0.02", "best_ask": "0.4"}, {"asset_id": "80288588795953105933627601109017487825420896876408664981801507122860836910392", "price": "0.97", "size": "0", "side": "SELL", "hash": "8904e84e13ab2db3f471ad220a4db3ffbd3bf473", "best_bid": "0.6", "best_ask": "0.98"}], "timestamp": "1769384075208", "event_type": "price_change"}}
{"_local_timestamp": "2026-01-25T23:34:35.330938+00:00", "data": {"market": "0xb8e9929e12cd6ec376a853095efbb701e6161e0fc7544ed5a702a4b8bcdd77ed", "price_changes": [{"asset_id": "76136844051601335888907604133358366425058549611112777364537215869359383506789", "price": "0.16", "size": "80", "side": "BUY", "hash": "016c53fb18a2daaa1806b3a0f085ae5960101fc4", "best_bid": "0.16", "best_ask": "0.4"}, {"asset_id": "80288588795953105933627601109017487825420896876408664981801507122860836910392", "price": "0.84", "size": "80", "side": "SELL", "hash": "7cbd8273ffc6543edb4e8f2cbdf7f653cfe838b6", "best_bid": "0.6", "best_ask": "0.84"}], "timestamp": "1769384075259", "event_type": "price_change"}}
{"_local_timestamp": "2026-01-25T23:34:35.561926+00:00", "data": {"market": "0xb8e9929e12cd6ec376a853095efbb701e6161e0fc7544ed5a702a4b8bcdd77ed", "price_changes": [{"asset_id": "76136844051601335888907604133358366425058549611112777364537215869359383506789", "price": "0.16", "size": "0", "side": "BUY", "hash": "fe8f5fcd94324813d5616e16473adfcb7db031fb", "best_bid": "0.02", "best_ask": "0.4"}, {"asset_id": "80288588795953105933627601109017487825420896876408664981801507122860836910392", "price": "0.84", "size": "0", "side": "SELL", "hash": "e840167d73366f1ab85020c8dad3b9df5f7a3ac9", "best_bid": "0.6", "best_ask": "0.98"}], "timestamp": "1769384075488", "event_type": "price_change"}}
{"_local_timestamp": "2026-01-25T23:34:35.613160+00:00", "data": {"market": "0xb8e9929e12cd6ec376a853095efbb701e6161e0fc7544ed5a702a4b8bcdd77ed", "price_changes": [{"asset_id": "76136844051601335888907604133358366425058549611112777364537215869359383506789", "price": "0.03", "size": "80", "side": "BUY", "hash": "ae34074c12eedd7999159420e7e3f13627d38d78", "best_bid": "0.03", "best_ask": "0.4"}, {"asset_id": "80288588795953105933627601109017487825420896876408664981801507122860836910392", "price": "0.97", "size": "80", "side": "SELL", "hash": "e2f75e3880426a10db19decf3f7db62e4a6860c6", "best_bid": "0.6", "best_ask": "0.97"}], "timestamp": "1769384075548", "event_type": "price_change"}}
{"_local_timestamp": "2026-01-25T23:34:35.837588+00:00", "data": {"market": "0xb8e9929e12cd6ec376a853095efbb701e6161e0fc7544ed5a702a4b8bcdd77ed", "price_changes": [{"asset_id": "76136844051601335888907604133358366425058549611112777364537215869359383506789", "price": "0.03", "size": "0", "side": "BUY", "hash": "6272db104e83c702253dfa6b5f227f2994e3d5fd", "best_bid": "0.02", "best_ask": "0.4"}, {"asset_id": "80288588795953105933627601109017487825420896876408664981801507122860836910392", "price": "0.97", "size": "0", "side": "SELL", "hash": "c3f99b356a5a2355bd6dae07d87a7bab88575631", "best_bid": "0.6", "best_ask": "0.98"}], "timestamp": "1769384075773", "event_type": "price_change"}}
{"_local_timestamp": "2026-01-25T23:34:35.893467+00:00", "data": {"market": "0xb8e9929e12cd6ec376a853095efbb701e6161e0fc7544ed5a702a4b8bcdd77ed", "price_changes": [{"asset_id": "76136844051601335888907604133358366425058549611112777364537215869359383506789", "price": "0.16", "size": "80", "side": "BUY", "hash": "e25f16cdb7266542a2b20ec09273bc52681886cf", "best_bid": "0.16", "best_ask": "0.4"}, {"asset_id": "80288588795953105933627601109017487825420896876408664981801507122860836910392", "price": "0.84", "size": "80", "side": "SELL", "hash": "5c404d5a866041bcfb82f9ea5f4ab14d97e120da", "best_bid": "0.6", "best_ask": "0.84"}], "timestamp": "1769384075830", "event_type": "price_change"}}
{"_local_timestamp": "2026-01-25T23:34:36.156389+00:00", "data": {"market": "0xb8e9929e12cd6ec376a853095efbb701e6161e0fc7544ed5a702a4b8bcdd77ed", "price_changes": [{"asset_id": "76136844051601335888907604133358366425058549611112777364537215869359383506789", "price": "0.16", "size": "0", "side": "BUY", "hash": "99257238f99518fb150044b1d57877cbbcc19adc", "best_bid": "0.02", "best_ask": "0.4"}, {"asset_id": "80288588795953105933627601109017487825420896876408664981801507122860836910392", "price": "0.84", "size": "0", "side": "SELL", "hash": "f4d7e6c19172d6f08f2d82bec9dc0d3bc9012393", "best_bid": "0.6", "best_ask": "0.98"}], "timestamp": "1769384076058", "event_type": "price_change"}}
{"_local_timestamp": "2026-01-25T23:34:36.193183+00:00", "data": {"market": "0xb8e9929e12cd6ec376a853095efbb701e6161e0fc7544ed5a702a4b8bcdd77ed", "price_changes": [{"asset_id": "76136844051601335888907604133358366425058549611112777364537215869359383506789", "price": "0.03", "size": "80", "side": "BUY", "hash": "feee818052e861ca59bef8264bcee0c227903b5c", "best_bid": "0.03", "best_ask": "0.4"}, {"asset_id": "80288588795953105933627601109017487825420896876408664981801507122860836910392", "price": "0.97", "size": "80", "side": "SELL", "hash": "f4a81d605190195c91347d57991228bb37a18991", "best_bid": "0.6", "best_ask": "0.97"}], "timestamp": "1769384076127", "event_type": "price_change"}}
{"_local_timestamp": "2026-01-25T23:34:36.419562+00:00", "data": {"market": "0xb8e9929e12cd6ec376a853095efbb701e6161e0fc7544ed5a702a4b8bcdd77ed", "price_changes": [{"asset_id": "76136844051601335888907604133358366425058549611112777364537215869359383506789", "price": "0.03", "size": "0", "side": "BUY", "hash": "d812a05bdc9baa03281cec309829f920af8e1621", "best_bid": "0.02", "best_ask": "0.4"}, {"asset_id": "80288588795953105933627601109017487825420896876408664981801507122860836910392", "price": "0.97", "size": "0", "side": "SELL", "hash": "9f20b4034c8a1ff64cd34c099575590e61b1aa5d", "best_bid": "0.6", "best_ask": "0.98"}], "timestamp": "1769384076352", "event_type": "price_change"}}
{"_local_timestamp": "2026-01-25T23:34:36.476952+00:00", "data": {"market": "0xb8e9929e12cd6ec376a853095efbb701e6161e0fc7544ed5a702a4b8bcdd77ed", "price_changes": [{"asset_id": "76136844051601335888907604133358366425058549611112777364537215869359383506789", "price": "0.16", "size": "80", "side": "BUY", "hash": "676909d593edded5d6951014b0574974d41986d1", "best_bid": "0.16", "best_ask": "0.4"}, {"asset_id": "80288588795953105933627601109017487825420896876408664981801507122860836910392", "price": "0.84", "size": "80", "side": "SELL", "hash": "4a58c630d252052581371d8a48a369b5a4e5dc93", "best_bid": "0.6", "best_ask": "0.84"}], "timestamp": "1769384076404", "event_type": "price_change"}}
{"_local_timestamp": "2026-01-25T23:34:36.693149+00:00", "data": {"market": "0xb8e9929e12cd6ec376a853095efbb701e6161e0fc7544ed5a702a4b8bcdd77ed", "price_changes": [{"asset_id": "76136844051601335888907604133358366425058549611112777364537215869359383506789", "price": "0.16", "size": "0", "side": "BUY", "hash": "1c3e6dd6b73b73c889a7529d9688a827896e973a", "best_bid": "0.02", "best_ask": "0.4"}, {"asset_id": "80288588795953105933627601109017487825420896876408664981801507122860836910392", "price": "0.84", "size": "0", "side": "SELL", "hash": "00502515210f7fca752d0678a3431c4494f6be5f", "best_bid": "0.6", "best_ask": "0.98"}], "timestamp": "1769384076630", "event_type": "price_change"}}
{"_local_timestamp": "2026-01-25T23:34:36.748704+00:00", "data": {"market": "0xb8e9929e12cd6ec376a853095efbb701e6161e0fc7544ed5a702a4b8bcdd77ed", "price_changes": [{"asset_id": "76136844051601335888907604133358366425058549611112777364537215869359383506789", "price": "0.03", "size": "80", "side": "BUY", "hash": "73bffdce1ba75519ce8ec15f7f830af4abe08d13", "best_bid": "0.03", "best_ask": "0.4"}, {"asset_id": "80288588795953105933627601109017487825420896876408664981801507122860836910392", "price": "0.97", "size": "80", "side": "SELL", "hash": "69e7a16b8ab9b67e623f73df60f171ca38ae43f2", "best_bid": "0.6", "best_ask": "0.97"}], "timestamp": "1769384076685", "event_type": "price_change"}}
{"_local_timestamp": "2026-01-25T23:34:36.978184+00:00", "data": {"market": "0xb8e9929e12cd6ec376a853095efbb701e6161e0fc7544ed5a702a4b8bcdd77ed", "price_changes": [{"asset_id": "76136844051601335888907604133358366425058549611112777364537215869359383506789", "price": "0.03", "size": "0", "side": "BUY", "hash": "a89b84d557b8225627466b3a2cf7e8d19ba1051a", "best_bid": "0.02", "best_ask": "0.4"}, {"asset_id": "80288588795953105933627601109017487825420896876408664981801507122860836910392", "price": "0.97", "size": "0", "side": "SELL", "hash": "7ba19524944cef35082ba817784e067f0568a1f5", "best_bid": "0.6", "best_ask": "0.98"}], "timestamp": "1769384076911", "event_type": "price_change"}}
{"_local_timestamp": "2026-01-25T23:34:37.057796+00:00", "data": {"market": "0xb8e9929e12cd6ec376a853095efbb701e6161e0fc7544ed5a702a4b8bcdd77ed", "price_changes": [{"asset_id": "76136844051601335888907604133358366425058549611112777364537215869359383506789", "price": "0.16", "size": "80", "side": "BUY", "hash": "9431a0e83c45330fcedef5734b42cc7ff0d95529", "best_bid": "0.16", "best_ask": "0.4"}, {"asset_id": "80288588795953105933627601109017487825420896876408664981801507122860836910392", "price": "0.84", "size": "80", "side": "SELL", "hash": "ac7b4ab14ef31e03d5a261119fa2ccc5aa8cd57a", "best_bid": "0.6", "best_ask": "0.84"}], "timestamp": "1769384076985", "event_type": "price_change"}}
{"_local_timestamp": "2026-01-25T23:34:37.293727+00:00", "data": {"market": "0xb8e9929e12cd6ec376a853095efbb701e6161e0fc7544ed5a702a4b8bcdd77ed", "price_changes": [{"asset_id": "76136844051601335888907604133358366425058549611112777364537215869359383506789", "price": "0.16", "size": "0", "side": "BUY", "hash": "4ae525e6bec120257591fa814e6ff8923288371d", "best_bid": "0.02", "best_ask": "0.4"}, {"asset_id": "80288588795953105933627601109017487825420896876408664981801507122860836910392", "price": "0.84", "size": "0", "side": "SELL", "hash": "4a9de42f1066f9b8da4c3d2658c35381f08c9e26", "best_bid": "0.6", "best_ask": "0.98"}], "timestamp": "1769384077230", "event_type": "price_change"}}
{"_local_timestamp": "2026-01-25T23:34:37.349947+00:00", "data": {"market": "0xb8e9929e12cd6ec376a853095efbb701e6161e0fc7544ed5a702a4b8bcdd77ed", "price_changes": [{"asset_id": "76136844051601335888907604133358366425058549611112777364537215869359383506789", "price": "0.03", "size": "80", "side": "BUY", "hash": "eac6ee4546be6ae21e028d7e14d7c636745d5b7d", "best_bid": "0.03", "best_ask": "0.4"}, {"asset_id": "80288588795953105933627601109017487825420896876408664981801507122860836910392", "price": "0.97", "size": "80", "side": "SELL", "hash": "5cde0545560beafd8ce74e1c19b4f0dbac44ddf3", "best_bid": "0.6", "best_ask": "0.97"}], "timestamp": "1769384077284", "event_type": "price_change"}}
{"_local_timestamp": "2026-01-25T23:34:37.585808+00:00", "data": {"market": "0xb8e9929e12cd6ec376a853095efbb701e6161e0fc7544ed5a702a4b8bcdd77ed", "price_changes": [{"asset_id": "76136844051601335888907604133358366425058549611112777364537215869359383506789", "price": "0.03", "size": "0", "side": "BUY", "hash": "a44b77b273966950d0471374c377423c529181bd", "best_bid": "0.02", "best_ask": "0.4"}, {"asset_id": "80288588795953105933627601109017487825420896876408664981801507122860836910392", "price": "0.97", "size": "0", "side": "SELL", "hash": "25cda931cacad423dca5ff9f879ab14fd86d3e86", "best_bid": "0.6", "best_ask": "0.98"}], "timestamp": "1769384077521", "event_type": "price_change"}}
{"_local_timestamp": "2026-01-25T23:34:37.641255+00:00", "data": {"market": "0xb8e9929e12cd6ec376a853095efbb701e6161e0fc7544ed5a702a4b8bcdd77ed", "price_changes": [{"asset_id": "76136844051601335888907604133358366425058549611112777364537215869359383506789", "price": "0.16", "size": "80", "side": "BUY", "hash": "24cb00766f543a55cdc25643d7b875db24f77a0b", "best_bid": "0.16", "best_ask": "0.4"}, {"asset_id": "80288588795953105933627601109017487825420896876408664981801507122860836910392", "price": "0.84", "size": "80", "side": "SELL", "hash": "ae031baa4e31776553943ad36d0dc0e1ae0f3557", "best_bid": "0.6", "best_ask": "0.84"}], "timestamp": "1769384077576", "event_type": "price_change"}}
{"_local_timestamp": "2026-01-25T23:34:37.865214+00:00", "data": {"market": "0xb8e9929e12cd6ec376a853095efbb701e6161e0fc7544ed5a702a4b8bcdd77ed", "price_changes": [{"asset_id": "76136844051601335888907604133358366425058549611112777364537215869359383506789", "price": "0.16", "size": "0", "side": "BUY", "hash": "85228e5636b8542707a6b225ed65b0c85a9edb10", "best_bid": "0.02", "best_ask": "0.4"}, {"asset_id": "80288588795953105933627601109017487825420896876408664981801507122860836910392", "price": "0.84", "size": "0", "side": "SELL", "hash": "d223a015febdfc7d349b257c5ea43c2d1238f935", "best_bid": "0.6", "best_ask": "0.98"}], "timestamp": "1769384077801", "event_type": "price_change"}}
{"_local_timestamp": "2026-01-25T23:34:37.927453+00:00", "data": {"market": "0xb8e9929e12cd6ec376a853095efbb701e6161e0fc7544ed5a702a4b8bcdd77ed", "price_changes": [{"asset_id": "76136844051601335888907604133358366425058549611112777364537215869359383506789", "price": "0.03", "size": "80", "side": "BUY", "hash": "0cdcbdb825cb367fa5969f0908bbb2fb30b4270e", "best_bid": "0.03", "best_ask": "0.4"}, {"asset_id": "80288588795953105933627601109017487825420896876408664981801507122860836910392", "price": "0.97", "size": "80", "side": "SELL", "hash": "b4fe0d7bde4667c4f2eeed0d9918e9dc1aaf9055", "best_bid": "0.6", "best_ask": "0.97"}], "timestamp": "1769384077858", "event_type": "price_change"}}
{"_local_timestamp": "2026-01-25T23:34:38.145008+00:00", "data": {"market": "0xb8e9929e12cd6ec376a853095efbb701e6161e0fc7544ed5a702a4b8bcdd77ed", "price_changes": [{"asset_id": "76136844051601335888907604133358366425058549611112777364537215869359383506789", "price": "0.03", "size": "0", "side": "BUY", "hash": "0886f7edb6f2a76a7a57f38bdf4728bfbad350a7", "best_bid": "0.02", "best_ask": "0.4"}, {"asset_id": "80288588795953105933627601109017487825420896876408664981801507122860836910392", "price": "0.97", "size": "0", "side": "SELL", "hash": "25c314d02c38dd5204128c686f048c58b79d660a", "best_bid": "0.6", "best_ask": "0.98"}], "timestamp": "1769384078083", "event_type": "price_change"}}
{"_local_timestamp": "2026-01-25T23:34:38.265106+00:00", "data": {"market": "0xb8e9929e12cd6ec376a853095efbb701e6161e0fc7544ed5a702a4b8bcdd77ed", "price_changes": [{"asset_id": "76136844051601335888907604133358366425058549611112777364537215869359383506789", "price": "0.16", "size": "80", "side": "BUY", "hash": "511596415322305da15cbe660f63acc9663a82c9", "best_bid": "0.16", "best_ask": "0.4"}, {"asset_id": "80288588795953105933627601109017487825420896876408664981801507122860836910392", "price": "0.84", "size": "80", "side": "SELL", "hash": "2e3417ddf6c3bf5220ac76c6ad1d00796ef11d40", "best_bid": "0.6", "best_ask": "0.84"}], "timestamp": "1769384078201", "event_type": "price_change"}}
{"_local_timestamp": "2026-01-25T23:34:38.493855+00:00", "data": {"market": "0xb8e9929e12cd6ec376a853095efbb701e6161e0fc7544ed5a702a4b8bcdd77ed", "price_changes": [{"asset_id": "76136844051601335888907604133358366425058549611112777364537215869359383506789", "price": "0.16", "size": "0", "side": "BUY", "hash": "c762cce68d65dbe0f0086644806ac76433bdd669", "best_bid": "0.02", "best_ask": "0.4"}, {"asset_id": "80288588795953105933627601109017487825420896876408664981801507122860836910392", "price": "0.84", "size": "0", "side": "SELL", "hash": "fda3752694b926925943f751a3fe741d9727cc85", "best_bid": "0.6", "best_ask": "0.98"}], "timestamp": "1769384078427", "event_type": "price_change"}}
{"_local_timestamp": "2026-01-25T23:34:38.548962+00:00", "data": {"market": "0xb8e9929e12cd6ec376a853095efbb701e6161e0fc7544ed5a702a4b8bcdd77ed", "price_changes": [{"asset_id": "76136844051601335888907604133358366425058549611112777364537215869359383506789", "price": "0.03", "size": "80", "side": "BUY", "hash": "f1514f93f324748ee00181d3910243d669ee512a", "best_bid": "0.03", "best_ask": "0.4"}, {"asset_id": "80288588795953105933627601109017487825420896876408664981801507122860836910392", "price": "0.97", "size": "80", "side": "SELL", "hash": "3af5f0279f2cf6b9376658fc8f530d7a9e3a044f", "best_bid": "0.6", "best_ask": "0.97"}], "timestamp": "1769384078478", "event_type": "price_change"}}
{"_local_timestamp": "2026-01-25T23:34:38.825623+00:00", "data": {"market": "0xb8e9929e12cd6ec376a853095efbb701e6161e0fc7544ed5a702a4b8bcdd77ed", "price_changes": [{"asset_id": "76136844051601335888907604133358366425058549611112777364537215869359383506789", "price": "0.03", "size": "0", "side": "BUY", "hash": "676bc3aea4d333563da435b4764f6da9841bcd58", "best_bid": "0.02", "best_ask": "0.4"}, {"asset_id": "80288588795953105933627601109017487825420896876408664981801507122860836910392", "price": "0.97", "size": "0", "side": "SELL", "hash": "e091683e869b8ab47a3e44038df29e0acd83e039", "best_bid": "0.6", "best_ask": "0.98"}], "timestamp": "1769384078721", "event_type": "price_change"}}
{"_local_timestamp": "2026-01-25T23:34:38.889698+00:00", "data": {"market": "0xb8e9929e12cd6ec376a853095efbb701e6161e0fc7544ed5a702a4b8bcdd77ed", "price_changes": [{"asset_id": "76136844051601335888907604133358366425058549611112777364537215869359383506789", "price": "0.16", "size": "80", "side": "BUY", "hash": "bb4f4605170fb30c94822575d4d7e6dd723cba1b", "best_bid": "0.16", "best_ask": "0.4"}, {"asset_id": "80288588795953105933627601109017487825420896876408664981801507122860836910392", "price": "0.84", "size": "80", "side": "SELL", "hash": "f177689bfdab0a5f870011c52adb6bdaa41f5c5d", "best_bid": "0.6", "best_ask": "0.84"}], "timestamp": "1769384078809", "event_type": "price_change"}}
{"_local_timestamp": "2026-01-25T23:34:39.132762+00:00", "data": {"market": "0xb8e9929e12cd6ec376a853095efbb701e6161e0fc7544ed5a702a4b8bcdd77ed", "price_changes": [{"asset_id": "76136844051601335888907604133358366425058549611112777364537215869359383506789", "price": "0.16", "size": "0", "side": "BUY", "hash": "5721ac25b138fec78671ac0a5275847b5b2e3d4f", "best_bid": "0.02", "best_ask": "0.4"}, {"asset_id": "80288588795953105933627601109017487825420896876408664981801507122860836910392", "price": "0.84", "size": "0", "side": "SELL", "hash": "c31ed6b3cdd3931745705a7531cb1ac1ccf46082", "best_bid": "0.6", "best_ask": "0.98"}], "timestamp": "1769384079034", "event_type": "price_change"}}
{"_local_timestamp": "2026-01-25T23:34:39.256993+00:00", "data": {"market": "0xb8e9929e12cd6ec376a853095efbb701e6161e0fc7544ed5a702a4b8bcdd77ed", "price_changes": [{"asset_id": "76136844051601335888907604133358366425058549611112777364537215869359383506789", "price": "0.03", "size": "80", "side": "BUY", "hash": "7d41f815ec49296f74d609f5e63abd08c14b5058", "best_bid": "0.03", "best_ask": "0.4"}, {"asset_id": "80288588795953105933627601109017487825420896876408664981801507122860836910392", "price": "0.97", "size": "80", "side": "SELL", "hash": "a5a4be852e3eee23cb7575da6bf4d45bc5c4e06a", "best_bid": "0.6", "best_ask": "0.97"}], "timestamp": "1769384079153", "event_type": "price_change"}}
{"_local_timestamp": "2026-01-25T23:34:39.469431+00:00", "data": {"market": "0xb8e9929e12cd6ec376a853095efbb701e6161e0fc7544ed5a702a4b8bcdd77ed", "price_changes": [{"asset_id": "76136844051601335888907604133358366425058549611112777364537215869359383506789", "price": "0.03", "size": "0", "side": "BUY", "hash": "9d718571146ce9696060005814173c4ff6f9ecc1", "best_bid": "0.02", "best_ask": "0.4"}, {"asset_id": "80288588795953105933627601109017487825420896876408664981801507122860836910392", "price": "0.97", "size": "0", "side": "SELL", "hash": "e30c7e25ae72e285f5abd7380496f9bba250e82b", "best_bid": "0.6", "best_ask": "0.98"}], "timestamp": "1769384079379", "event_type": "price_change"}}
{"_local_timestamp": "2026-01-25T23:34:39.531874+00:00", "data": {"market": "0xb8e9929e12cd6ec376a853095efbb701e6161e0fc7544ed5a702a4b8bcdd77ed", "price_changes": [{"asset_id": "76136844051601335888907604133358366425058549611112777364537215869359383506789", "price": "0.16", "size": "80", "side": "BUY", "hash": "0ba01f6e9054f712da0ec494dba6f3bf3b475d93", "best_bid": "0.16", "best_ask": "0.4"}, {"asset_id": "80288588795953105933627601109017487825420896876408664981801507122860836910392", "price": "0.84", "size": "80", "side": "SELL", "hash": "458b4185e79d8dad83461a6b91c0f12fcab100c2", "best_bid": "0.6", "best_ask": "0.84"}], "timestamp": "1769384079456", "event_type": "price_change"}}
