{"_local_timestamp": "2026-01-25T23:33:58.672831+00:00", "data": [{"market": "0xffa5b1d81f7b3da1d2cc51b26e1c50bc6bc535bbde767510089c98f9e4542acf", "asset_id": "84623582702478458911256775934145074819308385062112529630469623237121316737936", "timestamp": "1769384033608", "hash": "1f458e6f44d3e2eb5644d7313416c9b6df34a4c8", "bids": [{"price": "0.001", "size": "100014.01"}, {"price": "0.002", "size": "55000"}, {"price": "0.008", "size": "155"}, {"price": "0.01", "size": "19200"}, {"price": "0.011", "size": "55710"}, {"price": "0.02", "size": "1000"}, {"price": "0.031", "size": "12000"}, {"price": "0.04", "size": "2000"}, {"price": "0.05", "size": "600"}, {"price": "0.08", "size": "155"}, {"price": "0.097", "size": "100"}, {"price": "0.099", "size": "100"}, {"price": "0.1", "size": "700"}, {"price": "0.101", "size": "10700"}, {"price": "0.102", "size": "5000"}, {"price": "0.11", "size": "3000"}, {"price": "0.111", "size": "4400"}, {"price": "0.14", "size": "400"}, {"price": "0.47", "size": "100"}, {"price": "0.49", "size": "100"}, {"price": "0.497", "size": "100"}, {"price": "0.499", "size": "500"}, {"price": "0.5", "size": "440"}, {"price": "0.75", "size": "60"}, {"price": "0.767", "size": "60"}, {"price": "0.768", "size": "53"}, {"price": "0.769", "size": "60"}, {"price": "0.77", "size": "60"}, {"price": "0.771", "size": "10.5"}, {"price": "0.95", "size": "5"}, {"price": "0.951", "size": "7.5"}, {"price": "0.99", "size": "70.7"}, {"price": "0.991", "size": "622.54"}, {"price": "0.992", "size": "50.4"}, {"price": "0.993", "size": "45.31"}, {"price": "0.994", "size": "40.24"}, {"price": "0.995", "size": "35.17"}, {"price": "0.996", "size": "30.12"}, {"price": "0.997", "size": "25.07"}, {"price": "0.998", "size": "1020.04"}, {"price": "0.999", "size": "114722.93"}], "asks": [], "event_type": "book", "last_trade_price": "0.999"}, {"market": "0xffa5b1d81f7b3da1d2cc51b26e1c50bc6bc535bbde767510089c98f9e4542acf", "asset_id": "111340596859814301535783211235846772952450371700786201606541359184247957354432", "timestamp": "1769384033608", "hash": "585ed3268ba228e3b0b45375bd8b44fbbc6b9a7c", "bids": [], "asks": [{"price": "0.999", "size": "100014.01"}, {"price": "0.998", "size": "55000"}, {"price": "0.992", "size": "155"}, {"price": "0.99", "size": "19200"}, {"price": "0.989", "size": "55710"}, {"price": "0.98", "size": "1000"}, {"price": "0.969", "size": "12000"}, {"price": "0.96", "size": "2000"}, {"price": "0.95", "size": "600"}, {"price": "0.92", "size": "155"}, {"price": "0.903", "size": "100"}, {"price": "0.901", "size": "100"}, {"price": "0.9", "size": "700"}, {"price": "0.899", "size": "10700"}, {"price": "0.898", "size": "5000"}, {"price": "0.89", "size": "3000"}, {"price": "0.889", "size": "4400"}, {"price": "0.86", "size": "400"}, {"price": "0.53", "size": "100"}, {"price": "0.51", "size": "100"}, {"price": "0.503", "size": "100"}, {"price": "0.501", "size": "500"}, {"price": "0.5", "size": "440"}, {"price": "0.25", "size": "60"}, {"price": "0.233", "size": "60"}, {"price": "0.232", "size": "53"}, {"price": "0.231", "size": "60"}, {"price": "0.23", "size": "60"}, {"price": "0.229", "size": "10.5"}, {"price": "0.05", "size": "5"}, {"price": "0.049", "size": "7.5"}, {"price": "0.01", "size": "70.7"}, {"price": "0.009", "size": "622.54"}, {"price": "0.008", "size": "50.4"}, {"price": "0.007", "size": "45.31"}, {"price": "0.006", "size": "40.24"}, {"price": "0.005", "size": "35.17"}, {"price": "0.004", "size": "30.12"}, {"price": "0.003", "size": "25.07"}, {"price": "0.002", "size": "1020.04"}, {"price": "0.001", "size": "114722.93"}], "event_type": "book", "last_trade_price": "0.999"}]}
{"_local_timestamp": "2026-01-25T23:34:08.006892+00:00", "data": {"market": "0xffa5b1d81f7b3da1d2cc51b26e1c50bc6bc535bbde767510089c98f9e4542acf", "price_changes": [{"asset_id": "84623582702478458911256775934145074819308385062112529630469623237121316737936", "price": "0.999", "size": "110368.93", "side": "BUY", "hash": "de69672a9a9bf363bb778f2a5fd5db5c316812b5", "best_bid": "0.999", "best_ask": "1"}, {"asset_id": "111340596859814301535783211235846772952450371700786201606541359184247957354432", "price": "0.001", "size": "110368.93", "side": "SELL", "hash": "1193af325467182d5626b4e22f4e221dae1543fd", "best_bid": "0", "best_ask": "0.001"}], "timestamp": "1769384047891", "event_type": "price_change"}}
{"_local_timestamp": "2026-01-25T23:34:08.651272+00:00", "data": {"market": "0xffa5b1d81f7b3da1d2cc51b26e1c50bc6bc535bbde767510089c98f9e4542acf", "price_changes": [{"asset_id": "84623582702478458911256775934145074819308385062112529630469623237121316737936", "price": "0.999", "size": "105375.93", "side": "BUY", "hash": "525cc2e57be535e9b9f616128317733ec2083a2f", "best_bid": "0.999", "best_ask": "1"}, {"asset_id": "111340596859814301535783211235846772952450371700786201606541359184247957354432", "price": "0.001", "size": "105375.93", "side": "SELL", "hash": "efd600ca14fdc75c42cd88f3d7bf0b6f0290c125", "best_bid": "0", "best_ask": "0.001"}], "timestamp": "1769384048562", "event_type": "price_change"}}
{"_local_timestamp": "2026-01-25T23:34:09.306638+00:00", "data": {"market": "0xffa5b1d81f7b3da1d2cc51b26e1c50bc6bc535bbde767510089c98f9e4542acf", "price_changes": [{"asset_id": "84623582702478458911256775934145074819308385062112529630469623237121316737936", "price": "0.999", "size": "95384.93", "side": "BUY", "hash": "ed561375815033b3bb19f7fe7cdd02e18f353188", "best_bid": "0.999", "best_ask": "1"}, {"asset_id": "111340596859814301535783211235846772952450371700786201606541359184247957354432", "price": "0.001", "size": "95384.93", "side": "SELL", "hash": "7d89eb73f49b8f355b0639147d4b5bbb945f0a55", "best_bid": "0", "best_ask": "0.001"}], "timestamp": "1769384049210", "event_type": "price_change"}}
{"_local_timestamp": "2026-01-25T23:34:11.219560+00:00", "data": {"market": "0xffa5b1d81f7b3da1d2cc51b26e1c50bc6bc535bbde767510089c98f9e4542acf", "price_changes": [{"asset_id": "84623582702478458911256775934145074819308385062112529630469623237121316737936", "price": "0.999", "size": "97884.93", "side": "BUY", "hash": "3449d829a6ffa7fa0a5698e497cd8b2624a3d01e", "best_bid": "0.999", "best_ask": "1"}, {"asset_id": "111340596859814301535783211235846772952450371700786201606541359184247957354432", "price": "0.001", "size": "97884.93", "side": "SELL", "hash": "ce8425b349194e4209c5661cc956dc1b50fce4d7", "best_bid": "0", "best_ask": "0.001"}], "timestamp": "1769384051126", "event_type": "price_change"}}
{"_local_timestamp": "2026-01-25T23:34:12.484031+00:00", "data": {"market": "0xffa5b1d81f7b3da1d2cc51b26e1c50bc6bc535bbde767510089c98f9e4542acf", "price_changes": [{"asset_id": "84623582702478458911256775934145074819308385062112529630469623237121316737936", "price": "0.999", "size": "98508.93", "side": "BUY", "hash": "9894034b58908e526a7d49dd03f9761490b57ad5", "best_bid": "0.999", "best_ask": "1"}, {"asset_id": "111340596859814301535783211235846772952450371700786201606541359184247957354432", "price": "0.001", "size": "98508.93", "side": "SELL", "hash": "34448c3315a058ce9c46e10eeb95b2bec94292b8", "best_bid": "0", "best_ask": "0.001"}], "timestamp": "1769384052382", "event_type": "price_change"}}
{"_local_timestamp": "2026-01-25T23:34:13.603267+00:00", "data": {"market": "0xffa5b1d81f7b3da1d2cc51b26e1c50bc6bc535bbde767510089c98f9e4542acf", "price_changes": [{"asset_id": "84623582702478458911256775934145074819308385062112529630469623237121316737936", "price": "0.999", "size": "98663.93", "side": "BUY", "hash": "1af33288bb1a8746f47ee542f2cd46372f5eee85", "best_bid": "0.999", "best_ask": "1"}, {"asset_id": "111340596859814301535783211235846772952450371700786201606541359184247957354432", "price": "0.001", "size": "98663.93", "side": "SELL", "hash": "c07841d4d032a9d616eed63c207fc6a2fa93724b", "best_bid": "0", "best_ask": "0.001"}], "timestamp": "1769384053427", "event_type": "price_change"}}
{"_local_timestamp": "2026-01-25T23:34:14.933944+00:00", "data": {"market": "0xffa5b1d81f7b3da1d2cc51b26e1c50bc6bc535bbde767510089c98f9e4542acf", "price_changes": [{"asset_id": "84623582702478458911256775934145074819308385062112529630469623237121316737936", "price": "0.999", "size": "98701.93", "side": "BUY", "hash": "ebef22ef723794c8e38c12bf1bcc194e94cb13c8", "best_bid": "0.999", "best_ask": "1"}, {"asset_id": "111340596859814301535783211235846772952450371700786201606541359184247957354432", "price": "0.001", "size": "98701.93", "side": "SELL", "hash": "c3e9269bef9d5dc1c996e7f1f2d1620803bc4bdf", "best_bid": "0", "best_ask": "0.001"}], "timestamp": "1769384054863", "event_type": "price_change"}}
{"_local_timestamp": "2026-01-25T23:34:25.484617+00:00", "data": {"market": "0xffa5b1d81f7b3da1d2cc51b26e1c50bc6bc535bbde767510089c98f9e4542acf", "price_changes": [{"asset_id": "84623582702478458911256775934145074819308385062112529630469623237121316737936", "price": "0.999", "size": "85392.93", "side": "BUY", "hash": "ec98595e6ab3bde93da71c5db4d75b1833313c90", "best_bid": "0.999", "best_ask": "1"}, {"asset_id": "111340596859814301535783211235846772952450371700786201606541359184247957354432", "price": "0.001", "size": "85392.93", "side": "SELL", "hash": "cae2f8eb97aacc80f3b1d52f4735b3519e796834", "best_bid": "0", "best_ask": "0.001"}], "timestamp": "1769384065337", "event_type": "price_change"}}
{"_local_timestamp": "2026-01-25T23:34:26.292554+00:00", "data": {"market": "0xffa5b1d81f7b3da1d2cc51b26e1c50bc6bc535bbde767510089c98f9e4542acf", "price_changes": [{"asset_id": "84623582702478458911256775934145074819308385062112529630469623237121316737936", "price": "0.999", "size": "86017.93", "side": "BUY", "hash": "d8bfbab9098415d4c9e4287dd723363a2b005d09", "best_bid": "0.999", "best_ask": "1"}, {"asset_id": "111340596859814301535783211235846772952450371700786201606541359184247957354432", "price": "0.001", "size": "86017.93", "side": "SELL", "hash": "4414e44e4acf14545ed4af0a6e0c557615789945", "best_bid": "0", "best_ask": "0.001"}], "timestamp": "1769384066206", "event_type": "price_change"}}
{"_local_timestamp": "2026-01-25T23:34:26.660254+00:00", "data": {"market": "0xffa5b1d81f7b3da1d2cc51b26e1c50bc6bc535bbde767510089c98f9e4542acf", "price_changes": [{"asset_id": "84623582702478458911256775934145074819308385062112529630469623237121316737936", "price": "0.999", "size": "86641.93", "side": "BUY", "hash": "b8e17e38bbfbe4fec931eef94738702d296b08dd", "best_bid": "0.999", "best_ask": "1"}, {"asset_id": "111340596859814301535783211235846772952450371700786201606541359184247957354432", "price": "0.001", "size": "86641.93", "side": "SELL", "hash": "99d3a50bb15ef29ec808d2e34c7e77c7da9aaeef", "best_bid": "0", "best_ask": "0.001"}], "timestamp": "1769384066566", "event_type": "price_change"}}
{"_local_timestamp": "2026-01-25T23:34:27.913525+00:00", "data": {"market": "0xffa5b1d81f7b3da1d2cc51b26e1c50bc6bc535bbde767510089c98f9e4542acf", "price_changes": [{"asset_id": "84623582702478458911256775934145074819308385062112529630469623237121316737936", "price": "0.999", "size": "86796.93", "side": "BUY", "hash": "aa7736986c6e84ef16f87c84f7cfbd0cb398f041", "best_bid": "0.999", "best_ask": "1"}, {"asset_id": "111340596859814301535783211235846772952450371700786201606541359184247957354432", "price": "0.001", "size": "86796.93", "side": "SELL", "hash": "cd4cefe48fb8230240fbd2bb1382fe9082901632", "best_bid": "0", "best_ask": "0.001"}], "timestamp": "1769384067731", "event_type": "price_change"}}
{"_local_timestamp": "2026-01-25T23:34:28.294180+00:00", "data": {"market": "0xffa5b1d81f7b3da1d2cc51b26e1c50bc6bc535bbde767510089c98f9e4542acf", "price_changes": [{"asset_id": "84623582702478458911256775934145074819308385062112529630469623237121316737936", "price": "0.999", "size": "86950.93", "side": "BUY", "hash": "cd29c63405dff9ce1f35dbc4f96d9364045945d9", "best_bid": "0.999", "best_ask": "1"}, {"asset_id": "111340596859814301535783211235846772952450371700786201606541359184247957354432", "price": "0.001", "size": "86950.93", "side": "SELL", "hash": "46cbb9e8ce2eb33d227704ffc56ae3bb41b9ad8e", "best_bid": "0", "best_ask": "0.001"}], "timestamp": "1769384068172", "event_type": "price_change"}}
{"_local_timestamp": "2026-01-25T23:34:29.364043+00:00", "data": {"market": "0xffa5b1d81f7b3da1d2cc51b26e1c50bc6bc535bbde767510089c98f9e4542acf", "price_changes": [{"asset_id": "84623582702478458911256775934145074819308385062112529630469623237121316737936", "price": "0.999", "size": "87103.93", "side": "BUY", "hash": "813218322ec95d0d02fe8254a64888eadf9fc23e", "best_bid": "0.999", "best_ask": "1"}, {"asset_id": "111340596859814301535783211235846772952450371700786201606541359184247957354432", "price": "0.001", "size": "87103.93", "side": "SELL", "hash": "1b1c1d0f1939400aae8076bb6394270a73a9b33d", "best_bid": "0", "best_ask": "0.001"}], "timestamp": "1769384069285", "event_type": "price_change"}}
{"_local_timestamp": "2026-01-25T23:34:29.745350+00:00", "data": {"market": "0xffa5b1d81f7b3da1d2cc51b26e1c50bc6bc535bbde767510089c98f9e4542acf", "price_changes": [{"asset_id": "84623582702478458911256775934145074819308385062112529630469623237121316737936", "price": "0.999", "size": "87255.93", "side": "BUY", "hash": "ec785e9beb1bcdd7b952bdf451c363744637cacf", "best_bid": "0.999", "best_ask": "1"}, {"asset_id": "111340596859814301535783211235846772952450371700786201606541359184247957354432", "price": "0.001", "size": "87255.93", "side": "SELL", "hash": "05b6b27f038588d6a21c1f9e96572d2c8929e584", "best_bid": "0", "best_ask": "0.001"}], "timestamp": "1769384069632", "event_type": "price_change"}}
{"_local_timestamp": "2026-01-25T23:34:30.410616+00:00", "data": {"market": "0xffa5b1d81f7b3da1d2cc51b26e1c50bc6bc535bbde767510089c98f9e4542acf", "price_changes": [{"asset_id": "84623582702478458911256775934145074819308385062112529630469623237121316737936", "price": "0.999", "size": "87406.93", "side": "BUY", "hash": "ffca7f40355b9eb79bd573f6c0565f77f20c6a84", "best_bid": "0.999", "best_ask": "1"}, {"asset_id": "111340596859814301535783211235846772952450371700786201606541359184247957354432", "price": "0.001", "size": "87406.93", "side": "SELL", "hash": "43b1f8e0bb1e3a7cc0c062b5adabeb22f7c4674f", "best_bid": "0", "best_ask": "0.001"}], "timestamp": "1769384070217", "event_type": "price_change"}}
{"_local_timestamp": "2026-01-25T23:34:30.694006+00:00", "data": {"market": "0xffa5b1d81f7b3da1d2cc51b26e1c50bc6bc535bbde767510089c98f9e4542acf", "price_changes": [{"asset_id": "84623582702478458911256775934145074819308385062112529630469623237121316737936", "price": "0.999", "size": "87443.93", "side": "BUY", "hash": "c87d0c0f8c33a7ca75aae0af174a4ed0286ea3e3", "best_bid": "0.999", "best_ask": "1"}, {"asset_id": "111340596859814301535783211235846772952450371700786201606541359184247957354432", "price": "0.001", "size": "87443.93", "side": "SELL", "hash": "fb9c9a041ccfa862aa2aef868db48aea658d17fb", "best_bid": "0", "best_ask": "0.001"}], "timestamp": "1769384070577", "event_type": "price_change"}}
{"_local_timestamp": "2026-01-25T23:34:31.018659+00:00", "data": {"market": "0xffa5b1d81f7b3da1d2cc51b26e1c50bc6bc535bbde767510089c98f9e4542acf", "price_changes": [{"asset_id": "84623582702478458911256775934145074819308385062112529630469623237121316737936", "price": "0.999", "size": "87479.93", "side": "BUY", "hash": "058845b1d00f8c52d46672f722f87911ac34eec3", "best_bid": "0.999", "best_ask": "1"}, {"asset_id": "111340596859814301535783211235846772952450371700786201606541359184247957354432", "price": "0.001", "size": "87479.93", "side": "SELL", "hash": "33a04e2e943bc02375ee840b9d798f2e64be24da", "best_bid": "0", "best_ask": "0.001"}], "timestamp": "1769384070947", "event_type": "price_change"}}
{"_local_timestamp": "2026-01-25T23:34:32.221282+00:00", "data": {"market": "0xffa5b1d81f7b3da1d2cc51b26e1c50bc6bc535bbde767510089c98f9e4542acf", "price_changes": [{"asset_id": "84623582702478458911256775934145074819308385062112529630469623237121316737936", "price": "0.999", "size": "87514.93", "side": "BUY", "hash": "aced49d493d2da2ea142d321b8dc061aab54faf0", "best_bid": "0.999", "best_ask": "1"}, {"asset_id": "111340596859814301535783211235846772952450371700786201606541359184247957354432", "price": "0.001", "size": "87514.93", "side": "SELL", "hash": "e69ea6ea1caa140b3015bf038b6b59a271a9be3e", "best_bid": "0", "best_ask": "0.001"}], "timestamp": "1769384072093", "event_type": "price_change"}}
{"_local_timestamp": "2026-01-25T23:34:32.672022+00:00", "data": {"market": "0xffa5b1d81f7b3da1d2cc51b26e1c50bc6bc535bbde767510089c98f9e4542acf", "price_changes": [{"asset_id": "84623582702478458911256775934145074819308385062112529630469623237121316737936", "price": "0.999", "size": "87548.93", "side": "BUY", "hash": "508290c90fc5fc9d36bb4c9198782eedd9825472", "best_bid": "0.999", "best_ask": "1"}, {"asset_id": "111340596859814301535783211235846772952450371700786201606541359184247957354432", "price": "0.001", "size": "87548.93", "side": "SELL", "hash": "3497466dff3e3aa4e1b55bded95a19adaf1b133a", "best_bid": "0", "best_ask": "0.001"}], "timestamp": "1769384072584", "event_type": "price_change"}}
{"_local_timestamp": "2026-01-25T23:34:33.454507+00:00", "data": {"market": "0xffa5b1d81f7b3da1d2cc51b26e1c50bc6bc535bbde767510089c98f9e4542acf", "price_changes": [{"asset_id": "84623582702478458911256775934145074819308385062112529630469623237121316737936", "price": "0.999", "size": "87581.93", "side": "BUY", "hash": "e57a744c59441e8f35b87fd632932f0025aabbaa", "best_bid": "0.999", "best_ask": "1"}, {"asset_id": "111340596859814301535783211235846772952450371700786201606541359184247957354432", "price": "0.001", "size": "87581.93", "side": "SELL", "hash": "d1ab68f5daa746feae0947d1befb8a123dd59878", "best_bid": "0", "best_ask": "0.001"}], "timestamp": "1769384073355", "event_type": "price_change"}}
{"_local_timestamp": "2026-01-25T23:34:36.122904+00:00", "data": {"market": "0xffa5b1d81f7b3da1d2cc51b26e1c50bc6bc535bbde767510089c98f9e4542acf", "price_changes": [{"asset_id": "84623582702478458911256775934145074819308385062112529630469623237121316737936", "price": "0.999", "size": "90081.93", "side": "BUY", "hash": "daa265d2a38dc18ae7e55215d2a801d6844971c9", "best_bid": "0.999", "best_ask": "1"}, {"asset_id": "111340596859814301535783211235846772952450371700786201606541359184247957354432", "price": "0.001", "size": "90081.93", "side": "SELL", "hash": "b4a62486de1ac279223f8274fcb7ab3252a0d82c", "best_bid": "0", "best_ask": "0.001"}], "timestamp": "1769384076050", "event_type": "price_change"}}
{"_local_timestamp": "2026-01-25T23:34:37.190404+00:00", "data": {"market": "0xffa5b1d81f7b3da1d2cc51b26e1c50bc6bc535bbde767510089c98f9e4542acf", "price_changes": [{"asset_id": "84623582702478458911256775934145074819308385062112529630469623237121316737936", "price": "0.999", "size": "90705.93", "side": "BUY", "hash": "481d6f594c2e4b410167071c473506b5a2be844f", "best_bid": "0.999", "best_ask": "1"}, {"asset_id": "111340596859814301535783211235846772952450371700786201606541359184247957354432", "price": "0.001", "size": "90705.93", "side": "SELL", "hash": "ebb4b889e803904cfcc251e27d7c56f966fd26b6", "best_bid": "0", "best_ask": "0.001"}], "timestamp": "1769384077121", "event_type": "price_change"}}
{"_local_timestamp": "2026-01-25T23:35:07.505092+00:00", "data": {"market": "0xffa5b1d81f7b3da1d2cc51b26e1c50bc6bc535bbde767510089c98f9e4542acf", "price_changes": [{"asset_id": "84623582702478458911256775934145074819308385062112529630469623237121316737936", "price": "0.999", "size": "85392.93", "side": "BUY", "hash": "668254aaca833160495dad52f0fa73c1ef25153c", "best_bid": "0.999", "best_ask": "1"}, {"asset_id": "111340596859814301535783211235846772952450371700786201606541359184247957354432", "price": "0.001", "size": "85392.93", "side": "SELL", "hash": "d75f239b4f97f05fa1519788588d4c7685ba2dc6", "best_bid": "0", "best_ask": "0.001"}], "timestamp": "1769384107396", "event_type": "price_change"}}
{"_local_timestamp": "2026-01-25T23:35:07.710890+00:00", "data": {"market": "0xffa5b1d81f7b3da1d2cc51b26e1c50bc6bc535bbde767510089c98f9e4542acf", "price_changes": [{"asset_id": "84623582702478458911256775934145074819308385062112529630469623237121316737936", "price": "0.999", "size": "85431.93", "side": "BUY", "hash": "8f27e0950badeed7640a0514b924b72fec8215bf", "best_bid": "0.999", "best_ask": "1"}, {"asset_id": "111340596859814301535783211235846772952450371700786201606541359184247957354432", "price": "0.001", "size": "85431.93", "side": "SELL", "hash": "5969b979b5a04a00e730770193044874fbbe8d8f", "best_bid": "0", "best_ask": "0.001"}], "timestamp": "1769384107624", "event_type": "price_change"}}
{"_local_timestamp": "2026-01-25T23:35:08.058011+00:00", "data": {"market": "0xffa5b1d81f7b3da1d2cc51b26e1c50bc6bc535bbde767510089c98f9e4542acf", "price_changes": [{"asset_id": "84623582702478458911256775934145074819308385062112529630469623237121316737936", "price": "0.999", "size": "85469.93", "side": "BUY", "hash": "07f8a0a2274b5d1d475c4adc690ac19aa7805dea", "best_bid": "0.999", "best_ask": "1"}, {"asset_id": "111340596859814301535783211235846772952450371700786201606541359184247957354432", "price": "0.001", "size": "85469.93", "side": "SELL", "hash": "801e9f3a3ec4b839aab59423ed7ba9ea6411a00a", "best_bid": "0", "best_ask": "0.001"}], "timestamp": "1769384107968", "event_type": "price_change"}}
{"_local_timestamp": "2026-01-25T23:35:08.451760+00:00", "data": {"market": "0xffa5b1d81f7b3da1d2cc51b26e1c50bc6bc535bbde767510089c98f9e4542acf", "price_changes": [{"asset_id": "84623582702478458911256775934145074819308385062112529630469623237121316737936", "price": "0.999", "size": "85506.93", "side": "BUY", "hash": "79caa49b99fabe3801bd06496d0e5690c4520749", "best_bid": "0.999", "best_ask": "1"}, {"asset_id": "111340596859814301535783211235846772952450371700786201606541359184247957354432", "price": "0.001", "size": "85506.93", "side": "SELL", "hash": "eeed3ba9f4e8a85836d3372167141c03ed61c072", "best_bid": "0", "best_ask": "0.001"}], "timestamp": "1769384108368", "event_type": "price_change"}}
{"_local_timestamp": "2026-01-25T23:35:08.906718+00:00", "data": {"market": "0xffa5b1d81f7b3da1d2cc51b26e1c50bc6bc535bbde767510089c98f9e4542acf", "price_changes": [{"asset_id": "84623582702478458911256775934145074819308385062112529630469623237121316737936", "price": "0.999", "size": "85542.93", "side": "BUY", "hash": "42cdb5adb734cec1d1edfb3e58f363997dfa0792", "best_bid": "0.999", "best_ask": "1"}, {"asset_id": "111340596859814301535783211235846772952450371700786201606541359184247957354432", "price": "0.001", "size": "85542.93", "side": "SELL", "hash": "30564f96b8d1e4966e2359d6c2333750c245b54d", "best_bid": "0", "best_ask": "0.001"}], "timestamp": "1769384108818", "event_type": "price_change"}}
{"_local_timestamp": "2026-01-25T23:35:09.242852+00:00", "data": {"market": "0xffa5b1d81f7b3da1d2cc51b26e1c50bc6bc535bbde767510089c98f9e4542acf", "price_changes": [{"asset_id": "84623582702478458911256775934145074819308385062112529630469623237121316737936", "price": "0.999", "size": "85577.93", "side": "BUY", "hash": "520a3120a7fb89d118ae52cd506d2ffb264ede5a", "best_bid": "0.999", "best_ask": "1"}, {"asset_id": "111340596859814301535783211235846772952450371700786201606541359184247957354432", "price": "0.001", "size": "85577.93", "side": "SELL", "hash": "7b366c023e5379223c16feaf74a9eec1b1f73029", "best_bid": "0", "best_ask": "0.001"}], "timestamp": "1769384109166", "event_type": "price_change"}}
{"_local_timestamp": "2026-01-25T23:35:12.142368+00:00", "data": {"market": "0xffa5b1d81f7b3da1d2cc51b26e1c50bc6bc535bbde767510089c98f9e4542acf", "price_changes": [{"asset_id": "84623582702478458911256775934145074819308385062112529630469623237121316737936", "price": "0.999", "size": "86201.93", "side": "BUY", "hash": "036caf7d9dd1d60c74d3864813692634f148cb1c", "best_bid": "0.999", "best_ask": "1"}, {"asset_id": "111340596859814301535783211235846772952450371700786201606541359184247957354432", "price": "0.001", "size": "86201.93", "side": "SELL", "hash": "2e74332f34594fb21dc1b4898abff6b3e0b383b3", "best_bid": "0", "best_ask": "0.001"}], "timestamp": "1769384112044", "event_type": "price_change"}}
{"_local_timestamp": "2026-01-25T23:35:14.136157+00:00", "data": {"market": "0xffa5b1d81f7b3da1d2cc51b26e1c50bc6bc535bbde767510089c98f9e4542acf", "price_changes": [{"asset_id": "84623582702478458911256775934145074819308385062112529630469623237121316737936", "price": "0.999", "size": "86356.93", "side": "BUY", "hash": "1600840579a505dcd1c294fe8d52b73a66f9ac58", "best_bid": "0.999", "best_ask": "1"}, {"asset_id": "111340596859814301535783211235846772952450371700786201606541359184247957354432", "price": "0.001", "size": "86356.93", "side": "SELL", "hash": "821132a4966802d5558af23cd040995dcf45174c", "best_bid": "0", "best_ask": "0.001"}], "timestamp": "1769384114056", "event_type": "price_change"}}
{"_local_timestamp": "2026-01-25T23:35:14.577805+00:00", "data": {"market": "0xffa5b1d81f7b3da1d2cc51b26e1c50bc6bc535bbde767510089c98f9e4542acf", "price_changes": [{"asset_id": "84623582702478458911256775934145074819308385062112529630469623237121316737936", "price": "0.999", "size": "86510.93", "side": "BUY", "hash": "3e23362e443b9254d7bf01eb563bf2d4ae4950ca", "best_bid": "0.999", "best_ask": "1"}, {"asset_id": "111340596859814301535783211235846772952450371700786201606541359184247957354432", "price": "0.001", "size": "86510.93", "side": "SELL", "hash": "d455932cb6143d102ecd26b095c6598b06c5a01f", "best_bid": "0", "best_ask": "0.001"}], "timestamp": "1769384114488", "event_type": "price_change"}}
{"_local_timestamp": "2026-01-25T23:35:15.211461+00:00", "data": {"market": "0xffa5b1d81f7b3da1d2cc51b26e1c50bc6bc535bbde767510089c98f9e4542acf", "price_changes": [{"asset_id": "84623582702478458911256775934145074819308385062112529630469623237121316737936", "price": "0.999", "size": "86663.93", "side": "BUY", "hash": "cbfcf8d7edb72cd30169d5c1ee902b6368608f42", "best_bid": "0.999", "best_ask": "1"}, {"asset_id": "111340596859814301535783211235846772952450371700786201606541359184247957354432", "price": "0.001", "size": "86663.93", "side": "SELL", "hash": "d8ad60c6b9838615a9cafea68734719aaa547779", "best_bid": "0", "best_ask": "0.001"}], "timestamp": "1769384115114", "event_type": "price_change"}}
{"_local_timestamp": "2026-01-25T23:35:15.903133+00:00", "data": {"market": "0xffa5b1d81f7b3da1d2cc51b26e1c50bc6bc535bbde767510089c98f9e4542acf", "price_changes": [{"asset_id": "84623582702478458911256775934145074819308385062112529630469623237121316737936", "price": "0.999", "size": "86701.93", "side": "BUY", "hash": "1186a14c26439d2b92c29525c4530b5e71c4f364", "best_bid": "0.999", "best_ask": "1"}, {"asset_id": "111340596859814301535783211235846772952450371700786201606541359184247957354432", "price": "0.001", "size": "86701.93", "side": "SELL", "hash": "8b597cd7864cb262db6b9b911f22f3454e6d1eff", "best_bid": "0", "best_ask": "0.001"}], "timestamp": "1769384115823", "event_type": "price_change"}}
{"_local_timestamp": "2026-01-25T23:35:33.907291+00:00", "data": {"market": "0xffa5b1d81f7b3da1d2cc51b26e1c50bc6bc535bbde767510089c98f9e4542acf", "price_changes": [{"asset_id": "84623582702478458911256775934145074819308385062112529630469623237121316737936", "price": "0.141", "size": "4400", "side": "BUY", "hash": "6f55038ff21b264278ada8cfdfc50a9dff6ca033", "best_bid": "0.999", "best_ask": "1"}, {"asset_id": "111340596859814301535783211235846772952450371700786201606541359184247957354432", "price": "0.859", "size": "4400", "side": "SELL", "hash": "f6bfce4384af1acb6fe6f64359b8bd4d9edc9867", "best_bid": "0", "best_ask": "0.001"}], "timestamp": "1769384133844", "event_type": "price_change"}}
{"_local_timestamp": "2026-01-25T23:35:35.242798+00:00", "data": {"market": "0xffa5b1d81f7b3da1d2cc51b26e1c50bc6bc535bbde767510089c98f9e4542acf", "price_changes": [{"asset_id": "84623582702478458911256775934145074819308385062112529630469623237121316737936", "price": "0.111", "size": "0", "side": "BUY", "hash": "083123b7c1f39561acc034bd19d9d240b1642c54", "best_bid": "0.999", "best_ask": "1"}, {"asset_id": "111340596859814301535783211235846772952450371700786201606541359184247957354432", "price": "0.889", "size": "0", "side": "SELL", "hash": "5b2ee7b19d102414203b21266ecd909c174d86df", "best_bid": "0", "best_ask": "0.001"}], "timestamp": "1769384135144", "event_type": "price_change"}}
