{"_local_timestamp": "2026-01-25T23:33:58.705997+00:00", "data": [{"market": "0x974873de23a39e7296d2dd7f96e5d42a59a9d4d6eca42d8b34a72563e1928d84", "asset_id": "110740475501002649022554428940893518402973252447561867467565851554473669312364", "timestamp": "1769383961459", "hash": "02e26caa6c6128203875aff85eb9ec10309fc478", "bids": [], "asks": [{"price": "0.999", "size": "100009"}, {"price": "0.998", "size": "55000"}, {"price": "0.992", "size": "155"}, {"price": "0.99", "size": "19200"}, {"price": "0.989", "size": "55710"}, {"price": "0.98", "size": "1000"}, {"price": "0.969", "size": "12000"}, {"price": "0.96", "size": "2000"}, {"price": "0.95", "size": "600"}, {"price": "0.92", "size": "155"}, {"price": "0.903", "size": "100"}, {"price": "0.901", "size": "100"}, {"price": "0.9", "size": "700"}, {"price": "0.899", "size": "10700"}, {"price": "0.898", "size": "5000"}, {"price": "0.89", "size": "3000"}, {"price": "0.857", "size": "4800"}, {"price": "0.53", "size": "100"}, {"price": "0.51", "size": "100"}, {"price": "0.503", "size": "100"}, {"price": "0.501", "size": "500"}, {"price": "0.5", "size": "440"}, {"price": "0.25", "size": "60"}, {"price": "0.233", "size": "60"}, {"price": "0.232", "size": "53"}, {"price": "0.231", "size": "60"}, {"price": "0.23", "size": "60"}, {"price": "0.199", "size": "9.52"}, {"price": "0.198", "size": "5.47"}, {"price": "0.01", "size": "141.4"}, {"price": "0.009", "size": "745.08"}, {"price": "0.008", "size": "100.8"}, {"price": "0.007", "size": "90.62"}, {"price": "0.006", "size": "80.48"}, {"price": "0.005", "size": "70.34"}, {"price": "0.004", "size": "60.24"}, {"price": "0.003", "size": "50.14"}, {"price": "0.002", "size": "540.08"}, {"price": "0.001", "size": "340.34"}], "event_type": "book", "last_trade_price": "0.001"}, {"market": "0x974873de23a39e7296d2dd7f96e5d42a59a9d4d6eca42d8b34a72563e1928d84", "asset_id": "19183791406169574044573507376546758248087968054036280112606647740876072095684", "timestamp": "1769383961459", "hash": "7093e13396be38bd87a417201e9438402db3a870", "bids": [{"price": "0.001", "size": "100009"}, {"price": "0.002", "size": "55000"}, {"price": "0.008", "size": "155"}, {"price": "0.01", "size": "19200"}, {"price": "0.011", "size": "55710"}, {"price": "0.02", "size": "1000"}, {"price": "0.031", "size": "12000"}, {"price": "0.04", "size": "2000"}, {"price": "0.05", "size": "600"}, {"price": "0.08", "size": "155"}, {"price": "0.097", "size": "100"}, {"price": "0.099", "size": "100"}, {"price": "0.1", "size": "700"}, {"price": "0.101", "size": "10700"}, {"price": "0.102", "size": "5000"}, {"price": "0.11", "size": "3000"}, {"price": "0.143", "size": "4800"}, {"price": "0.47", "size": "100"}, {"price": "0.49", "size": "100"}, {"price": "0.497", "size": "100"}, {"price": "0.499", "size": "500"}, {"price": "0.5", "size": "440"}, {"price": "0.75", "size": "60"}, {"price": "0.767", "size": "60"}, {"price": "0.768", "size": "53"}, {"price": "0.769", "size": "60"}, {"price": "0.77", "size": "60"}, {"price": "0.801", "size": "9.52"}, {"price": "0.802", "size": "5.47"}, {"price": "0.99", "size": "141.4"}, {"price": "0.991", "size": "745.08"}, {"price": "0.992", "size": "100.8"}, {"price": "0.993", "size": "90.62"}, {"price": "0.994", "size": "80.48"}, {"price": "0.995", "size": "70.34"}, {"price": "0.996", "size": "60.24"}, {"price": "0.997", "size": "50.14"}, {"price": "0.998", "size": "540.08"}, {"price": "0.999", "size": "340.34"}], "asks": [], "event_type": "book", "last_trade_price": "0.001"}]}
{"_local_timestamp": "2026-01-25T23:34:40.713984+00:00", "data": {"market": "0x974873de23a39e7296d2dd7f96e5d42a59a9d4d6eca42d8b34a72563e1928d84", "price_changes": [{"asset_id": "110740475501002649022554428940893518402973252447561867467565851554473669312364", "price": "0.199", "size": "0", "side": "SELL", "hash": "d9c30b94c18e2680b96edc848c42113aa5e739f2", "best_bid": "0", "best_ask": "0.001"}, {"asset_id": "19183791406169574044573507376546758248087968054036280112606647740876072095684", "price": "0.801", "size": "0", "side": "BUY", "hash": "72c3c987f4732c31632f089a7b3706f895577112", "best_bid": "0.999", "best_ask": "1"}], "timestamp": "1769384080591", "event_type": "price_change"}}
{"_local_timestamp": "2026-01-25T23:34:41.008899+00:00", "data": {"market": "0x974873de23a39e7296d2dd7f96e5d42a59a9d4d6eca42d8b34a72563e1928d84", "price_changes": [{"asset_id": "110740475501002649022554428940893518402973252447561867467565851554473669312364", "price": "0.198", "size": "0", "side": "SELL", "hash": "67e6c618c6e07c00c48454abfca0a63d210545ed", "best_bid": "0", "best_ask": "0.001"}, {"asset_id": "19183791406169574044573507376546758248087968054036280112606647740876072095684", "price": "0.802", "size": "0", "side": "BUY", "hash": "4ec26bc69f51c9ac0f37a20b362f79087586d1e3", "best_bid": "0.999", "best_ask": "1"}], "timestamp": "1769384080926", "event_type": "price_change"}}
{"_local_timestamp": "2026-01-25T23:34:41.042160+00:00", "data": {"market": "0x974873de23a39e7296d2dd7f96e5d42a59a9d4d6eca42d8b34a72563e1928d84", "price_changes": [{"asset_id": "110740475501002649022554428940893518402973252447561867467565851554473669312364", "price": "0.229", "size": "5.47", "side": "SELL", "hash": "f95f22692654899229fe59352b4b2e01bf54cebb", "best_bid": "0", "best_ask": "0.001"}, {"asset_id": "19183791406169574044573507376546758248087968054036280112606647740876072095684", "price": "0.771", "size": "5.47", "side": "BUY", "hash": "3f41d403831bd232c15d3ee78916794d565892b4", "best_bid": "0.999", "best_ask": "1"}], "timestamp": "1769384080976", "event_type": "price_change"}}
{"_local_timestamp": "2026-01-25T23:34:41.893314+00:00", "data": {"market": "0x974873de23a39e7296d2dd7f96e5d42a59a9d4d6eca42d8b34a72563e1928d84", "price_changes": [{"asset_id": "110740475501002649022554428940893518402973252447561867467565851554473669312364", "price": "0.197", "size": "9.52", "side": "SELL", "hash": "f7cce99c8c6a276297706f7f6f3449288ecd4228", "best_bid": "0", "best_ask": "0.001"}, {"asset_id": "19183791406169574044573507376546758248087968054036280112606647740876072095684", "price": "0.803", "size": "9.52", "side": "BUY", "hash": "f5a430dddad149489a381de098a3032905ac03b2", "best_bid": "0.999", "best_ask": "1"}], "timestamp": "1769384081808", "event_type": "price_change"}}
{"_local_timestamp": "2026-01-25T23:34:43.970113+00:00", "data": {"market": "0x974873de23a39e7296d2dd7f96e5d42a59a9d4d6eca42d8b34a72563e1928d84", "price_changes": [{"asset_id": "110740475501002649022554428940893518402973252447561867467565851554473669312364", "price": "0.229", "size": "0", "side": "SELL", "hash": "865675027e47f33be25c7f8245b7dc94ae31ce8b", "best_bid": "0", "best_ask": "0.001"}, {"asset_id": "19183791406169574044573507376546758248087968054036280112606647740876072095684", "price": "0.771", "size": "0", "side": "BUY", "hash": "d31b344834389603fc8a426987402f4a88c66546", "best_bid": "0.999", "best_ask": "1"}], "timestamp": "1769384083901", "event_type": "price_change"}}
{"_local_timestamp": "2026-01-25T23:34:44.034864+00:00", "data": {"market": "0x974873de23a39e7296d2dd7f96e5d42a59a9d4d6eca42d8b34a72563e1928d84", "price_changes": [{"asset_id": "110740475501002649022554428940893518402973252447561867467565851554473669312364", "price": "0.196", "size": "5.47", "side": "SELL", "hash": "9a9b7023327a97fee438ac3fc05a8cdf0f491629", "best_bid": "0", "best_ask": "0.001"}, {"asset_id": "19183791406169574044573507376546758248087968054036280112606647740876072095684", "price": "0.804", "size": "5.47", "side": "BUY", "hash": "1e73c596f2c17607b6c2a65edba80f8a76c4e3b4", "best_bid": "0.999", "best_ask": "1"}], "timestamp": "1769384083957", "event_type": "price_change"}}
