{"_local_timestamp": "2026-01-25T23:34:06.949047+00:00", "data": [{"market": "0x9b3432e989e48d27f66d747901ccf574c1b181c4a6a86c5b57c195aed135bc59", "asset_id": "5130309043192799999933644817228338805128523784510822154717928819585795504613", "timestamp": "1769384046447", "hash": "475ec5dd043c2961f43bcfc890e1b58d305fb4eb", "bids": [{"price": "0.001", "size": "3025.12"}, {"price": "0.002", "size": "250"}, {"price": "0.003", "size": "28.93"}, {"price": "0.01", "size": "285"}, {"price": "0.02", "size": "150"}, {"price": "0.021", "size": "14.9"}, {"price": "0.05", "size": "40"}, {"price": "0.06", "size": "66"}, {"price": "0.078", "size": "300"}, {"price": "0.088", "size": "200"}, {"price": "0.095", "size": "125"}, {"price": "0.102", "size": "75"}, {"price": "0.103", "size": "37"}, {"price": "0.104", "size": "5.67"}, {"price": "0.368", "size": "7.96"}, {"price": "0.369", "size": "35.23"}, {"price": "0.37", "size": "29.72"}, {"price": "0.407", "size": "50"}, {"price": "0.408", "size": "29.05"}, {"price": "0.949", "size": "25"}], "asks": [{"price": "0.999", "size": "5881.99"}, {"price": "0.998", "size": "33.5"}, {"price": "0.997", "size": "77"}, {"price": "0.996", "size": "60.5"}, {"price": "0.99", "size": "230"}, {"price": "0.988", "size": "57"}, {"price": "0.987", "size": "18.48"}, {"price": "0.98", "size": "150"}, {"price": "0.979", "size": "300"}, {"price": "0.978", "size": "9.3"}, {"price": "0.976", "size": "200"}, {"price": "0.974", "size": "125"}, {"price": "0.972", "size": "75"}], "event_type": "book", "last_trade_price": "0.051"}, {"market": "0x9b3432e989e48d27f66d747901ccf574c1b181c4a6a86c5b57c195aed135bc59", "asset_id": "24358210787676305697341608050830551906447237235735968811847994703558824459476", "timestamp": "1769384046447", "hash": "8edd9b16523cd2a34654262f3581251415ae3f3a", "bids": [{"price": "0.001", "size": "5881.99"}, {"price": "0.002", "size": "33.5"}, {"price": "0.003", "size": "77"}, {"price": "0.004", "size": "60.5"}, {"price": "0.01", "size": "230"}, {"price": "0.012", "size": "57"}, {"price": "0.013", "size": "18.48"}, {"price": "0.02", "size": "150"}, {"price": "0.021", "size": "300"}, {"price": "0.022", "size": "9.3"}, {"price": "0.024", "size": "200"}, {"price": "0.026", "size": "125"}, {"price": "0.028", "size": "75"}], "asks": [{"price": "0.999", "size": "3025.12"}, {"price": "0.998", "size": "250"}, {"price": "0.997", "size": "28.93"}, {"price": "0.99", "size": "285"}, {"price": "0.98", "size": "150"}, {"price": "0.979", "size": "14.9"}, {"price": "0.95", "size": "40"}, {"price": "0.94", "size": "66"}, {"price": "0.922", "size": "300"}, {"price": "0.912", "size": "200"}, {"price": "0.905", "size": "125"}, {"price": "0.898", "size": "75"}, {"price": "0.897", "size": "37"}, {"price": "0.896", "size": "5.67"}, {"price": "0.632", "size": "7.96"}, {"price": "0.631", "size": "35.23"}, {"price": "0.63", "size": "29.72"}, {"price": "0.593", "size": "50"}, {"price": "0.592", "size": "29.05"}, {"price": "0.051", "size": "25"}], "event_type": "book", "last_trade_price": "0.051"}]}
{"_local_timestamp": "2026-01-25T23:34:07.665194+00:00", "data": {"market": "0x9b3432e989e48d27f66d747901ccf574c1b181c4a6a86c5b57c195aed135bc59", "price_changes": [{"asset_id": "24358210787676305697341608050830551906447237235735968811847994703558824459476", "price": "0.593", "size": "0", "side": "SELL", "hash": "22b3888bee176777cea822870d39259832f0131c", "best_bid": "0.028", "best_ask": "0.051"}, {"asset_id": "5130309043192799999933644817228338805128523784510822154717928819585795504613", "price": "0.407", "size": "0", "side": "BUY", "hash": "36b6ff444511cbc00cd7c7b58148340157e51cff", "best_bid": "0.949", "best_ask": "0.972"}], "timestamp": "1769384047601", "event_type": "price_change"}}
{"_local_timestamp": "2026-01-25T23:34:07.704806+00:00", "data": {"market": "0x9b3432e989e48d27f66d747901ccf574c1b181c4a6a86c5b57c195aed135bc59", "price_changes": [{"asset_id": "24358210787676305697341608050830551906447237235735968811847994703558824459476", "price": "0.591", "size": "50", "side": "SELL", "hash": "3046faca0fd5eaf72753a8e0ae92b31157a8fbf1", "best_bid": "0.028", "best_ask": "0.051"}, {"asset_id": "5130309043192799999933644817228338805128523784510822154717928819585795504613", "price": "0.409", "size": "50", "side": "BUY", "hash": "285ef7f89039a3e37ca1b86d71dac1a170c290ca", "best_bid": "0.949", "best_ask": "0.972"}], "timestamp": "1769384047634", "event_type": "price_change"}}
{"_local_timestamp": "2026-01-25T23:34:09.325752+00:00", "data": {"market": "0x9b3432e989e48d27f66d747901ccf574c1b181c4a6a86c5b57c195aed135bc59", "price_changes": [{"asset_id": "24358210787676305697341608050830551906447237235735968811847994703558824459476", "price": "0.592", "size": "0", "side": "SELL", "hash": "d5116be1fb4dcdd776d465dc6cfd9865eba5af63", "best_bid": "0.028", "best_ask": "0.051"}, {"asset_id": "5130309043192799999933644817228338805128523784510822154717928819585795504613", "price": "0.408", "size": "0", "side": "BUY", "hash": "e7de44b1dd17c555bdeac23ac05c5bcb7fba427f", "best_bid": "0.949", "best_ask": "0.972"}], "timestamp": "1769384049225", "event_type": "price_change"}}
{"_local_timestamp": "2026-01-25T23:34:09.340617+00:00", "data": {"market": "0x9b3432e989e48d27f66d747901ccf574c1b181c4a6a86c5b57c195aed135bc59", "price_changes": [{"asset_id": "24358210787676305697341608050830551906447237235735968811847994703558824459476", "price": "0.59", "size": "29.05", "side": "SELL", "hash": "ee777c7526c5410f29216c97501ca9f410f3f9b0", "best_bid": "0.028", "best_ask": "0.051"}, {"asset_id": "5130309043192799999933644817228338805128523784510822154717928819585795504613", "price": "0.41", "size": "29.05", "side": "BUY", "hash": "c51d75599b4ac4e351b0eda83bd8e5dd3a3516da", "best_bid": "0.949", "best_ask": "0.972"}], "timestamp": "1769384049266", "event_type": "price_change"}}
{"_local_timestamp": "2026-01-25T23:34:10.110079+00:00", "data": {"market": "0x9b3432e989e48d27f66d747901ccf574c1b181c4a6a86c5b57c195aed135bc59", "price_changes": [{"asset_id": "24358210787676305697341608050830551906447237235735968811847994703558824459476", "price": "0.591", "size": "0", "side": "SELL", "hash": "0d78cb4390aefcaa6234370125f116be0bc51481", "best_bid": "0.028", "best_ask": "0.051"}, {"asset_id": "5130309043192799999933644817228338805128523784510822154717928819585795504613", "price": "0.409", "size": "0", "side": "BUY", "hash": "36e839d9be92bbf2f9bd06478ea1ec3926eee424", "best_bid": "0.949", "best_ask": "0.972"}], "timestamp": "1769384050040", "event_type": "price_change"}}
{"_local_timestamp": "2026-01-25T23:34:10.147229+00:00", "data": {"market": "0x9b3432e989e48d27f66d747901ccf574c1b181c4a6a86c5b57c195aed135bc59", "price_changes": [{"asset_id": "24358210787676305697341608050830551906447237235735968811847994703558824459476", "price": "0.589", "size": "50", "side": "SELL", "hash": "5865f0ff4f6e9843f7863aba13126bc5ff9fad07", "best_bid": "0.028", "best_ask": "0.051"}, {"asset_id": "5130309043192799999933644817228338805128523784510822154717928819585795504613", "price": "0.411", "size": "50", "side": "BUY", "hash": "beee15a426a1df2f3a1c6a01fca1ba8707c7335f", "best_bid": "0.949", "best_ask": "0.972"}], "timestamp": "1769384050078", "event_type": "price_change"}}
{"_local_timestamp": "2026-01-25T23:34:10.663735+00:00", "data": {"market": "0x9b3432e989e48d27f66d747901ccf574c1b181c4a6a86c5b57c195aed135bc59", "price_changes": [{"asset_id": "24358210787676305697341608050830551906447237235735968811847994703558824459476", "price": "0.59", "size": "0", "side": "SELL", "hash": "e65304ebf62fcf85649ed921c20dc3f8c514f13b", "best_bid": "0.028", "best_ask": "0.051"}, {"asset_id": "5130309043192799999933644817228338805128523784510822154717928819585795504613", "price": "0.41", "size": "0", "side": "BUY", "hash": "e6438e22f7bdc2e30b055d4ead8a66608eca62d1", "best_bid": "0.949", "best_ask": "0.972"}], "timestamp": "1769384050589", "event_type": "price_change"}}
{"_local_timestamp": "2026-01-25T23:34:10.712054+00:00", "data": {"market": "0x9b3432e989e48d27f66d747901ccf574c1b181c4a6a86c5b57c195aed135bc59", "price_changes": [{"asset_id": "24358210787676305697341608050830551906447237235735968811847994703558824459476", "price": "0.588", "size": "29.05", "side": "SELL", "hash": "6547d2f78294c8abab31d7ce02eb110570de0178", "best_bid": "0.028", "best_ask": "0.051"}, {"asset_id": "5130309043192799999933644817228338805128523784510822154717928819585795504613", "price": "0.412", "size": "29.05", "side": "BUY", "hash": "df7ecbeb088b497d22e61a237df150f502f7aa1c", "best_bid": "0.949", "best_ask": "0.972"}], "timestamp": "1769384050642", "event_type": "price_change"}}
{"_local_timestamp": "2026-01-25T23:34:11.285721+00:00", "data": {"market": "0x9b3432e989e48d27f66d747901ccf574c1b181c4a6a86c5b57c195aed135bc59", "price_changes": [{"asset_id": "24358210787676305697341608050830551906447237235735968811847994703558824459476", "price": "0.589", "size": "0", "side": "SELL", "hash": "9bf0b62edd3028116cb006e24e00d2a96437726a", "best_bid": "0.028", "best_ask": "0.051"}, {"asset_id": "5130309043192799999933644817228338805128523784510822154717928819585795504613", "price": "0.411", "size": "0", "side": "BUY", "hash": "890fa4d015c3ef0efb3dc2ef610a19f3006cecb8", "best_bid": "0.949", "best_ask": "0.972"}], "timestamp": "1769384051219", "event_type": "price_change"}}
{"_local_timestamp": "2026-01-25T23:34:11.313092+00:00", "data": {"market": "0x9b3432e989e48d27f66d747901ccf574c1b181c4a6a86c5b57c195aed135bc59", "price_changes": [{"asset_id": "24358210787676305697341608050830551906447237235735968811847994703558824459476", "price": "0.587", "size": "50", "side": "SELL", "hash": "d3ff487df27302310a0f1d0f35a6a2ff8c4e3a7e", "best_bid": "0.028", "best_ask": "0.051"}, {"asset_id": "5130309043192799999933644817228338805128523784510822154717928819585795504613", "price": "0.413", "size": "50", "side": "BUY", "hash": "5bfae276d0375fc60681b07a46e63433f7708a20", "best_bid": "0.949", "best_ask": "0.972"}], "timestamp": "1769384051250", "event_type": "price_change"}}
{"_local_timestamp": "2026-01-25T23:34:12.373408+00:00", "data": {"market": "0x9b3432e989e48d27f66d747901ccf574c1b181c4a6a86c5b57c195aed135bc59", "price_changes": [{"asset_id": "24358210787676305697341608050830551906447237235735968811847994703558824459476", "price": "0.588", "size": "0", "side": "SELL", "hash": "9f4307bc72200a56aeb74d47286ddcc71ce6f490", "best_bid": "0.028", "best_ask": "0.051"}, {"asset_id": "5130309043192799999933644817228338805128523784510822154717928819585795504613", "price": "0.412", "size": "0", "side": "BUY", "hash": "7fe71f452d2c281b1aed6b997be8e8563c2bc9ab", "best_bid": "0.949", "best_ask": "0.972"}], "timestamp": "1769384052300", "event_type": "price_change"}}
{"_local_timestamp": "2026-01-25T23:34:12.473292+00:00", "data": {"market": "0x9b3432e989e48d27f66d747901ccf574c1b181c4a6a86c5b57c195aed135bc59", "price_changes": [{"asset_id": "24358210787676305697341608050830551906447237235735968811847994703558824459476", "price": "0.586", "size": "29.05", "side": "SELL", "hash": "394ad9063e4636e19808a7dd9d5b0362d2232636", "best_bid": "0.028", "best_ask": "0.051"}, {"asset_id": "5130309043192799999933644817228338805128523784510822154717928819585795504613", "price": "0.414", "size": "29.05", "side": "BUY", "hash": "5feb63f715dc7b0555916d0f0b8afaee956bebc0", "best_bid": "0.949", "best_ask": "0.972"}], "timestamp": "1769384052376", "event_type": "price_change"}}
{"_local_timestamp": "2026-01-25T23:34:12.479556+00:00", "data": {"market": "0x9b3432e989e48d27f66d747901ccf574c1b181c4a6a86c5b57c195aed135bc59", "price_changes": [{"asset_id": "24358210787676305697341608050830551906447237235735968811847994703558824459476", "price": "0.587", "size": "0", "side": "SELL", "hash": "e483b5d08fd69793eb378ab79a673199ec9fa67f", "best_bid": "0.028", "best_ask": "0.051"}, {"asset_id": "5130309043192799999933644817228338805128523784510822154717928819585795504613", "price": "0.413", "size": "0", "side": "BUY", "hash": "8ffddb436d21b88c5799532f6733956f6fa50078", "best_bid": "0.949", "best_ask": "0.972"}], "timestamp": "1769384052378", "event_type": "price_change"}}
{"_local_timestamp": "2026-01-25T23:34:12.495842+00:00", "data": {"market": "0x9b3432e989e48d27f66d747901ccf574c1b181c4a6a86c5b57c195aed135bc59", "price_changes": [{"asset_id": "24358210787676305697341608050830551906447237235735968811847994703558824459476", "price": "0.629", "size": "50", "side": "SELL", "hash": "7d3aacb14d97271c8defaf5e30a31f79e1cd3efa", "best_bid": "0.028", "best_ask": "0.051"}, {"asset_id": "5130309043192799999933644817228338805128523784510822154717928819585795504613", "price": "0.371", "size": "50", "side": "BUY", "hash": "16ad495c1bbe6d5199ffbe4d7bd1ea08c3105400", "best_bid": "0.949", "best_ask": "0.972"}], "timestamp": "1769384052406", "event_type": "price_change"}}
{"_local_timestamp": "2026-01-25T23:34:13.693368+00:00", "data": {"market": "0x9b3432e989e48d27f66d747901ccf574c1b181c4a6a86c5b57c195aed135bc59", "price_changes": [{"asset_id": "24358210787676305697341608050830551906447237235735968811847994703558824459476", "price": "0.629", "size": "0", "side": "SELL", "hash": "8085db7d36cd052e3e582780c505c1098072fbc9", "best_bid": "0.028", "best_ask": "0.051"}, {"asset_id": "5130309043192799999933644817228338805128523784510822154717928819585795504613", "price": "0.371", "size": "0", "side": "BUY", "hash": "610a8622ef02c7475f8a1989551ceb7ffc38c658", "best_bid": "0.949", "best_ask": "0.972"}], "timestamp": "1769384053626", "event_type": "price_change"}}
{"_local_timestamp": "2026-01-25T23:34:13.733540+00:00", "data": {"market": "0x9b3432e989e48d27f66d747901ccf574c1b181c4a6a86c5b57c195aed135bc59", "price_changes": [{"asset_id": "24358210787676305697341608050830551906447237235735968811847994703558824459476", "price": "0.585", "size": "50", "side": "SELL", "hash": "25e16443ddf11872605156de9cb992b4d536a226", "best_bid": "0.028", "best_ask": "0.051"}, {"asset_id": "5130309043192799999933644817228338805128523784510822154717928819585795504613", "price": "0.415", "size": "50", "side": "BUY", "hash": "e0ff021fa1b6906539e6c80a888505a38c794b03", "best_bid": "0.949", "best_ask": "0.972"}], "timestamp": "1769384053655", "event_type": "price_change"}}
{"_local_timestamp": "2026-01-25T23:34:13.777428+00:00", "data": {"market": "0x9b3432e989e48d27f66d747901ccf574c1b181c4a6a86c5b57c195aed135bc59", "price_changes": [{"asset_id": "24358210787676305697341608050830551906447237235735968811847994703558824459476", "price": "0.586", "size": "0", "side": "SELL", "hash": "98c3d6c6441a2c1f4db33fed7ca7c220c0ef2840", "best_bid": "0.028", "best_ask": "0.051"}, {"asset_id": "5130309043192799999933644817228338805128523784510822154717928819585795504613", "price": "0.414", "size": "0", "side": "BUY", "hash": "7600e6402bef7749c2a4268f2872492c7e0186e5", "best_bid": "0.949", "best_ask": "0.972"}], "timestamp": "1769384053706", "event_type": "price_change"}}
{"_local_timestamp": "2026-01-25T23:34:13.832333+00:00", "data": {"market": "0x9b3432e989e48d27f66d747901ccf574c1b181c4a6a86c5b57c195aed135bc59", "price_changes": [{"asset_id": "24358210787676305697341608050830551906447237235735968811847994703558824459476", "price": "0.628", "size": "29.05", "side": "SELL", "hash": "baa282f689eec6caad781a5c625ab5493d01f458", "best_bid": "0.028", "best_ask": "0.051"}, {"asset_id": "5130309043192799999933644817228338805128523784510822154717928819585795504613", "price": "0.372", "size": "29.05", "side": "BUY", "hash": "f3700468a2230ceeb9bfe69b8f4fa9f355c1e2bd", "best_bid": "0.949", "best_ask": "0.972"}], "timestamp": "1769384053759", "event_type": "price_change"}}
{"_local_timestamp": "2026-01-25T23:34:14.835904+00:00", "data": {"market": "0x9b3432e989e48d27f66d747901ccf574c1b181c4a6a86c5b57c195aed135bc59", "price_changes": [{"asset_id": "24358210787676305697341608050830551906447237235735968811847994703558824459476", "price": "0.585", "size": "0", "side": "SELL", "hash": "5beb2130a8d86c4c763c94f5e6c54550c84f73f2", "best_bid": "0.028", "best_ask": "0.051"}, {"asset_id": "5130309043192799999933644817228338805128523784510822154717928819585795504613", "price": "0.415", "size": "0", "side": "BUY", "hash": "fc5023aaf23ae881036a972327f8aca1a4c6f066", "best_bid": "0.949", "best_ask": "0.972"}], "timestamp": "1769384054770", "event_type": "price_change"}}
{"_local_timestamp": "2026-01-25T23:34:14.865661+00:00", "data": {"market": "0x9b3432e989e48d27f66d747901ccf574c1b181c4a6a86c5b57c195aed135bc59", "price_changes": [{"asset_id": "24358210787676305697341608050830551906447237235735968811847994703558824459476", "price": "0.627", "size": "50", "side": "SELL", "hash": "de673681dfe9a72d022ea3ab51c37ceee111f847", "best_bid": "0.028", "best_ask": "0.051"}, {"asset_id": "5130309043192799999933644817228338805128523784510822154717928819585795504613", "price": "0.373", "size": "50", "side": "BUY", "hash": "5e471c0098fe7ff7a14a3ad4b39bb7233600bc95", "best_bid": "0.949", "best_ask": "0.972"}], "timestamp": "1769384054796", "event_type": "price_change"}}
{"_local_timestamp": "2026-01-25T23:34:15.122777+00:00", "data": {"market": "0x9b3432e989e48d27f66d747901ccf574c1b181c4a6a86c5b57c195aed135bc59", "price_changes": [{"asset_id": "24358210787676305697341608050830551906447237235735968811847994703558824459476", "price": "0.628", "size": "0", "side": "SELL", "hash": "60dd1bcf9be5f0d2040240ec444fbc77ed48abc7", "best_bid": "0.028", "best_ask": "0.051"}, {"asset_id": "5130309043192799999933644817228338805128523784510822154717928819585795504613", "price": "0.372", "size": "0", "side": "BUY", "hash": "788304f6826b1ad376497e83b16a3e5e4cbbce85", "best_bid": "0.949", "best_ask": "0.972"}], "timestamp": "1769384055047", "event_type": "price_change"}}
{"_local_timestamp": "2026-01-25T23:34:15.166987+00:00", "data": {"market": "0x9b3432e989e48d27f66d747901ccf574c1b181c4a6a86c5b57c195aed135bc59", "price_changes": [{"asset_id": "24358210787676305697341608050830551906447237235735968811847994703558824459476", "price": "0.626", "size": "29.05", "side": "SELL", "hash": "e42087a07e1e1d96b6751cdcac9b4f5c9397aa48", "best_bid": "0.028", "best_ask": "0.051"}, {"asset_id": "5130309043192799999933644817228338805128523784510822154717928819585795504613", "price": "0.374", "size": "29.05", "side": "BUY", "hash": "4ba8184555ddf3c4318ba333554e0e6e0a69327b", "best_bid": "0.949", "best_ask": "0.972"}], "timestamp": "1769384055097", "event_type": "price_change"}}
{"_local_timestamp": "2026-01-25T23:34:16.127406+00:00", "data": {"market": "0x9b3432e989e48d27f66d747901ccf574c1b181c4a6a86c5b57c195aed135bc59", "price_changes": [{"asset_id": "24358210787676305697341608050830551906447237235735968811847994703558824459476", "price": "0.627", "size": "0", "side": "SELL", "hash": "48d8e09c3fa5e761eadd1544c030f068663550c7", "best_bid": "0.028", "best_ask": "0.051"}, {"asset_id": "5130309043192799999933644817228338805128523784510822154717928819585795504613", "price": "0.373", "size": "0", "side": "BUY", "hash": "27e74048c2fcadb006d34be0c82e0460291d024b", "best_bid": "0.949", "best_ask": "0.972"}], "timestamp": "1769384056042", "event_type": "price_change"}}
{"_local_timestamp": "2026-01-25T23:34:16.149121+00:00", "data": {"market": "0x9b3432e989e48d27f66d747901ccf574c1b181c4a6a86c5b57c195aed135bc59", "price_changes": [{"asset_id": "24358210787676305697341608050830551906447237235735968811847994703558824459476", "price": "0.625", "size": "50", "side": "SELL", "hash": "ef31aefc7a9e9f9af1cc7b19fd71ce2598a6575e", "best_bid": "0.028", "best_ask": "0.051"}, {"asset_id": "5130309043192799999933644817228338805128523784510822154717928819585795504613", "price": "0.375", "size": "50", "side": "BUY", "hash": "049e2ffcca3eb24df0f1b89e9cb3fc7aaa64ffbb", "best_bid": "0.949", "best_ask": "0.972"}], "timestamp": "1769384056072", "event_type": "price_change"}}
{"_local_timestamp": "2026-01-25T23:34:16.529593+00:00", "data": {"market": "0x9b3432e989e48d27f66d747901ccf574c1b181c4a6a86c5b57c195aed135bc59", "price_changes": [{"asset_id": "24358210787676305697341608050830551906447237235735968811847994703558824459476", "price": "0.626", "size": "0", "side": "SELL", "hash": "9341389a3d89c5c1377d2fbfb199eabfb3c3017b", "best_bid": "0.028", "best_ask": "0.051"}, {"asset_id": "5130309043192799999933644817228338805128523784510822154717928819585795504613", "price": "0.374", "size": "0", "side": "BUY", "hash": "b3ab8b7ed3102ba7047b09f7067f53cdf6850909", "best_bid": "0.949", "best_ask": "0.972"}], "timestamp": "1769384056463", "event_type": "price_change"}}
{"_local_timestamp": "2026-01-25T23:34:16.580134+00:00", "data": {"market": "0x9b3432e989e48d27f66d747901ccf574c1b181c4a6a86c5b57c195aed135bc59", "price_changes": [{"asset_id": "24358210787676305697341608050830551906447237235735968811847994703558824459476", "price": "0.624", "size": "29.05", "side": "SELL", "hash": "9052a88f5322aaf60cc4c4d6354f704327e0d40b", "best_bid": "0.028", "best_ask": "0.051"}, {"asset_id": "5130309043192799999933644817228338805128523784510822154717928819585795504613", "price": "0.376", "size": "29.05", "side": "BUY", "hash": "8be9fc7f56966f61906e2d75f7d94558449c09d5", "best_bid": "0.949", "best_ask": "0.972"}], "timestamp": "1769384056516", "event_type": "price_change"}}
{"_local_timestamp": "2026-01-25T23:34:17.282076+00:00", "data": {"market": "0x9b3432e989e48d27f66d747901ccf574c1b181c4a6a86c5b57c195aed135bc59", "price_changes": [{"asset_id": "24358210787676305697341608050830551906447237235735968811847994703558824459476", "price": "0.625", "size": "0", "side": "SELL", "hash": "3c722c24ac0c7ba88f94854fb5497ad0db1fbb48", "best_bid": "0.028", "best_ask": "0.051"}, {"asset_id": "5130309043192799999933644817228338805128523784510822154717928819585795504613", "price": "0.375", "size": "0", "side": "BUY", "hash": "771ef09cb77b3ce0923c41d9e3baf640af346105", "best_bid": "0.949", "best_ask": "0.972"}], "timestamp": "1769384057209", "event_type": "price_change"}}
{"_local_timestamp": "2026-01-25T23:34:17.313166+00:00", "data": {"market": "0x9b3432e989e48d27f66d747901ccf574c1b181c4a6a86c5b57c195aed135bc59", "price_changes": [{"asset_id": "24358210787676305697341608050830551906447237235735968811847994703558824459476", "price": "0.623", "size": "50", "side": "SELL", "hash": "ea5ac7b9a53e7fd3d671d0db8c811b8d27582e3b", "best_bid": "0.028", "best_ask": "0.051"}, {"asset_id": "5130309043192799999933644817228338805128523784510822154717928819585795504613", "price": "0.377", "size": "50", "side": "BUY", "hash": "25b4feafb754cba20ec02e6fa8e893c71d93f2a7", "best_bid": "0.949", "best_ask": "0.972"}], "timestamp": "1769384057241", "event_type": "price_change"}}
{"_local_timestamp": "2026-01-25T23:34:17.874450+00:00", "data": {"market": "0x9b3432e989e48d27f66d747901ccf574c1b181c4a6a86c5b57c195aed135bc59", "price_changes": [{"asset_id": "24358210787676305697341608050830551906447237235735968811847994703558824459476", "price": "0.624", "size": "0", "side": "SELL", "hash": "667eac48f68630c3342d30c97f0eb189ecb94623", "best_bid": "0.028", "best_ask": "0.051"}, {"asset_id": "5130309043192799999933644817228338805128523784510822154717928819585795504613", "price": "0.376", "size": "0", "side": "BUY", "hash": "462f6abf8ff33e46ee4855efe126f0bb775fa17e", "best_bid": "0.949", "best_ask": "0.972"}], "timestamp": "1769384057804", "event_type": "price_change"}}
{"_local_timestamp": "2026-01-25T23:34:17.927151+00:00", "data": {"market": "0x9b3432e989e48d27f66d747901ccf574c1b181c4a6a86c5b57c195aed135bc59", "price_changes": [{"asset_id": "24358210787676305697341608050830551906447237235735968811847994703558824459476", "price": "0.622", "size": "29.05", "side": "SELL", "hash": "bb4e951f8f38e9de551f573955876a4795900d91", "best_bid": "0.028", "best_ask": "0.051"}, {"asset_id": "5130309043192799999933644817228338805128523784510822154717928819585795504613", "price": "0.378", "size": "29.05", "side": "BUY", "hash": "6323d26ddb18f20d924361ec92eeaabbed3d03a7", "best_bid": "0.949", "best_ask": "0.972"}], "timestamp": "1769384057853", "event_type": "price_change"}}
{"_local_timestamp": "2026-01-25T23:34:18.439616+00:00", "data": {"market": "0x9b3432e989e48d27f66d747901ccf574c1b181c4a6a86c5b57c195aed135bc59", "price_changes": [{"asset_id": "24358210787676305697341608050830551906447237235735968811847994703558824459476", "price": "0.623", "size": "0", "side": "SELL", "hash": "5533f1c10103a3b38bcfe30c0fc5cc8126cdf166", "best_bid": "0.028", "best_ask": "0.051"}, {"asset_id": "5130309043192799999933644817228338805128523784510822154717928819585795504613", "price": "0.377", "size": "0", "side": "BUY", "hash": "a2ec08a0e7e4cb8727d5fd2a737b8b904976aeae", "best_bid": "0.949", "best_ask": "0.972"}], "timestamp": "1769384058371", "event_type": "price_change"}}
{"_local_timestamp": "2026-01-25T23:34:18.471649+00:00", "data": {"market": "0x9b3432e989e48d27f66d747901ccf574c1b181c4a6a86c5b57c195aed135bc59", "price_changes": [{"asset_id": "24358210787676305697341608050830551906447237235735968811847994703558824459476", "price": "0.621", "size": "50", "side": "SELL", "hash": "13cdd798b500cc8616790bee69719cb8eb8d0570", "best_bid": "0.028", "best_ask": "0.051"}, {"asset_id": "5130309043192799999933644817228338805128523784510822154717928819585795504613", "price": "0.379", "size": "50", "side": "BUY", "hash": "5c3d37495a0851e167922cb6c0260ccc16aa4c3a", "best_bid": "0.949", "best_ask": "0.972"}], "timestamp": "1769384058408", "event_type": "price_change"}}
{"_local_timestamp": "2026-01-25T23:34:22.373096+00:00", "data": {"market": "0x9b3432e989e48d27f66d747901ccf574c1b181c4a6a86c5b57c195aed135bc59", "price_changes": [{"asset_id": "24358210787676305697341608050830551906447237235735968811847994703558824459476", "price": "0.622", "size": "0", "side": "SELL", "hash": "00797cf23a90d4e142b8b3692955e45b494a8138", "best_bid": "0.028", "best_ask": "0.051"}, {"asset_id": "5130309043192799999933644817228338805128523784510822154717928819585795504613", "price": "0.378", "size": "0", "side": "BUY", "hash": "a8688462a1bc746c84e745dcd85d3fdd92fdc20e", "best_bid": "0.949", "best_ask": "0.972"}], "timestamp": "1769384062289", "event_type": "price_change"}}
{"_local_timestamp": "2026-01-25T23:34:22.428502+00:00", "data": {"market": "0x9b3432e989e48d27f66d747901ccf574c1b181c4a6a86c5b57c195aed135bc59", "price_changes": [{"asset_id": "24358210787676305697341608050830551906447237235735968811847994703558824459476", "price": "0.62", "size": "29.05", "side": "SELL", "hash": "76989cc6dc43b19dd22775ee35868fa4e5815b6f", "best_bid": "0.028", "best_ask": "0.051"}, {"asset_id": "5130309043192799999933644817228338805128523784510822154717928819585795504613", "price": "0.38", "size": "29.05", "side": "BUY", "hash": "ba6c5da6c0a0abf419c313500ecc981b2db82441", "best_bid": "0.949", "best_ask": "0.972"}], "timestamp": "1769384062341", "event_type": "price_change"}}
{"_local_timestamp": "2026-01-25T23:34:23.375693+00:00", "data": {"market": "0x9b3432e989e48d27f66d747901ccf574c1b181c4a6a86c5b57c195aed135bc59", "price_changes": [{"asset_id": "24358210787676305697341608050830551906447237235735968811847994703558824459476", "price": "0.621", "size": "0", "side": "SELL", "hash": "46c3300dac2c75b025b6da78cdc092452fa26491", "best_bid": "0.028", "best_ask": "0.051"}, {"asset_id": "5130309043192799999933644817228338805128523784510822154717928819585795504613", "price": "0.379", "size": "0", "side": "BUY", "hash": "7bae63a25f0f051825947c60903cb7717cb046b7", "best_bid": "0.949", "best_ask": "0.972"}], "timestamp": "1769384063298", "event_type": "price_change"}}
{"_local_timestamp": "2026-01-25T23:34:23.394258+00:00", "data": {"market": "0x9b3432e989e48d27f66d747901ccf574c1b181c4a6a86c5b57c195aed135bc59", "price_changes": [{"asset_id": "24358210787676305697341608050830551906447237235735968811847994703558824459476", "price": "0.619", "size": "50", "side": "SELL", "hash": "4fe094c1aeb45b216601e5d15d4f624510d82e70", "best_bid": "0.028", "best_ask": "0.051"}, {"asset_id": "5130309043192799999933644817228338805128523784510822154717928819585795504613", "price": "0.381", "size": "50", "side": "BUY", "hash": "1b67dfa47214d35c7f97b909a68109ac05a7955c", "best_bid": "0.949", "best_ask": "0.972"}], "timestamp": "1769384063327", "event_type": "price_change"}}
{"_local_timestamp": "2026-01-25T23:34:25.049052+00:00", "data": {"market": "0x9b3432e989e48d27f66d747901ccf574c1b181c4a6a86c5b57c195aed135bc59", "price_changes": [{"asset_id": "24358210787676305697341608050830551906447237235735968811847994703558824459476", "price": "0.62", "size": "0", "side": "SELL", "hash": "b5eddc69ea828b49bffe6af3aee634d00bde5ab9", "best_bid": "0.028", "best_ask": "0.051"}, {"asset_id": "5130309043192799999933644817228338805128523784510822154717928819585795504613", "price": "0.38", "size": "0", "side": "BUY", "hash": "035b370a0b987c857a1af88a98bed92780fcb15d", "best_bid": "0.949", "best_ask": "0.972"}], "timestamp": "1769384064970", "event_type": "price_change"}}
{"_local_timestamp": "2026-01-25T23:34:25.094983+00:00", "data": {"market": "0x9b3432e989e48d27f66d747901ccf574c1b181c4a6a86c5b57c195aed135bc59", "price_changes": [{"asset_id": "24358210787676305697341608050830551906447237235735968811847994703558824459476", "price": "0.618", "size": "29.05", "side": "SELL", "hash": "6e3c93163ce4612685703c0a648997f3d51f453a", "best_bid": "0.028", "best_ask": "0.051"}, {"asset_id": "5130309043192799999933644817228338805128523784510822154717928819585795504613", "price": "0.382", "size": "29.05", "side": "BUY", "hash": "04bf1ce6dfd79f12d1b643776e3ab461fd0c6f89", "best_bid": "0.949", "best_ask": "0.972"}], "timestamp": "1769384065019", "event_type": "price_change"}}
{"_local_timestamp": "2026-01-25T23:34:25.818919+00:00", "data": {"market": "0x9b3432e989e48d27f66d747901ccf574c1b181c4a6a86c5b57c195aed135bc59", "price_changes": [{"asset_id": "24358210787676305697341608050830551906447237235735968811847994703558824459476", "price": "0.619", "size": "0", "side": "SELL", "hash": "8a28a1feab4393805271aec8d7496332d79af3f4", "best_bid": "0.028", "best_ask": "0.051"}, {"asset_id": "5130309043192799999933644817228338805128523784510822154717928819585795504613", "price": "0.381", "size": "0", "side": "BUY", "hash": "89bd3467e799694335c22af459d2897d221771c0", "best_bid": "0.949", "best_ask": "0.972"}], "timestamp": "1769384065728", "event_type": "price_change"}}
{"_local_timestamp": "2026-01-25T23:34:25.862146+00:00", "data": {"market": "0x9b3432e989e48d27f66d747901ccf574c1b181c4a6a86c5b57c195aed135bc59", "price_changes": [{"asset_id": "24358210787676305697341608050830551906447237235735968811847994703558824459476", "price": "0.617", "size": "50", "side": "SELL", "hash": "b153c09d0ef72e6ee30023aef8c7205226c27c3e", "best_bid": "0.028", "best_ask": "0.051"}, {"asset_id": "5130309043192799999933644817228338805128523784510822154717928819585795504613", "price": "0.383", "size": "50", "side": "BUY", "hash": "452eef6fc27735198088f4e13b8d8aaa76556f10", "best_bid": "0.949", "best_ask": "0.972"}], "timestamp": "1769384065759", "event_type": "price_change"}}
{"_local_timestamp": "2026-01-25T23:34:26.597589+00:00", "data": {"market": "0x9b3432e989e48d27f66d747901ccf574c1b181c4a6a86c5b57c195aed135bc59", "price_changes": [{"asset_id": "24358210787676305697341608050830551906447237235735968811847994703558824459476", "price": "0.618", "size": "0", "side": "SELL", "hash": "a33b7bcae58128433f5c1fd2621947ffcaca31b8", "best_bid": "0.028", "best_ask": "0.051"}, {"asset_id": "5130309043192799999933644817228338805128523784510822154717928819585795504613", "price": "0.382", "size": "0", "side": "BUY", "hash": "b5ab973178286b7c747c35cadb729c7c53ac7093", "best_bid": "0.949", "best_ask": "0.972"}], "timestamp": "1769384066530", "event_type": "price_change"}}
{"_local_timestamp": "2026-01-25T23:34:26.648100+00:00", "data": {"market": "0x9b3432e989e48d27f66d747901ccf574c1b181c4a6a86c5b57c195aed135bc59", "price_changes": [{"asset_id": "24358210787676305697341608050830551906447237235735968811847994703558824459476", "price": "0.616", "size": "29.05", "side": "SELL", "hash": "05478652b7fcaa59cc193eba5323222540709b36", "best_bid": "0.028", "best_ask": "0.051"}, {"asset_id": "5130309043192799999933644817228338805128523784510822154717928819585795504613", "price": "0.384", "size": "29.05", "side": "BUY", "hash": "0f110b190431c76e697bab44d173a6db2f613968", "best_bid": "0.949", "best_ask": "0.972"}], "timestamp": "1769384066575", "event_type": "price_change"}}
{"_local_timestamp": "2026-01-25T23:34:27.063405+00:00", "data": {"market": "0x9b3432e989e48d27f66d747901ccf574c1b181c4a6a86c5b57c195aed135bc59", "price_changes": [{"asset_id": "24358210787676305697341608050830551906447237235735968811847994703558824459476", "price": "0.617", "size": "0", "side": "SELL", "hash": "740ef718dea33ab4f39184629b1de1d8a8fe9ae3", "best_bid": "0.028", "best_ask": "0.051"}, {"asset_id": "5130309043192799999933644817228338805128523784510822154717928819585795504613", "price": "0.383", "size": "0", "side": "BUY", "hash": "f453e9d7f32616cea07f4b22ba45f3d6e993b2e3", "best_bid": "0.949", "best_ask": "0.972"}], "timestamp": "1769384066983", "event_type": "price_change"}}
{"_local_timestamp": "2026-01-25T23:34:27.135153+00:00", "data": {"market": "0x9b3432e989e48d27f66d747901ccf574c1b181c4a6a86c5b57c195aed135bc59", "price_changes": [{"asset_id": "24358210787676305697341608050830551906447237235735968811847994703558824459476", "price": "0.615", "size": "50", "side": "SELL", "hash": "0a546bd50bc465718237d00a596df6314a317136", "best_bid": "0.028", "best_ask": "0.051"}, {"asset_id": "5130309043192799999933644817228338805128523784510822154717928819585795504613", "price": "0.385", "size": "50", "side": "BUY", "hash": "273005de9505e2cbc2fd6eb30368a3e3bf91d57d", "best_bid": "0.949", "best_ask": "0.972"}], "timestamp": "1769384067012", "event_type": "price_change"}}
{"_local_timestamp": "2026-01-25T23:34:29.463096+00:00", "data": {"market": "0x9b3432e989e48d27f66d747901ccf574c1b181c4a6a86c5b57c195aed135bc59", "price_changes": [{"asset_id": "24358210787676305697341608050830551906447237235735968811847994703558824459476", "price": "0.616", "size": "0", "side": "SELL", "hash": "084bfdb239a867a60248fc63e46c6775fb6c9913", "best_bid": "0.028", "best_ask": "0.051"}, {"asset_id": "5130309043192799999933644817228338805128523784510822154717928819585795504613", "price": "0.384", "size": "0", "side": "BUY", "hash": "56c5f4872c341e8bf8d4607dc226f9dded743683", "best_bid": "0.949", "best_ask": "0.972"}], "timestamp": "1769384069378", "event_type": "price_change"}}
{"_local_timestamp": "2026-01-25T23:34:29.490118+00:00", "data": {"market": "0x9b3432e989e48d27f66d747901ccf574c1b181c4a6a86c5b57c195aed135bc59", "price_changes": [{"asset_id": "24358210787676305697341608050830551906447237235735968811847994703558824459476", "price": "0.614", "size": "29.05", "side": "SELL", "hash": "1ed47c400c8791fce7f31578a76bd64193e69a78", "best_bid": "0.028", "best_ask": "0.051"}, {"asset_id": "5130309043192799999933644817228338805128523784510822154717928819585795504613", "price": "0.386", "size": "29.05", "side": "BUY", "hash": "ce8ae54a2c0d7af8b1385dcec91a5e622a7bf061", "best_bid": "0.949", "best_ask": "0.972"}], "timestamp": "1769384069417", "event_type": "price_change"}}
{"_local_timestamp": "2026-01-25T23:34:30.731262+00:00", "data": {"market": "0x9b3432e989e48d27f66d747901ccf574c1b181c4a6a86c5b57c195aed135bc59", "price_changes": [{"asset_id": "24358210787676305697341608050830551906447237235735968811847994703558824459476", "price": "0.615", "size": "0", "side": "SELL", "hash": "52970636d4022170471508ce35f408b21f23df31", "best_bid": "0.028", "best_ask": "0.051"}, {"asset_id": "5130309043192799999933644817228338805128523784510822154717928819585795504613", "price": "0.385", "size": "0", "side": "BUY", "hash": "455068ed923dc31fce0edae3010d64c2a6000db0", "best_bid": "0.949", "best_ask": "0.972"}], "timestamp": "1769384070621", "event_type": "price_change"}}
{"_local_timestamp": "2026-01-25T23:34:30.732097+00:00", "data": {"market": "0x9b3432e989e48d27f66d747901ccf574c1b181c4a6a86c5b57c195aed135bc59", "price_changes": [{"asset_id": "24358210787676305697341608050830551906447237235735968811847994703558824459476", "price": "0.613", "size": "50", "side": "SELL", "hash": "80ae13fc6a7833d2a6dc41d64a70cecfb2332944", "best_bid": "0.028", "best_ask": "0.051"}, {"asset_id": "5130309043192799999933644817228338805128523784510822154717928819585795504613", "price": "0.387", "size": "50", "side": "BUY", "hash": "0ea23cdedfb6fdc2e411b598bd8a2c4e77951a3c", "best_bid": "0.949", "best_ask": "0.972"}], "timestamp": "1769384070648", "event_type": "price_change"}}
