{"_local_timestamp": "2026-01-25T23:33:58.848092+00:00", "data": [{"market": "0xb8e9929e12cd6ec376a853095efbb701e6161e0fc7544ed5a702a4b8bcdd77ed", "asset_id": "80288588795953105933627601109017487825420896876408664981801507122860836910392", "timestamp": "1769383992881", "hash": "baf11b5f9b7f33745bc88082fcf4dc5266a23386", "bids": [{"price": "0.01", "size": "155.18"}, {"price": "0.02", "size": "47.41"}, {"price": "0.58", "size": "80"}], "asks": [{"price": "0.99", "size": "157.47"}, {"price": "0.98", "size": "46.26"}, {"price": "0.83", "size": "80"}], "event_type": "book", "last_trade_price": "0.160"}, {"market": "0xb8e9929e12cd6ec376a853095efbb701e6161e0fc7544ed5a702a4b8bcdd77ed", "asset_id": "76136844051601335888907604133358366425058549611112777364537215869359383506789", "timestamp": "1769383992881", "hash": "0fdc410f5b5aab7d43491c3145c03ac01123bf0c", "bids": [{"price": "0.01", "size": "157.47"}, {"price": "0.02", "size": "46.26"}, {"price": "0.17", "size": "80"}], "asks": [{"price": "0.99", "size": "155.18"}, {"price": "0.98", "size": "47.41"}, {"price": "0.42", "size": "80"}], "event_type": "book", "last_trade_price": "0.160"}]}
{"_local_timestamp": "2026-01-25T23:33:59.025214+00:00", "data": {"market": "0xb8e9929e12cd6ec376a853095efbb701e6161e0fc7544ed5a702a4b8bcdd77ed", "price_changes": [{"asset_id": "80288588795953105933627601109017487825420896876408664981801507122860836910392", "price": "0.6", "size": "10", "side": "BUY", "hash": "12f53b4230353856c9cbb0a20872579adb71459c", "best_bid": "0.6", "best_ask": "0.83"}, {"asset_id": "76136844051601335888907604133358366425058549611112777364537215869359383506789", "price": "0.4", "size": "10", "side": "SELL", "hash": "1a77adcf8239ca257effd1fc923081b1c21cde72", "best_bid": "0.17", "best_ask": "0.4"}], "timestamp": "1769384038947", "event_type": "price_change"}}
{"_local_timestamp": "2026-01-25T23:34:26.533581+00:00", "data": {"market": "0xb8e9929e12cd6ec376a853095efbb701e6161e0fc7544ed5a702a4b8bcdd77ed", "price_changes": [{"asset_id": "76136844051601335888907604133358366425058549611112777364537215869359383506789", "price": "0.17", "size": "0", "side": "BUY", "hash": "fdfbb5daa1994de259b3f4d63f9c0bed6d753bd3", "best_bid": "0.02", "best_ask": "0.4"}, {"asset_id": "80288588795953105933627601109017487825420896876408664981801507122860836910392", "price": "0.83", "size": "0", "side": "SELL", "hash": "9d26bfe82c178ce2a96b822fd23ec859b95712b1", "best_bid": "0.6", "best_ask": "0.98"}], "timestamp": "1769384066466", "event_type": "price_change"}}
{"_local_timestamp": "2026-01-25T23:34:26.595527+00:00", "data": {"market": "0xb8e9929e12cd6ec376a853095efbb701e6161e0fc7544ed5a702a4b8bcdd77ed", "price_changes": [{"asset_id": "76136844051601335888907604133358366425058549611112777364537215869359383506789", "price": "0.16", "size": "80", "side": "BUY", "hash": "7a15b12c61d023132f1aa1b127d150a45dc3030b", "best_bid": "0.16", "best_ask": "0.4"}, {"asset_id": "80288588795953105933627601109017487825420896876408664981801507122860836910392", "price": "0.84", "size": "80", "side": "SELL", "hash": "0ecd5c5de8cf62ba9d88424589d277651c7213a9", "best_bid": "0.6", "best_ask": "0.84"}], "timestamp": "1769384066525", "event_type": "price_change"}}
{"_local_timestamp": "2026-01-25T23:34:26.815737+00:00", "data": {"market": "0xb8e9929e12cd6ec376a853095efbb701e6161e0fc7544ed5a702a4b8bcdd77ed", "price_changes": [{"asset_id": "76136844051601335888907604133358366425058549611112777364537215869359383506789", "price": "0.16", "size": "0", "side": "BUY", "hash": "b1a599d36b6916eb034c681f382c8d2755530785", "best_bid": "0.02", "best_ask": "0.4"}, {"asset_id": "80288588795953105933627601109017487825420896876408664981801507122860836910392", "price": "0.84", "size": "0", "side": "SELL", "hash": "1e70f7bf319e061f73a42619500305e675c6ef08", "best_bid": "0.6", "best_ask": "0.98"}], "timestamp": "1769384066753", "event_type": "price_change"}}
{"_local_timestamp": "2026-01-25T23:34:26.888909+00:00", "data": {"market": "0xb8e9929e12cd6ec376a853095efbb701e6161e0fc7544ed5a702a4b8bcdd77ed", "price_changes": [{"asset_id": "76136844051601335888907604133358366425058549611112777364537215869359383506789", "price": "0.03", "size": "80", "side": "BUY", "hash": "3a78d72b6096b13ef7268cf1ee5b8720db5cb56e", "best_bid": "0.03", "best_ask": "0.4"}, {"asset_id": "80288588795953105933627601109017487825420896876408664981801507122860836910392", "price": "0.97", "size": "80", "side": "SELL", "hash": "fb963385b75e030e8a0f456a2ec20368cc24c98c", "best_bid": "0.6", "best_ask": "0.97"}], "timestamp": "1769384066811", "event_type": "price_change"}}
{"_local_timestamp": "2026-01-25T23:34:27.142622+00:00", "data": {"market": "0xb8e9929e12cd6ec376a853095efbb701e6161e0fc7544ed5a702a4b8bcdd77ed", "price_changes": [{"asset_id": "76136844051601335888907604133358366425058549611112777364537215869359383506789", "price": "0.03", "size": "0", "side": "BUY", "hash": "7ec68002b41a63ea6ecc6debc7b66867f80ffd10", "best_bid": "0.02", "best_ask": "0.4"}, {"asset_id": "80288588795953105933627601109017487825420896876408664981801507122860836910392", "price": "0.97", "size": "0", "side": "SELL", "hash": "cbee9f2801c2120fddfaebfb5baf163fdd8e8e70", "best_bid": "0.6", "best_ask": "0.98"}], "timestamp": "1769384067044", "event_type": "price_change"}}
{"_local_timestamp": "2026-01-25T23:34:27.166627+00:00", "data": {"market": "0xb8e9929e12cd6ec376a853095efbb701e6161e0fc7544ed5a702a4b8bcdd77ed", "price_changes": [{"asset_id": "76136844051601335888907604133358366425058549611112777364537215869359383506789", "price": "0.16", "size": "80", "side": "BUY", "hash": "239ba80225f750909098d11cb83c239f4f99bd0c", "best_bid": "0.16", "best_ask": "0.4"}, {"asset_id": "80288588795953105933627601109017487825420896876408664981801507122860836910392", "price": "0.84", "size": "80", "side": "SELL", "hash": "d66721be7f56aefac45b2eff7f104a7a8d3c545e", "best_bid": "0.6", "best_ask": "0.84"}], "timestamp": "1769384067103", "event_type": "price_change"}}
{"_local_timestamp": "2026-01-25T23:34:27.394937+00:00", "data": {"market": "0xb8e9929e12cd6ec376a853095efbb701e6161e0fc7544ed5a702a4b8bcdd77ed", "price_changes": [{"asset_id": "76136844051601335888907604133358366425058549611112777364537215869359383506789", "price": "0.16", "size": "0", "side": "BUY", "hash": "29f46dd8d6700228521f29267e05e63e28377cf4", "best_bid": "0.02", "best_ask": "0.4"}, {"asset_id": "80288588795953105933627601109017487825420896876408664981801507122860836910392", "price": "0.84", "size": "0", "side": "SELL", "hash": "8344d4fe19c8bd4897aeb2b3adb60ca329d7ea89", "best_bid": "0.6", "best_ask": "0.98"}], "timestamp": "1769384067328", "event_type": "price_change"}}
{"_local_timestamp": "2026-01-25T23:34:27.457288+00:00", "data": {"market": "0xb8e9929e12cd6ec376a853095efbb701e6161e0fc7544ed5a702a4b8bcdd77ed", "price_changes": [{"asset_id": "76136844051601335888907604133358366425058549611112777364537215869359383506789", "price": "0.03", "size": "80", "side": "BUY", "hash": "2de0bf6b03fa15d0f72aa48abd6142a8dd555bc8", "best_bid": "0.03", "best_ask": "0.4"}, {"asset_id": "80288588795953105933627601109017487825420896876408664981801507122860836910392", "price": "0.97", "size": "80", "side": "SELL", "hash": "15337036e6a0554f3d5bfcef5eb93e24d1f4c925", "best_bid": "0.6", "best_ask": "0.97"}], "timestamp": "1769384067391", "event_type": "price_change"}}
{"_local_timestamp": "2026-01-25T23:34:27.884653+00:00", "data": {"market": "0xb8e9929e12cd6ec376a853095efbb701e6161e0fc7544ed5a702a4b8bcdd77ed", "price_changes": [{"asset_id": "76136844051601335888907604133358366425058549611112777364537215869359383506789", "price": "0.03", "size": "0", "side": "BUY", "hash": "e1cfdff6bcf5c25857e545d53d9b76c3b55543da", "best_bid": "0.02", "best_ask": "0.4"}, {"asset_id": "80288588795953105933627601109017487825420896876408664981801507122860836910392", "price": "0.97", "size": "0", "side": "SELL", "hash": "3c96a0d2e563cd614032d3a6d66f8c300f7ceebf", "best_bid": "0.6", "best_ask": "0.98"}], "timestamp": "1769384067616", "event_type": "price_change"}}
{"_local_timestamp": "2026-01-25T23:34:27.897117+00:00", "data": {"market": "0xb8e9929e12cd6ec376a853095efbb701e6161e0fc7544ed5a702a4b8bcdd77ed", "price_changes": [{"asset_id": "76136844051601335888907604133358366425058549611112777364537215869359383506789", "price": "0.16", "size": "80", "side": "BUY", "hash": "fdf3894cd50cafd966a0b5b4a7e3b727bd975323", "best_bid": "0.16", "best_ask": "0.4"}, {"asset_id": "80288588795953105933627601109017487825420896876408664981801507122860836910392", "price": "0.84", "size": "80", "side": "SELL", "hash": "0cfa63d716021912491e1713fbe7c09c4e4bf5cc", "best_bid": "0.6", "best_ask": "0.84"}], "timestamp": "1769384067685", "event_type": "price_change"}}
{"_local_timestamp": "2026-01-25T23:34:27.982039+00:00", "data": {"market": "0xb8e9929e12cd6ec376a853095efbb701e6161e0fc7544ed5a702a4b8bcdd77ed", "price_changes": [{"asset_id": "76136844051601335888907604133358366425058549611112777364537215869359383506789", "price": "0.16", "size": "0", "side": "BUY", "hash": "746e581eb0bdb82f4248e860aca94f22578a9227", "best_bid": "0.02", "best_ask": "0.4"}, {"asset_id": "80288588795953105933627601109017487825420896876408664981801507122860836910392", "price": "0.84", "size": "0", "side": "SELL", "hash": "7e8cfe87869997c46541265ab09d7ecc73355ba0", "best_bid": "0.6", "best_ask": "0.98"}], "timestamp": "1769384067912", "event_type": "price_change"}}
{"_local_timestamp": "2026-01-25T23:34:28.031795+00:00", "data": {"market": "0xb8e9929e12cd6ec376a853095efbb701e6161e0fc7544ed5a702a4b8bcdd77ed", "price_changes": [{"asset_id": "76136844051601335888907604133358366425058549611112777364537215869359383506789", "price": "0.03", "size": "80", "side": "BUY", "hash": "f6bd085132e26e344da6ccf018af92caba864402", "best_bid": "0.03", "best_ask": "0.4"}, {"asset_id": "80288588795953105933627601109017487825420896876408664981801507122860836910392", "price": "0.97", "size": "80", "side": "SELL", "hash": "bb38c5b49c98822403ec5b09605d9653a1146fce", "best_bid": "0.6", "best_ask": "0.97"}], "timestamp": "1769384067965", "event_type": "price_change"}}
{"_local_timestamp": "2026-01-25T23:34:28.396110+00:00", "data": {"market": "0xb8e9929e12cd6ec376a853095efbb701e6161e0fc7544ed5a702a4b8bcdd77ed", "price_changes": [{"asset_id": "76136844051601335888907604133358366425058549611112777364537215869359383506789", "price": "0.03", "size": "0", "side": "BUY", "hash": "ef434bd1b2309a68eb8a8c9e2d54bbd33cc1b0f4", "best_bid": "0.02", "best_ask": "0.4"}, {"asset_id": "80288588795953105933627601109017487825420896876408664981801507122860836910392", "price": "0.97", "size": "0", "side": "SELL", "hash": "f8daab59bc16fe9a61dea88dd04b7b30a7970700", "best_bid": "0.6", "best_ask": "0.98"}], "timestamp": "1769384068201", "event_type": "price_change"}}
{"_local_timestamp": "2026-01-25T23:34:28.669602+00:00", "data": {"market": "0xb8e9929e12cd6ec376a853095efbb701e6161e0fc7544ed5a702a4b8bcdd77ed", "price_changes": [{"asset_id": "76136844051601335888907604133358366425058549611112777364537215869359383506789", "price": "0.16", "size": "80", "side": "BUY", "hash": "0bf663c7a86776333edc815a6eac3393b244d9cc", "best_bid": "0.16", "best_ask": "0.4"}, {"asset_id": "80288588795953105933627601109017487825420896876408664981801507122860836910392", "price": "0.84", "size": "80", "side": "SELL", "hash": "d063a82c1a2dbfc3bc6b4c81767c82f75ecaff46", "best_bid": "0.6", "best_ask": "0.84"}], "timestamp": "1769384068265", "event_type": "price_change"}}
{"_local_timestamp": "2026-01-25T23:34:28.918566+00:00", "data": {"market": "0xb8e9929e12cd6ec376a853095efbb701e6161e0fc7544ed5a702a4b8bcdd77ed", "price_changes": [{"asset_id": "76136844051601335888907604133358366425058549611112777364537215869359383506789", "price": "0.16", "size": "0", "side": "BUY", "hash": "081680adc59890eec7a3c5d42b7174720daa28eb", "best_bid": "0.02", "best_ask": "0.4"}, {"asset_id": "80288588795953105933627601109017487825420896876408664981801507122860836910392", "price": "0.84", "size": "0", "side": "SELL", "hash": "510d968a7efd7e5f9749d6aed4b5e91eb4e1d689", "best_bid": "0.6", "best_ask": "0.98"}], "timestamp": "1769384068491", "event_type": "price_change"}}
{"_local_timestamp": "2026-01-25T23:34:28.943437+00:00", "data": {"market": "0xb8e9929e12cd6ec376a853095efbb701e6161e0fc7544ed5a702a4b8bcdd77ed", "price_changes": [{"asset_id": "76136844051601335888907604133358366425058549611112777364537215869359383506789", "price": "0.03", "size": "80", "side": "BUY", "hash": "03f8aad4592dbcc9362c248c8384390c02f63d43", "best_bid": "0.03", "best_ask": "0.4"}, {"asset_id": "80288588795953105933627601109017487825420896876408664981801507122860836910392", "price": "0.97", "size": "80", "side": "SELL", "hash": "7999276932a0f19a9292f2c1e58f666f867a05c4", "best_bid": "0.6", "best_ask": "0.97"}], "timestamp": "1769384068545", "event_type": "price_change"}}
{"_local_timestamp": "2026-01-25T23:34:29.068178+00:00", "data": {"market": "0xb8e9929e12cd6ec376a853095efbb701e6161e0fc7544ed5a702a4b8bcdd77ed", "price_changes": [{"asset_id": "76136844051601335888907604133358366425058549611112777364537215869359383506789", "price": "0.03", "size": "0", "side": "BUY", "hash": "06fb8197b1aa791c31a6e001cdbb203b8f94664d", "best_bid": "0.02", "best_ask": "0.4"}, {"asset_id": "80288588795953105933627601109017487825420896876408664981801507122860836910392", "price": "0.97", "size": "0", "side": "SELL", "hash": "134b7e407f03c114926e7ef366a7f4f70a9e9861", "best_bid": "0.6", "best_ask": "0.98"}], "timestamp": "1769384068772", "event_type": "price_change"}}
{"_local_timestamp": "2026-01-25T23:34:29.099171+00:00", "data": {"market": "0xb8e9929e12cd6ec376a853095efbb701e6161e0fc7544ed5a702a4b8bcdd77ed", "price_changes": [{"asset_id": "76136844051601335888907604133358366425058549611112777364537215869359383506789", "price": "0.16", "size": "80", "side": "BUY", "hash": "29b8449f7bcbae242b59fad3243b6cd1d53e2270", "best_bid": "0.16", "best_ask": "0.4"}, {"asset_id": "80288588795953105933627601109017487825420896876408664981801507122860836910392", "price": "0.84", "size": "80", "side": "SELL", "hash": "600bc52be6699f7c03fc9ab99ccfcddf192e36a9", "best_bid": "0.6", "best_ask": "0.84"}], "timestamp": "1769384068829", "event_type": "price_change"}}
{"_local_timestamp": "2026-01-25T23:34:29.187307+00:00", "data": {"market": "0xb8e9929e12cd6ec376a853095efbb701e6161e0fc7544ed5a702a4b8bcdd77ed", "price_changes": [{"asset_id": "76136844051601335888907604133358366425058549611112777364537215869359383506789", "price": "0.16", "size": "0", "side": "BUY", "hash": "25671636d637d18717049665395def353a8a7de4", "best_bid": "0.02", "best_ask": "0.4"}, {"asset_id": "80288588795953105933627601109017487825420896876408664981801507122860836910392", "price": "0.84", "size": "0", "side": "SELL", "hash": "6e5396751a98efb3c249a9370a7fd832b48696e7", "best_bid": "0.6", "best_ask": "0.98"}], "timestamp": "1769384069053", "event_type": "price_change"}}
{"_local_timestamp": "2026-01-25T23:34:29.218230+00:00", "data": {"market": "0xb8e9929e12cd6ec376a853095efbb701e6161e0fc7544ed5a702a4b8bcdd77ed", "price_changes": [{"asset_id": "76136844051601335888907604133358366425058549611112777364537215869359383506789", "price": "0.03", "size": "80", "side": "BUY", "hash": "3ee1a85ea8308c35d0e3eae38d603e18a070a6ec", "best_bid": "0.03", "best_ask": "0.4"}, {"asset_id": "80288588795953105933627601109017487825420896876408664981801507122860836910392", "price": "0.97", "size": "80", "side": "SELL", "hash": "ad713077e071ca501b9f14d97885425bc30a6be7", "best_bid": "0.6", "best_ask": "0.97"}], "timestamp": "1769384069108", "event_type": "price_change"}}
{"_local_timestamp": "2026-01-25T23:34:29.400832+00:00", "data": {"market": "0xb8e9929e12cd6ec376a853095efbb701e6161e0fc7544ed5a702a4b8bcdd77ed", "price_changes": [{"asset_id": "76136844051601335888907604133358366425058549611112777364537215869359383506789", "price": "0.03", "size": "0", "side": "BUY", "hash": "604cc61f5987dda3334c8ebbce292ffa62667d74", "best_bid": "0.02", "best_ask": "0.4"}, {"asset_id": "80288588795953105933627601109017487825420896876408664981801507122860836910392", "price": "0.97", "size": "0", "side": "SELL", "hash": "0c99b811728622464a7f29055f151dff1bcaac19", "best_bid": "0.6", "best_ask": "0.98"}], "timestamp": "1769384069334", "event_type": "price_change"}}
{"_local_timestamp": "2026-01-25T23:34:29.452502+00:00", "data": {"market": "0xb8e9929e12cd6ec376a853095efbb701e6161e0fc7544ed5a702a4b8bcdd77ed", "price_changes": [{"asset_id": "76136844051601335888907604133358366425058549611112777364537215869359383506789", "price": "0.16", "size": "80", "side": "BUY", "hash": "c6e46f159475480fcfa7bf7357aca13c0b635bb3", "best_bid": "0.16", "best_ask": "0.4"}, {"asset_id": "80288588795953105933627601109017487825420896876408664981801507122860836910392", "price": "0.84", "size": "80", "side": "SELL", "hash": "3c51d8315456abb3ea7d83251040932a995a45d3", "best_bid": "0.6", "best_ask": "0.84"}], "timestamp": "1769384069386", "event_type": "price_change"}}
{"_local_timestamp": "2026-01-25T23:34:29.707231+00:00", "data": {"market": "0xb8e9929e12cd6ec376a853095efbb701e6161e0fc7544ed5a702a4b8bcdd77ed", "price_changes": [{"asset_id": "76136844051601335888907604133358366425058549611112777364537215869359383506789", "price": "0.16", "size": "0", "side": "BUY", "hash": "4ca798af8425ac3f6a0527762b2a1951109e5ec6", "best_bid": "0.02", "best_ask": "0.4"}, {"asset_id": "80288588795953105933627601109017487825420896876408664981801507122860836910392", "price": "0.84", "size": "0", "side": "SELL", "hash": "d0db32f557e5e3da7ca639041844f3d1746ba78b", "best_bid": "0.6", "best_ask": "0.98"}], "timestamp": "1769384069612", "event_type": "price_change"}}
{"_local_timestamp": "2026-01-25T23:34:29.909882+00:00", "data": {"market": "0xb8e9929e12cd6ec376a853095efbb701e6161e0fc7544ed5a702a4b8bcdd77ed", "price_changes": [{"asset_id": "76136844051601335888907604133358366425058549611112777364537215869359383506789", "price": "0.03", "size": "80", "side": "BUY", "hash": "9681d7e4db40d184e74d685f9cd6a251904b0a7d", "best_bid": "0.03", "best_ask": "0.4"}, {"asset_id": "80288588795953105933627601109017487825420896876408664981801507122860836910392", "price": "0.97", "size": "80", "side": "SELL", "hash": "45da0efe9da214d77bac0cf79d615f4b8c07d8a9", "best_bid": "0.6", "best_ask": "0.97"}], "timestamp": "1769384069698", "event_type": "price_change"}}
{"_local_timestamp": "2026-01-25T23:34:30.125407+00:00", "data": {"market": "0xb8e9929e12cd6ec376a853095efbb701e6161e0fc7544ed5a702a4b8bcdd77ed", "price_changes": [{"asset_id": "76136844051601335888907604133358366425058549611112777364537215869359383506789", "price": "0.03", "size": "0", "side": "BUY", "hash": "c2ab66036f0b89477eae6608ffb7414be1f3f115", "best_bid": "0.02", "best_ask": "0.4"}, {"asset_id": "80288588795953105933627601109017487825420896876408664981801507122860836910392", "price": "0.97", "size": "0", "side": "SELL", "hash": "7a41f054f3a4c016ef9fdb42ff03b83e50f0b524", "best_bid": "0.6", "best_ask": "0.98"}], "timestamp": "1769384069931", "event_type": "price_change"}}
{"_local_timestamp": "2026-01-25T23:34:30.143243+00:00", "data": {"market": "0xb8e9929e12cd6ec376a853095efbb701e6161e0fc7544ed5a702a4b8bcdd77ed", "price_changes": [{"asset_id": "76136844051601335888907604133358366425058549611112777364537215869359383506789", "price": "0.16", "size": "80", "side": "BUY", "hash": "2fa5faf3d9eee6c451c7b8a0768b273887ab0daf", "best_bid": "0.16", "best_ask": "0.4"}, {"asset_id": "80288588795953105933627601109017487825420896876408664981801507122860836910392", "price": "0.84", "size": "80", "side": "SELL", "hash": "1223d8aad4645daddc9e6bcf63556477fa214122", "best_bid": "0.6", "best_ask": "0.84"}], "timestamp": "1769384069991", "event_type": "price_change"}}
{"_local_timestamp": "2026-01-25T23:34:30.409989+00:00", "data": {"market": "0xb8e9929e12cd6ec376a853095efbb701e6161e0fc7544ed5a702a4b8bcdd77ed", "price_changes": [{"asset_id": "76136844051601335888907604133358366425058549611112777364537215869359383506789", "price": "0.16", "size": "0", "side": "BUY", "hash": "6a094fa0e15b6e9538a736dedd8c9d46f90a43ef", "best_bid": "0.02", "best_ask": "0.4"}, {"asset_id": "80288588795953105933627601109017487825420896876408664981801507122860836910392", "price": "0.84", "size": "0", "side": "SELL", "hash": "3065ab9e5cfb00eae61bed29c87ac786443202f9", "best_bid": "0.6", "best_ask": "0.98"}], "timestamp": "1769384070224", "event_type": "price_change"}}
{"_local_timestamp": "2026-01-25T23:34:30.463408+00:00", "data": {"market": "0xb8e9929e12cd6ec376a853095efbb701e6161e0fc7544ed5a702a4b8bcdd77ed", "price_changes": [{"asset_id": "76136844051601335888907604133358366425058549611112777364537215869359383506789", "price": "0.03", "size": "80", "side": "BUY", "hash": "d68102dce752cbaeafb209826fd58ef8b8bdc946", "best_bid": "0.03", "best_ask": "0.4"}, {"asset_id": "80288588795953105933627601109017487825420896876408664981801507122860836910392", "price": "0.97", "size": "80", "side": "SELL", "hash": "de001821bea7dd792364c34de28e1cf8b7862b91", "best_bid": "0.6", "best_ask": "0.97"}], "timestamp": "1769384070292", "event_type": "price_change"}}
{"_local_timestamp": "2026-01-25T23:34:30.650085+00:00", "data": {"market": "0xb8e9929e12cd6ec376a853095efbb701e6161e0fc7544ed5a702a4b8bcdd77ed", "price_changes": [{"asset_id": "76136844051601335888907604133358366425058549611112777364537215869359383506789", "price": "0.03", "size": "0", "side": "BUY", "hash": "c14353aa0048c774aa972d3b8b63426848223162", "best_bid": "0.02", "best_ask": "0.4"}, {"asset_id": "80288588795953105933627601109017487825420896876408664981801507122860836910392", "price": "0.97", "size": "0", "side": "SELL", "hash": "79ec5b924ab11c1049c9e521be13672c4715764f", "best_bid": "0.6", "best_ask": "0.98"}], "timestamp": "1769384070520", "event_type": "price_change"}}
{"_local_timestamp": "2026-01-25T23:34:30.695665+00:00", "data": {"market": "0xb8e9929e12cd6ec376a853095efbb701e6161e0fc7544ed5a702a4b8bcdd77ed", "price_changes": [{"asset_id": "76136844051601335888907604133358366425058549611112777364537215869359383506789", "price": "0.16", "size": "80", "side": "BUY", "hash": "c7ec837f2324f66f746b9f472b5100fbfee582da", "best_bid": "0.16", "best_ask": "0.4"}, {"asset_id": "80288588795953105933627601109017487825420896876408664981801507122860836910392", "price": "0.84", "size": "80", "side": "SELL", "hash": "5aa319f9980229e9925ad3db02e751cf0ff224bd", "best_bid": "0.6", "best_ask": "0.84"}], "timestamp": "1769384070575", "event_type": "price_change"}}
{"_local_timestamp": "2026-01-25T23:34:31.006267+00:00", "data": {"market": "0xb8e9929e12cd6ec376a853095efbb701e6161e0fc7544ed5a702a4b8bcdd77ed", "price_changes": [{"asset_id": "76136844051601335888907604133358366425058549611112777364537215869359383506789", "price": "0.16", "size": "0", "side": "BUY", "hash": "0442033fcf64fdaa775e18dbf8bc47ce169570d4", "best_bid": "0.02", "best_ask": "0.4"}, {"asset_id": "80288588795953105933627601109017487825420896876408664981801507122860836910392", "price": "0.84", "size": "0", "side": "SELL", "hash": "74e1b7b658274b18e9fe6c70a83a292ae1f64b77", "best_bid": "0.6", "best_ask": "0.98"}], "timestamp": "1769384070921", "event_type": "price_change"}}
{"_local_timestamp": "2026-01-25T23:34:31.051026+00:00", "data": {"market": "0xb8e9929e12cd6ec376a853095efbb701e6161e0fc7544ed5a702a4b8bcdd77ed", "price_changes": [{"asset_id": "76136844051601335888907604133358366425058549611112777364537215869359383506789", "price": "0.03", "size": "80", "side": "BUY", "hash": "fac995532aca0061b214e16d9858c6f245c299b8", "best_bid": "0.03", "best_ask": "0.4"}, {"asset_id": "80288588795953105933627601109017487825420896876408664981801507122860836910392", "price": "0.97", "size": "80", "side": "SELL", "hash": "a0cbc189ccd07c5cd79aad6a65414570339669b4", "best_bid": "0.6", "best_ask": "0.97"}], "timestamp": "1769384070984", "event_type": "price_change"}}
{"_local_timestamp": "2026-01-25T23:34:31.278207+00:00", "data": {"market": "0xb8e9929e12cd6ec376a853095efbb701e6161e0fc7544ed5a702a4b8bcdd77ed", "price_changes": [{"asset_id": "76136844051601335888907604133358366425058549611112777364537215869359383506789", "price": "0.03", "size": "0", "side": "BUY", "hash": "5a81cc88d8b6479cfd13d477e60fdf206a75a703", "best_bid": "0.02", "best_ask": "0.4"}, {"asset_id": "80288588795953105933627601109017487825420896876408664981801507122860836910392", "price": "0.97", "size": "0", "side": "SELL", "hash": "c5f366b61e90e56b2d08ae288592fd8525b4e0ad", "best_bid": "0.6", "best_ask": "0.98"}], "timestamp": "1769384071211", "event_type": "price_change"}}
