{"_local_timestamp": "2026-01-25T23:41:02.637702+00:00", "data": [{"market": "0x6808e9e3302a289b858d3c2bf97f2f365ca0719fe1b53c73425ae0ec00c534fd", "asset_id": "1427092528885090316629294776064317006120781138979270358972345084126042831716", "timestamp": "1769384462143", "hash": "bd5dc6a6997cbcf433cb27ff896e5be9f948841c", "bids": [{"price": "0.002", "size": "5.9"}, {"price": "0.014", "size": "5.79"}, {"price": "0.618", "size": "23.52"}, {"price": "0.619", "size": "25"}, {"price": "0.62", "size": "10"}, {"price": "0.621", "size": "5.47"}], "asks": [], "event_type": "book", "last_trade_price": ""}, {"market": "0x6808e9e3302a289b858d3c2bf97f2f365ca0719fe1b53c73425ae0ec00c534fd", "asset_id": "37301402223479940865116540929927734947379935030164584908552156540507963049559", "timestamp": "1769384462143", "hash": "a9450f225b6ae14330c048166399d5db787ef2c7", "bids": [], "asks": [{"price": "0.998", "size": "5.9"}, {"price": "0.986", "size": "5.79"}, {"price": "0.382", "size": "23.52"}, {"price": "0.381", "size": "25"}, {"price": "0.38", "size": "10"}, {"price": "0.379", "size": "5.47"}], "event_type": "book", "last_trade_price": ""}]}
{"_local_timestamp": "2026-01-25T23:41:24.302461+00:00", "data": {"market": "0x6808e9e3302a289b858d3c2bf97f2f365ca0719fe1b53c73425ae0ec00c534fd", "price_changes": [{"asset_id": "37301402223479940865116540929927734947379935030164584908552156540507963049559", "price": "0.38", "size": "0", "side": "SELL", "hash": "af464e87fcdf0b997a3a34eebd20fc7cc2fe8b3d", "best_bid": "0", "best_ask": "0.379"}, {"asset_id": "1427092528885090316629294776064317006120781138979270358972345084126042831716", "price": "0.62", "size": "0", "side": "BUY", "hash": "7aca6be818c47aee12e0018a18044620acf5863e", "best_bid": "0.621", "best_ask": "1"}], "timestamp": "1769384484199", "event_type": "price_change"}}
{"_local_timestamp": "2026-01-25T23:41:24.736777+00:00", "data": {"market": "0x6808e9e3302a289b858d3c2bf97f2f365ca0719fe1b53c73425ae0ec00c534fd", "price_changes": [{"asset_id": "37301402223479940865116540929927734947379935030164584908552156540507963049559", "price": "0.378", "size": "10", "side": "SELL", "hash": "58671eb90ae1e50b9af3b6de602798d6869c3139", "best_bid": "0", "best_ask": "0.378"}, {"asset_id": "1427092528885090316629294776064317006120781138979270358972345084126042831716", "price": "0.622", "size": "10", "side": "BUY", "hash": "678437e48db0be3cfe347f54863bc61ee4b67326", "best_bid": "0.622", "best_ask": "1"}], "timestamp": "1769384484647", "event_type": "price_change"}}
{"_local_timestamp": "2026-01-25T23:41:24.973688+00:00", "data": {"market": "0x6808e9e3302a289b858d3c2bf97f2f365ca0719fe1b53c73425ae0ec00c534fd", "price_changes": [{"asset_id": "37301402223479940865116540929927734947379935030164584908552156540507963049559", "price": "0.379", "size": "0", "side": "SELL", "hash": "219cab29a09d9028f53bc3d60dcb0dcf2df39e2e", "best_bid": "0", "best_ask": "0.378"}, {"asset_id": "1427092528885090316629294776064317006120781138979270358972345084126042831716", "price": "0.621", "size": "0", "side": "BUY", "hash": "730d7ce99f09d3091cf0c3e3834df0b701df1d67", "best_bid": "0.622", "best_ask": "1"}], "timestamp": "1769384484889", "event_type": "price_change"}}
{"_local_timestamp": "2026-01-25T23:41:25.039364+00:00", "data": {"market": "0x6808e9e3302a289b858d3c2bf97f2f365ca0719fe1b53c73425ae0ec00c534fd", "price_changes": [{"asset_id": "37301402223479940865116540929927734947379935030164584908552156540507963049559", "price": "0.377", "size": "5.47", "side": "SELL", "hash": "3be71f957ceaac1cc0f8cc8918400c81261213d0", "best_bid": "0", "best_ask": "0.377"}, {"asset_id": "1427092528885090316629294776064317006120781138979270358972345084126042831716", "price": "0.623", "size": "5.47", "side": "BUY", "hash": "7a5f7760a50ff3e5426957d6e7b784fbc93f59cd", "best_bid": "0.623", "best_ask": "1"}], "timestamp": "1769384484938", "event_type": "price_change"}}
