{"_local_timestamp": "2026-01-25T23:41:06.194899+00:00", "data": [{"market": "0xc631321e15e06be1af4555a7a0010cb43ddcf2eec0b420538e0b56d9aff67913", "asset_id": "38816926562656993861335145473711686524794619544263897781172851593440880208814", "timestamp": "1769384250699", "hash": "b27465e7576be099a4052c8500061790f18a1b79", "bids": [], "asks": [{"price": "0.999", "size": "100009"}, {"price": "0.998", "size": "55000"}, {"price": "0.992", "size": "155"}, {"price": "0.99", "size": "19200"}, {"price": "0.989", "size": "55710"}, {"price": "0.98", "size": "1000"}, {"price": "0.969", "size": "12000"}, {"price": "0.96", "size": "2000"}, {"price": "0.94", "size": "600"}, {"price": "0.92", "size": "155"}, {"price": "0.903", "size": "100"}, {"price": "0.901", "size": "100"}, {"price": "0.9", "size": "700"}, {"price": "0.899", "size": "10700"}, {"price": "0.898", "size": "5000"}, {"price": "0.89", "size": "3000"}, {"price": "0.889", "size": "4400"}, {"price": "0.852", "size": "400"}, {"price": "0.53", "size": "100"}, {"price": "0.51", "size": "100"}, {"price": "0.503", "size": "100"}, {"price": "0.501", "size": "500"}, {"price": "0.5", "size": "440"}, {"price": "0.25", "size": "60"}, {"price": "0.233", "size": "60"}, {"price": "0.232", "size": "53"}, {"price": "0.231", "size": "60"}, {"price": "0.23", "size": "60"}, {"price": "0.229", "size": "53"}, {"price": "0.228", "size": "24.53"}, {"price": "0.227", "size": "6.62"}, {"price": "0.009", "size": "500"}, {"price": "0.002", "size": "490"}, {"price": "0.001", "size": "600"}], "event_type": "book", "last_trade_price": "0.001"}, {"market": "0xc631321e15e06be1af4555a7a0010cb43ddcf2eec0b420538e0b56d9aff67913", "asset_id": "84836964620355921535444581941692817645056208299130045776180909759591109944861", "timestamp": "1769384250699", "hash": "86e73a7e65a6c602dde5c182074fe461602a7987", "bids": [{"price": "0.001", "size": "100009"}, {"price": "0.002", "size": "55000"}, {"price": "0.008", "size": "155"}, {"price": "0.01", "size": "19200"}, {"price": "0.011", "size": "55710"}, {"price": "0.02", "size": "1000"}, {"price": "0.031", "size": "12000"}, {"price": "0.04", "size": "2000"}, {"price": "0.06", "size": "600"}, {"price": "0.08", "size": "155"}, {"price": "0.097", "size": "100"}, {"price": "0.099", "size": "100"}, {"price": "0.1", "size": "700"}, {"price": "0.101", "size": "10700"}, {"price": "0.102", "size": "5000"}, {"price": "0.11", "size": "3000"}, {"price": "0.111", "size": "4400"}, {"price": "0.148", "size": "400"}, {"price": "0.47", "size": "100"}, {"price": "0.49", "size": "100"}, {"price": "0.497", "size": "100"}, {"price": "0.499", "size": "500"}, {"price": "0.5", "size": "440"}, {"price": "0.75", "size": "60"}, {"price": "0.767", "size": "60"}, {"price": "0.768", "size": "53"}, {"price": "0.769", "size": "60"}, {"price": "0.77", "size": "60"}, {"price": "0.771", "size": "53"}, {"price": "0.772", "size": "24.53"}, {"price": "0.773", "size": "6.62"}, {"price": "0.991", "size": "500"}, {"price": "0.998", "size": "490"}, {"price": "0.999", "size": "600"}], "asks": [], "event_type": "book", "last_trade_price": "0.001"}]}
{"_local_timestamp": "2026-01-25T23:41:37.512292+00:00", "data": {"market": "0xc631321e15e06be1af4555a7a0010cb43ddcf2eec0b420538e0b56d9aff67913", "price_changes": [{"asset_id": "84836964620355921535444581941692817645056208299130045776180909759591109944861", "price": "0.149", "size": "4400", "side": "BUY", "hash": "4e0c445aef623bcc37fad9b7b91a35e213ab7cf5", "best_bid": "0.999", "best_ask": "1"}, {"asset_id": "38816926562656993861335145473711686524794619544263897781172851593440880208814", "price": "0.851", "size": "4400", "side": "SELL", "hash": "d56b97556a2ead64cb60fe0e85d4b9423e957f6b", "best_bid": "0", "best_ask": "0.001"}], "timestamp": "1769384497320", "event_type": "price_change"}}
{"_local_timestamp": "2026-01-25T23:41:38.513341+00:00", "data": {"market": "0xc631321e15e06be1af4555a7a0010cb43ddcf2eec0b420538e0b56d9aff67913", "price_changes": [{"asset_id": "84836964620355921535444581941692817645056208299130045776180909759591109944861", "price": "0.111", "size": "0", "side": "BUY", "hash": "55da86c0cecfdf326363047e4cd6908ecbda275a", "best_bid": "0.999", "best_ask": "1"}, {"asset_id": "38816926562656993861335145473711686524794619544263897781172851593440880208814", "price": "0.889", "size": "0", "side": "SELL", "hash": "85a4e87ee0a7053a3dd7ded653c54a8eeeb22b65", "best_bid": "0", "best_ask": "0.001"}], "timestamp": "1769384498367", "event_type": "price_change"}}
{"_local_timestamp": "2026-01-25T23:41:44.402740+00:00", "data": {"market": "0xc631321e15e06be1af4555a7a0010cb43ddcf2eec0b420538e0b56d9aff67913", "price_changes": [{"asset_id": "84836964620355921535444581941692817645056208299130045776180909759591109944861", "price": "0.148", "size": "200", "side": "BUY", "hash": "a3db0c2d5f891efe503e44057890ef072ff3781e", "best_bid": "0.999", "best_ask": "1"}, {"asset_id": "38816926562656993861335145473711686524794619544263897781172851593440880208814", "price": "0.852", "size": "200", "side": "SELL", "hash": "e90f8fdf007545841dd915142d668b05fb741f13", "best_bid": "0", "best_ask": "0.001"}], "timestamp": "1769384504331", "event_type": "price_change"}}
{"_local_timestamp": "2026-01-25T23:41:44.668548+00:00", "data": {"market": "0xc631321e15e06be1af4555a7a0010cb43ddcf2eec0b420538e0b56d9aff67913", "price_changes": [{"asset_id": "84836964620355921535444581941692817645056208299130045776180909759591109944861", "price": "0.149", "size": "4600", "side": "BUY", "hash": "1919c1cc8a52f8aeb7e38da85cb4530f6266a58f", "best_bid": "0.999", "best_ask": "1"}, {"asset_id": "38816926562656993861335145473711686524794619544263897781172851593440880208814", "price": "0.851", "size": "4600", "side": "SELL", "hash": "6fd744af65e75aab67ece120f3502daee204884a", "best_bid": "0", "best_ask": "0.001"}], "timestamp": "1769384504593", "event_type": "price_change"}}
