{"_local_timestamp": "2026-01-25T23:33:35.656592+00:00", "data": [{"market": "0xf51607fb5ef641ac5bba06ced0c497ecca038f010c6a78947a3cc2adcf0d86b7", "asset_id": "51608546776780288607506114199605032507662896760905181902893674078914900996024", "timestamp": "1769384012751", "hash": "88e39a469309cc947b7dcea0f0a1e8641d6fb059", "bids": [{"price": "0.001", "size": "100049"}, {"price": "0.002", "size": "55000"}, {"price": "0.008", "size": "155"}, {"price": "0.01", "size": "27008"}, {"price": "0.011", "size": "55710"}, {"price": "0.08", "size": "155"}, {"price": "0.097", "size": "100"}, {"price": "0.099", "size": "100"}, {"price": "0.1", "size": "3500"}, {"price": "0.101", "size": "10000"}, {"price": "0.47", "size": "100"}, {"price": "0.49", "size": "100"}, {"price": "0.497", "size": "200"}, {"price": "0.499", "size": "100"}, {"price": "0.5", "size": "176"}, {"price": "0.75", "size": "60"}, {"price": "0.767", "size": "60"}, {"price": "0.768", "size": "88"}, {"price": "0.769", "size": "60"}, {"price": "0.77", "size": "60"}, {"price": "0.771", "size": "53"}, {"price": "0.772", "size": "25"}, {"price": "0.773", "size": "5.32"}, {"price": "0.99", "size": "5"}, {"price": "0.991", "size": "500"}, {"price": "0.999", "size": "113298"}], "asks": [], "event_type": "book", "last_trade_price": ""}, {"market": "0xf51607fb5ef641ac5bba06ced0c497ecca038f010c6a78947a3cc2adcf0d86b7", "asset_id": "68683942633697084725036835213804622791934367014208146174418479991147761539557", "timestamp": "1769384012751", "hash": "e2a3acfafbf26085d52f55f29e282b865738668a", "bids": [], "asks": [{"price": "0.999", "size": "100049"}, {"price": "0.998", "size": "55000"}, {"price": "0.992", "size": "155"}, {"price": "0.99", "size": "27008"}, {"price": "0.989", "size": "55710"}, {"price": "0.92", "size": "155"}, {"price": "0.903", "size": "100"}, {"price": "0.901", "size": "100"}, {"price": "0.9", "size": "3500"}, {"price": "0.899", "size": "10000"}, {"price": "0.53", "size": "100"}, {"price": "0.51", "size": "100"}, {"price": "0.503", "size": "200"}, {"price": "0.501", "size": "100"}, {"price": "0.5", "size": "176"}, {"price": "0.25", "size": "60"}, {"price": "0.233", "size": "60"}, {"price": "0.232", "size": "88"}, {"price": "0.231", "size": "60"}, {"price": "0.23", "size": "60"}, {"price": "0.229", "size": "53"}, {"price": "0.228", "size": "25"}, {"price": "0.227", "size": "5.32"}, {"price": "0.01", "size": "5"}, {"price": "0.009", "size": "500"}, {"price": "0.001", "size": "113298"}], "event_type": "book", "last_trade_price": ""}]}
{"_local_timestamp": "2026-01-25T23:33:45.886784+00:00", "data": {"market": "0xf51607fb5ef641ac5bba06ced0c497ecca038f010c6a78947a3cc2adcf0d86b7", "price_changes": [{"asset_id": "51608546776780288607506114199605032507662896760905181902893674078914900996024", "price": "0.999", "size": "100000", "side": "BUY", "hash": "2bd539ebd0a3853bf11aa9ce25866c879eebab4e", "best_bid": "0.999", "best_ask": "1"}, {"asset_id": "68683942633697084725036835213804622791934367014208146174418479991147761539557", "price": "0.001", "size": "100000", "side": "SELL", "hash": "8bcbed467647956f55becf353a04b8df774445e1", "best_bid": "0", "best_ask": "0.001"}], "timestamp": "1769384025808", "event_type": "price_change"}}
{"_local_timestamp": "2026-01-25T23:33:47.596439+00:00", "data": {"market": "0xf51607fb5ef641ac5bba06ced0c497ecca038f010c6a78947a3cc2adcf0d86b7", "price_changes": [{"asset_id": "51608546776780288607506114199605032507662896760905181902893674078914900996024", "price": "0.999", "size": "102497", "side": "BUY", "hash": "0d38491b239e3ef732d5357d646dec2870a20eb8", "best_bid": "0.999", "best_ask": "1"}, {"asset_id": "68683942633697084725036835213804622791934367014208146174418479991147761539557", "price": "0.001", "size": "102497", "side": "SELL", "hash": "c5e6afce254e83e1555a905be38e34d5d3c994b1", "best_bid": "0", "best_ask": "0.001"}], "timestamp": "1769384027504", "event_type": "price_change"}}
{"_local_timestamp": "2026-01-25T23:33:47.996109+00:00", "data": {"market": "0xf51607fb5ef641ac5bba06ced0c497ecca038f010c6a78947a3cc2adcf0d86b7", "price_changes": [{"asset_id": "51608546776780288607506114199605032507662896760905181902893674078914900996024", "price": "0.999", "size": "104993", "side": "BUY", "hash": "6d297147bd95370a3144acf6e029b8acb1bbc4d4", "best_bid": "0.999", "best_ask": "1"}, {"asset_id": "68683942633697084725036835213804622791934367014208146174418479991147761539557", "price": "0.001", "size": "104993", "side": "SELL", "hash": "72b42d04311f6ddf8a6f3c21a6ea00c555d29275", "best_bid": "0", "best_ask": "0.001"}], "timestamp": "1769384027913", "event_type": "price_change"}}
{"_local_timestamp": "2026-01-25T23:33:48.524678+00:00", "data": {"market": "0xf51607fb5ef641ac5bba06ced0c497ecca038f010c6a78947a3cc2adcf0d86b7", "price_changes": [{"asset_id": "51608546776780288607506114199605032507662896760905181902893674078914900996024", "price": "0.999", "size": "107488", "side": "BUY", "hash": "1088493f9e77458a4bfb07065d722f75d561c6d9", "best_bid": "0.999", "best_ask": "1"}, {"asset_id": "68683942633697084725036835213804622791934367014208146174418479991147761539557", "price": "0.001", "size": "107488", "side": "SELL", "hash": "5da91122f5b026e5db8e8e8879f99016014407a2", "best_bid": "0", "best_ask": "0.001"}], "timestamp": "1769384028430", "event_type": "price_change"}}
{"_local_timestamp": "2026-01-25T23:33:49.322391+00:00", "data": {"market": "0xf51607fb5ef641ac5bba06ced0c497ecca038f010c6a78947a3cc2adcf0d86b7", "price_changes": [{"asset_id": "51608546776780288607506114199605032507662896760905181902893674078914900996024", "price": "0.999", "size": "108111", "side": "BUY", "hash": "600fd76eb226f8096e202527503c655c37323953", "best_bid": "0.999", "best_ask": "1"}, {"asset_id": "68683942633697084725036835213804622791934367014208146174418479991147761539557", "price": "0.001", "size": "108111", "side": "SELL", "hash": "066ad4abb52193ce47d612bfeee5dc7ede198ca4", "best_bid": "0", "best_ask": "0.001"}], "timestamp": "1769384029237", "event_type": "price_change"}}
{"_local_timestamp": "2026-01-25T23:33:49.815840+00:00", "data": {"market": "0xf51607fb5ef641ac5bba06ced0c497ecca038f010c6a78947a3cc2adcf0d86b7", "price_changes": [{"asset_id": "51608546776780288607506114199605032507662896760905181902893674078914900996024", "price": "0.999", "size": "108733", "side": "BUY", "hash": "f5b35fd60f5d72faeb33686f01a7eac78a928f51", "best_bid": "0.999", "best_ask": "1"}, {"asset_id": "68683942633697084725036835213804622791934367014208146174418479991147761539557", "price": "0.001", "size": "108733", "side": "SELL", "hash": "c3e260ffa580da7673a93e90301028a11f80ce22", "best_bid": "0", "best_ask": "0.001"}], "timestamp": "1769384029724", "event_type": "price_change"}}
{"_local_timestamp": "2026-01-25T23:33:51.635898+00:00", "data": {"market": "0xf51607fb5ef641ac5bba06ced0c497ecca038f010c6a78947a3cc2adcf0d86b7", "price_changes": [{"asset_id": "51608546776780288607506114199605032507662896760905181902893674078914900996024", "price": "0.999", "size": "108888", "side": "BUY", "hash": "a6e7a1f6a0ff5020bb6ef99abc5244b8bf968dcb", "best_bid": "0.999", "best_ask": "1"}, {"asset_id": "68683942633697084725036835213804622791934367014208146174418479991147761539557", "price": "0.001", "size": "108888", "side": "SELL", "hash": "9d3096bfe86ccc349dfd15a3c835cce1ad3c99a6", "best_bid": "0", "best_ask": "0.001"}], "timestamp": "1769384031551", "event_type": "price_change"}}
{"_local_timestamp": "2026-01-25T23:33:52.619692+00:00", "data": {"market": "0xf51607fb5ef641ac5bba06ced0c497ecca038f010c6a78947a3cc2adcf0d86b7", "price_changes": [{"asset_id": "51608546776780288607506114199605032507662896760905181902893674078914900996024", "price": "0.999", "size": "109042", "side": "BUY", "hash": "dc719b9800f7cae644f47b7d8caafff594af1bb3", "best_bid": "0.999", "best_ask": "1"}, {"asset_id": "68683942633697084725036835213804622791934367014208146174418479991147761539557", "price": "0.001", "size": "109042", "side": "SELL", "hash": "7c34ad89d9ac44110c9180604945b7ac36bd012b", "best_bid": "0", "best_ask": "0.001"}], "timestamp": "1769384032533", "event_type": "price_change"}}
{"_local_timestamp": "2026-01-25T23:33:52.992267+00:00", "data": {"market": "0xf51607fb5ef641ac5bba06ced0c497ecca038f010c6a78947a3cc2adcf0d86b7", "price_changes": [{"asset_id": "51608546776780288607506114199605032507662896760905181902893674078914900996024", "price": "0.999", "size": "109195", "side": "BUY", "hash": "15f9afc6765023034f6aea981ba29583eb42e24e", "best_bid": "0.999", "best_ask": "1"}, {"asset_id": "68683942633697084725036835213804622791934367014208146174418479991147761539557", "price": "0.001", "size": "109195", "side": "SELL", "hash": "6acd466eebecdc0d9b710b08fcd8c69e12541047", "best_bid": "0", "best_ask": "0.001"}], "timestamp": "1769384032904", "event_type": "price_change"}}
{"_local_timestamp": "2026-01-25T23:33:54.556024+00:00", "data": {"market": "0xf51607fb5ef641ac5bba06ced0c497ecca038f010c6a78947a3cc2adcf0d86b7", "price_changes": [{"asset_id": "51608546776780288607506114199605032507662896760905181902893674078914900996024", "price": "0.999", "size": "109232", "side": "BUY", "hash": "86538fddde94a5a44ba0dc0b07555c6e96c94aac", "best_bid": "0.999", "best_ask": "1"}, {"asset_id": "68683942633697084725036835213804622791934367014208146174418479991147761539557", "price": "0.001", "size": "109232", "side": "SELL", "hash": "80d4c06a6db9fd1e41b320470daee636601aa556", "best_bid": "0", "best_ask": "0.001"}], "timestamp": "1769384034483", "event_type": "price_change"}}
{"_local_timestamp": "2026-01-25T23:33:55.244698+00:00", "data": {"market": "0xf51607fb5ef641ac5bba06ced0c497ecca038f010c6a78947a3cc2adcf0d86b7", "price_changes": [{"asset_id": "51608546776780288607506114199605032507662896760905181902893674078914900996024", "price": "0.999", "size": "109268", "side": "BUY", "hash": "211fc77426dc9ab16a58925c1d203d2ac604b303", "best_bid": "0.999", "best_ask": "1"}, {"asset_id": "68683942633697084725036835213804622791934367014208146174418479991147761539557", "price": "0.001", "size": "109268", "side": "SELL", "hash": "753253d6aa7b10cb47878ec4f9f4cf74fd482e4b", "best_bid": "0", "best_ask": "0.001"}], "timestamp": "1769384035139", "event_type": "price_change"}}
{"_local_timestamp": "2026-01-25T23:33:55.621476+00:00", "data": {"market": "0xf51607fb5ef641ac5bba06ced0c497ecca038f010c6a78947a3cc2adcf0d86b7", "price_changes": [{"asset_id": "51608546776780288607506114199605032507662896760905181902893674078914900996024", "price": "0.999", "size": "109303", "side": "BUY", "hash": "bec70d143c294417249709c90ecf369537713d77", "best_bid": "0.999", "best_ask": "1"}, {"asset_id": "68683942633697084725036835213804622791934367014208146174418479991147761539557", "price": "0.001", "size": "109303", "side": "SELL", "hash": "c6b57aaab2ba5bf3a0f4983642b8ee8e2fcf224d", "best_bid": "0", "best_ask": "0.001"}], "timestamp": "1769384035536", "event_type": "price_change"}}
