{"_local_timestamp": "2026-01-25T23:41:02.637702+00:00", "data": [{"market": "0x6808e9e3302a289b858d3c2bf97f2f365ca0719fe1b53c73425ae0ec00c534fd", "asset_id": "1427092528885090316629294776064317006120781138979270358972345084126042831716", "timestamp": "1769384462143", "hash": "bd5dc6a6997cbcf433cb27ff896e5be9f948841c", "bids": [{"price": "0.002", "size": "5.9"}, {"price": "0.014", "size": "5.79"}, {"price": "0.618", "size": "23.52"}, {"price": "0.619", "size": "25"}, {"price": "0.62", "size": "10"}, {"price": "0.621", "size": "5.47"}], "asks": [], "event_type": "book", "last_trade_price": ""}, {"market": "0x6808e9e3302a289b858d3c2bf97f2f365ca0719fe1b53c73425ae0ec00c534fd", "asset_id": "37301402223479940865116540929927734947379935030164584908552156540507963049559", "timestamp": "1769384462143", "hash": "a9450f225b6ae14330c048166399d5db787ef2c7", "bids": [], "asks": [{"price": "0.998", "size": "5.9"}, {"price": "0.986", "size": "5.79"}, {"price": "0.382", "size": "23.52"}, {"price": "0.381", "size": "25"}, {"price": "0.38", "size": "10"}, {"price": "0.379", "size": "5.47"}], "event_type": "book", "last_trade_price": ""}]}
{"_local_timestamp": "2026-01-25T23:41:24.302461+00:00", "data": {"market": "0x6808e9e3302a289b858d3c2bf97f2f365ca0719fe1b53c73425ae0ec00c534fd", "price_changes": [{"asset_id": "37301402223479940865116540929927734947379935030164584908552156540507963049559", "price": "0.38", "size": "0", "side": "SELL", "hash": "af464e87fcdf0b997a3a34eebd20fc7cc2fe8b3d", "best_bid": "0", "best_ask": "0.379"}, {"asset_id": "1427092528885090316629294776064317006120781138979270358972345084126042831716", "price": "0.62", "size": "0", "side": "BUY", "hash": "7aca6be818c47aee12e0018a18044620acf5863e", "best_bid": "0.621", "best_ask": "1"}], "timestamp": "1769384484199", "event_type": "price_change"}}
{"_local_timestamp": "2026-01-25T23:41:24.736777+00:00", "data": {"market": "0x6808e9e3302a289b858d3c2bf97f2f365ca0719fe1b53c73425ae0ec00c534fd", "price_changes": [{"asset_id": "37301402223479940865116540929927734947379935030164584908552156540507963049559", "price": "0.378", "size": "10", "side": "SELL", "hash": "58671eb90ae1e50b9af3b6de602798d6869c3139", "best_bid": "0", "best_ask": "0.378"}, {"asset_id": "1427092528885090316629294776064317006120781138979270358972345084126042831716", "price": "0.622", "size": "10", "side": "BUY", "hash": "678437e48db0be3cfe347f54863bc61ee4b67326", "best_bid": "0.622", "best_ask": "1"}], "timestamp": "1769384484647", "event_type": "price_change"}}
{"_local_timestamp": "2026-01-25T23:41:24.973688+00:00", "data": {"market": "0x6808e9e3302a289b858d3c2bf97f2f365ca0719fe1b53c73425ae0ec00c534fd", "price_changes": [{"asset_id": "37301402223479940865116540929927734947379935030164584908552156540507963049559", "price": "0.379", "size": "0", "side": "SELL", "hash": "219cab29a09d9028f53bc3d60dcb0dcf2df39e2e", "best_bid": "0", "best_ask": "0.378"}, {"asset_id": "1427092528885090316629294776064317006120781138979270358972345084126042831716", "price": "0.621", "size": "0", "side": "BUY", "hash": "730d7ce99f09d3091cf0c3e3834df0b701df1d67", "best_bid": "0.622", "best_ask": "1"}], "timestamp": "1769384484889", "event_type": "price_change"}}
{"_local_timestamp": "2026-01-25T23:41:25.039364+00:00", "data": {"market": "0x6808e9e3302a289b858d3c2bf97f2f365ca0719fe1b53c73425ae0ec00c534fd", "price_changes": [{"asset_id": "37301402223479940865116540929927734947379935030164584908552156540507963049559", "price": "0.377", "size": "5.47", "side": "SELL", "hash": "3be71f957ceaac1cc0f8cc8918400c81261213d0", "best_bid": "0", "best_ask": "0.377"}, {"asset_id": "1427092528885090316629294776064317006120781138979270358972345084126042831716", "price": "0.623", "size": "5.47", "side": "BUY", "hash": "7a5f7760a50ff3e5426957d6e7b784fbc93f59cd", "best_bid": "0.623", "best_ask": "1"}], "timestamp": "1769384484938", "event_type": "price_change"}}
{"_local_timestamp": "2026-01-25T23:41:44.496438+00:00", "data": {"market": "0x6808e9e3302a289b858d3c2bf97f2f365ca0719fe1b53c73425ae0ec00c534fd", "price_changes": [{"asset_id": "37301402223479940865116540929927734947379935030164584908552156540507963049559", "price": "0.378", "size": "0", "side": "SELL", "hash": "b175ea54697c6a8b7ee0bad20adacd2977a746cd", "best_bid": "0", "best_ask": "0.377"}, {"asset_id": "1427092528885090316629294776064317006120781138979270358972345084126042831716", "price": "0.622", "size": "0", "side": "BUY", "hash": "4f6e6156d3e9fd0020bc00f5479023d6565322ae", "best_bid": "0.623", "best_ask": "1"}], "timestamp": "1769384504426", "event_type": "price_change"}}
{"_local_timestamp": "2026-01-25T23:41:44.716142+00:00", "data": {"market": "0x6808e9e3302a289b858d3c2bf97f2f365ca0719fe1b53c73425ae0ec00c534fd", "price_changes": [{"asset_id": "37301402223479940865116540929927734947379935030164584908552156540507963049559", "price": "0.377", "size": "0", "side": "SELL", "hash": "5d16c9bb389cde0462b380a723ad0db450a51760", "best_bid": "0", "best_ask": "0.381"}, {"asset_id": "1427092528885090316629294776064317006120781138979270358972345084126042831716", "price": "0.623", "size": "0", "side": "BUY", "hash": "b4d0a376ac3834e1925d47728b9d211986a49a12", "best_bid": "0.619", "best_ask": "1"}], "timestamp": "1769384504640", "event_type": "price_change"}}
{"_local_timestamp": "2026-01-25T23:41:44.833228+00:00", "data": {"market": "0x6808e9e3302a289b858d3c2bf97f2f365ca0719fe1b53c73425ae0ec00c534fd", "price_changes": [{"asset_id": "37301402223479940865116540929927734947379935030164584908552156540507963049559", "price": "0.38", "size": "5.47", "side": "SELL", "hash": "e1d3a90ab0ec2601bb6150c99b67c9aff3339a2a", "best_bid": "0", "best_ask": "0.38"}, {"asset_id": "1427092528885090316629294776064317006120781138979270358972345084126042831716", "price": "0.62", "size": "5.47", "side": "BUY", "hash": "cd8000d53b86848d0e130b167ac793bbc52128d6", "best_bid": "0.62", "best_ask": "1"}], "timestamp": "1769384504760", "event_type": "price_change"}}
{"_local_timestamp": "2026-01-25T23:41:44.921548+00:00", "data": {"market": "0x6808e9e3302a289b858d3c2bf97f2f365ca0719fe1b53c73425ae0ec00c534fd", "price_changes": [{"asset_id": "37301402223479940865116540929927734947379935030164584908552156540507963049559", "price": "0.376", "size": "10", "side": "SELL", "hash": "d31480b554205a38038288c615430400afbe2a57", "best_bid": "0", "best_ask": "0.376"}, {"asset_id": "1427092528885090316629294776064317006120781138979270358972345084126042831716", "price": "0.624", "size": "10", "side": "BUY", "hash": "3f27842aa85abbe891d5707e52f1946b5afd43c3", "best_bid": "0.624", "best_ask": "1"}], "timestamp": "1769384504854", "event_type": "price_change"}}
{"_local_timestamp": "2026-01-25T23:41:46.133131+00:00", "data": {"market": "0x6808e9e3302a289b858d3c2bf97f2f365ca0719fe1b53c73425ae0ec00c534fd", "price_changes": [{"asset_id": "37301402223479940865116540929927734947379935030164584908552156540507963049559", "price": "0.38", "size": "0", "side": "SELL", "hash": "23fa1489fcfde02961695a174d9086e09ee908db", "best_bid": "0", "best_ask": "0.376"}, {"asset_id": "1427092528885090316629294776064317006120781138979270358972345084126042831716", "price": "0.62", "size": "0", "side": "BUY", "hash": "9ce217115ac7f95e97e1652d3e2ba5c0222ad61f", "best_bid": "0.624", "best_ask": "1"}], "timestamp": "1769384506060", "event_type": "price_change"}}
{"_local_timestamp": "2026-01-25T23:41:46.279538+00:00", "data": {"market": "0x6808e9e3302a289b858d3c2bf97f2f365ca0719fe1b53c73425ae0ec00c534fd", "price_changes": [{"asset_id": "37301402223479940865116540929927734947379935030164584908552156540507963049559", "price": "0.375", "size": "5.47", "side": "SELL", "hash": "25506b4dda051d0adca3d65a84b8ca340d3c95aa", "best_bid": "0", "best_ask": "0.375"}, {"asset_id": "1427092528885090316629294776064317006120781138979270358972345084126042831716", "price": "0.625", "size": "5.47", "side": "BUY", "hash": "8cda3fbc3804528a1e2389a7a7a0d4608f617e70", "best_bid": "0.625", "best_ask": "1"}], "timestamp": "1769384506198", "event_type": "price_change"}}
{"_local_timestamp": "2026-01-25T23:42:04.670131+00:00", "data": {"market": "0x6808e9e3302a289b858d3c2bf97f2f365ca0719fe1b53c73425ae0ec00c534fd", "price_changes": [{"asset_id": "37301402223479940865116540929927734947379935030164584908552156540507963049559", "price": "0.376", "size": "0", "side": "SELL", "hash": "766a6d52279ba2000aecde9de0ea0b31e2c9df35", "best_bid": "0", "best_ask": "0.375"}, {"asset_id": "1427092528885090316629294776064317006120781138979270358972345084126042831716", "price": "0.624", "size": "0", "side": "BUY", "hash": "96f5b2b5a4b958107d25284483a910f9ab84dbd3", "best_bid": "0.625", "best_ask": "1"}], "timestamp": "1769384524599", "event_type": "price_change"}}
{"_local_timestamp": "2026-01-25T23:42:05.156377+00:00", "data": {"market": "0x6808e9e3302a289b858d3c2bf97f2f365ca0719fe1b53c73425ae0ec00c534fd", "price_changes": [{"asset_id": "37301402223479940865116540929927734947379935030164584908552156540507963049559", "price": "0.374", "size": "10", "side": "SELL", "hash": "3afbbd5c3eae6b000e2a7193d1a65d0b5bbf2701", "best_bid": "0", "best_ask": "0.374"}, {"asset_id": "1427092528885090316629294776064317006120781138979270358972345084126042831716", "price": "0.626", "size": "10", "side": "BUY", "hash": "feaffc9860de03f608f1699abb974b8b12ff534b", "best_bid": "0.626", "best_ask": "1"}], "timestamp": "1769384525027", "event_type": "price_change"}}
{"_local_timestamp": "2026-01-25T23:42:05.452311+00:00", "data": {"market": "0x6808e9e3302a289b858d3c2bf97f2f365ca0719fe1b53c73425ae0ec00c534fd", "price_changes": [{"asset_id": "37301402223479940865116540929927734947379935030164584908552156540507963049559", "price": "0.375", "size": "0", "side": "SELL", "hash": "a686cc3cef1142ba7590a82fbad330a7e3004cef", "best_bid": "0", "best_ask": "0.374"}, {"asset_id": "1427092528885090316629294776064317006120781138979270358972345084126042831716", "price": "0.625", "size": "0", "side": "BUY", "hash": "f7a63f15343ffe8ecdd7a1f8a38c007d52936fd1", "best_bid": "0.626", "best_ask": "1"}], "timestamp": "1769384525379", "event_type": "price_change"}}
{"_local_timestamp": "2026-01-25T23:42:05.596306+00:00", "data": {"market": "0x6808e9e3302a289b858d3c2bf97f2f365ca0719fe1b53c73425ae0ec00c534fd", "price_changes": [{"asset_id": "37301402223479940865116540929927734947379935030164584908552156540507963049559", "price": "0.373", "size": "5.47", "side": "SELL", "hash": "f2f9e5882dbe40c675fd7aec7e03e4f064731432", "best_bid": "0", "best_ask": "0.373"}, {"asset_id": "1427092528885090316629294776064317006120781138979270358972345084126042831716", "price": "0.627", "size": "5.47", "side": "BUY", "hash": "d0f035f2b3a38e4a09831be6ec87eb14e089ac2d", "best_bid": "0.627", "best_ask": "1"}], "timestamp": "1769384525530", "event_type": "price_change"}}
{"_local_timestamp": "2026-01-25T23:42:14.193412+00:00", "data": {"market": "0x6808e9e3302a289b858d3c2bf97f2f365ca0719fe1b53c73425ae0ec00c534fd", "price_changes": [{"asset_id": "37301402223479940865116540929927734947379935030164584908552156540507963049559", "price": "0.382", "size": "0", "side": "SELL", "hash": "f249743382bffc1096e0a7d4fc048482ad363fec", "best_bid": "0", "best_ask": "0.373"}, {"asset_id": "1427092528885090316629294776064317006120781138979270358972345084126042831716", "price": "0.618", "size": "0", "side": "BUY", "hash": "7c4e38447c92a0ddd8a57c8d84907aacfb0850d6", "best_bid": "0.627", "best_ask": "1"}], "timestamp": "1769384534127", "event_type": "price_change"}}
{"_local_timestamp": "2026-01-25T23:42:14.277069+00:00", "data": {"market": "0x6808e9e3302a289b858d3c2bf97f2f365ca0719fe1b53c73425ae0ec00c534fd", "price_changes": [{"asset_id": "37301402223479940865116540929927734947379935030164584908552156540507963049559", "price": "0.381", "size": "0", "side": "SELL", "hash": "82559b33c39738266dd8d1312c831b9419a4e928", "best_bid": "0", "best_ask": "0.373"}, {"asset_id": "1427092528885090316629294776064317006120781138979270358972345084126042831716", "price": "0.619", "size": "0", "side": "BUY", "hash": "e615c1d85f7f52a55a23d1497da5f39271bd74b2", "best_bid": "0.627", "best_ask": "1"}], "timestamp": "1769384534209", "event_type": "price_change"}}
{"_local_timestamp": "2026-01-25T23:42:14.315331+00:00", "data": {"market": "0x6808e9e3302a289b858d3c2bf97f2f365ca0719fe1b53c73425ae0ec00c534fd", "price_changes": [{"asset_id": "37301402223479940865116540929927734947379935030164584908552156540507963049559", "price": "0.999", "size": "25", "side": "SELL", "hash": "53b64fe7a1ad8904b47ee436194ea0ff1c81d966", "best_bid": "0", "best_ask": "0.373"}, {"asset_id": "1427092528885090316629294776064317006120781138979270358972345084126042831716", "price": "0.001", "size": "25", "side": "BUY", "hash": "5370729c6dd3ab6baedaf33491c8fd4a68e34f09", "best_bid": "0.627", "best_ask": "1"}], "timestamp": "1769384534245", "event_type": "price_change"}}
{"_local_timestamp": "2026-01-25T23:42:15.139985+00:00", "data": {"market": "0x6808e9e3302a289b858d3c2bf97f2f365ca0719fe1b53c73425ae0ec00c534fd", "price_changes": [{"asset_id": "37301402223479940865116540929927734947379935030164584908552156540507963049559", "price": "0.374", "size": "33.52", "side": "SELL", "hash": "55d63421ab966c4348672c8d4a4a709acfdea25f", "best_bid": "0", "best_ask": "0.373"}, {"asset_id": "1427092528885090316629294776064317006120781138979270358972345084126042831716", "price": "0.626", "size": "33.52", "side": "BUY", "hash": "57addbaac01e0ce3153eb6aaf0b67cc2dc22e342", "best_bid": "0.627", "best_ask": "1"}], "timestamp": "1769384535073", "event_type": "price_change"}}
{"_local_timestamp": "2026-01-25T23:42:15.432841+00:00", "data": {"market": "0x6808e9e3302a289b858d3c2bf97f2f365ca0719fe1b53c73425ae0ec00c534fd", "price_changes": [{"asset_id": "37301402223479940865116540929927734947379935030164584908552156540507963049559", "price": "0.999", "size": "0", "side": "SELL", "hash": "0d3a5811f476ee5aaee1f13e35388a74c3d5b2d9", "best_bid": "0", "best_ask": "0.373"}, {"asset_id": "1427092528885090316629294776064317006120781138979270358972345084126042831716", "price": "0.001", "size": "0", "side": "BUY", "hash": "e25e098e43d17cb812787ed6cca9f8c2da140d94", "best_bid": "0.627", "best_ask": "1"}], "timestamp": "1769384535364", "event_type": "price_change"}}
{"_local_timestamp": "2026-01-25T23:42:15.468612+00:00", "data": {"market": "0x6808e9e3302a289b858d3c2bf97f2f365ca0719fe1b53c73425ae0ec00c534fd", "price_changes": [{"asset_id": "37301402223479940865116540929927734947379935030164584908552156540507963049559", "price": "0.373", "size": "30.47", "side": "SELL", "hash": "85bbd9e8a14f9e52d4e56e9c769971b89062466a", "best_bid": "0", "best_ask": "0.373"}, {"asset_id": "1427092528885090316629294776064317006120781138979270358972345084126042831716", "price": "0.627", "size": "30.47", "side": "BUY", "hash": "c8c45d9f052afae2952c73231a0ad3287c547cc0", "best_bid": "0.627", "best_ask": "1"}], "timestamp": "1769384535398", "event_type": "price_change"}}
{"_local_timestamp": "2026-01-25T23:42:25.965269+00:00", "data": {"market": "0x6808e9e3302a289b858d3c2bf97f2f365ca0719fe1b53c73425ae0ec00c534fd", "price_changes": [{"asset_id": "37301402223479940865116540929927734947379935030164584908552156540507963049559", "price": "0.374", "size": "23.52", "side": "SELL", "hash": "bf40221f651e36c96c6a0c4ea2b569e0534a6421", "best_bid": "0", "best_ask": "0.373"}, {"asset_id": "1427092528885090316629294776064317006120781138979270358972345084126042831716", "price": "0.626", "size": "23.52", "side": "BUY", "hash": "b7855be1be9337335ed85f51ab663f464c567acf", "best_bid": "0.627", "best_ask": "1"}], "timestamp": "1769384545894", "event_type": "price_change"}}
{"_local_timestamp": "2026-01-25T23:42:26.375167+00:00", "data": {"market": "0x6808e9e3302a289b858d3c2bf97f2f365ca0719fe1b53c73425ae0ec00c534fd", "price_changes": [{"asset_id": "37301402223479940865116540929927734947379935030164584908552156540507963049559", "price": "0.372", "size": "10", "side": "SELL", "hash": "c9272ee9f8e4408374ad6c16d7e3b22ba7722df6", "best_bid": "0", "best_ask": "0.372"}, {"asset_id": "1427092528885090316629294776064317006120781138979270358972345084126042831716", "price": "0.628", "size": "10", "side": "BUY", "hash": "f4106a2ef9d33ca88d1aa53761768a617800eef7", "best_bid": "0.628", "best_ask": "1"}], "timestamp": "1769384546299", "event_type": "price_change"}}
{"_local_timestamp": "2026-01-25T23:42:27.715058+00:00", "data": {"market": "0x6808e9e3302a289b858d3c2bf97f2f365ca0719fe1b53c73425ae0ec00c534fd", "price_changes": [{"asset_id": "37301402223479940865116540929927734947379935030164584908552156540507963049559", "price": "0.373", "size": "25", "side": "SELL", "hash": "49676ae4654a41e045914673d4c1ad6be5933e75", "best_bid": "0", "best_ask": "0.372"}, {"asset_id": "1427092528885090316629294776064317006120781138979270358972345084126042831716", "price": "0.627", "size": "25", "side": "BUY", "hash": "810b0dc8246a4da7692a39d2372f2dd770963ccc", "best_bid": "0.628", "best_ask": "1"}], "timestamp": "1769384547643", "event_type": "price_change"}}
{"_local_timestamp": "2026-01-25T23:42:27.755106+00:00", "data": {"market": "0x6808e9e3302a289b858d3c2bf97f2f365ca0719fe1b53c73425ae0ec00c534fd", "price_changes": [{"asset_id": "37301402223479940865116540929927734947379935030164584908552156540507963049559", "price": "0.371", "size": "5.47", "side": "SELL", "hash": "14241fbffb94f334ff9ffa045313169ca875226a", "best_bid": "0", "best_ask": "0.371"}, {"asset_id": "1427092528885090316629294776064317006120781138979270358972345084126042831716", "price": "0.629", "size": "5.47", "side": "BUY", "hash": "3652745122a7b426c25b076d8bcefc660b65f595", "best_bid": "0.629", "best_ask": "1"}], "timestamp": "1769384547688", "event_type": "price_change"}}
{"_local_timestamp": "2026-01-25T23:42:48.124111+00:00", "data": {"market": "0x6808e9e3302a289b858d3c2bf97f2f365ca0719fe1b53c73425ae0ec00c534fd", "price_changes": [{"asset_id": "37301402223479940865116540929927734947379935030164584908552156540507963049559", "price": "0.372", "size": "0", "side": "SELL", "hash": "a7e1f1bb167a638da12ebb35d91f2d73a4a1727a", "best_bid": "0", "best_ask": "0.371"}, {"asset_id": "1427092528885090316629294776064317006120781138979270358972345084126042831716", "price": "0.628", "size": "0", "side": "BUY", "hash": "d4f625a59c339114f1144ff4ecfb35c8a1e69f3c", "best_bid": "0.629", "best_ask": "1"}], "timestamp": "1769384567935", "event_type": "price_change"}}
{"_local_timestamp": "2026-01-25T23:42:48.515908+00:00", "data": {"market": "0x6808e9e3302a289b858d3c2bf97f2f365ca0719fe1b53c73425ae0ec00c534fd", "price_changes": [{"asset_id": "37301402223479940865116540929927734947379935030164584908552156540507963049559", "price": "0.37", "size": "10", "side": "SELL", "hash": "e86a57693518a598c61644046263172809f9b319", "best_bid": "0", "best_ask": "0.37"}, {"asset_id": "1427092528885090316629294776064317006120781138979270358972345084126042831716", "price": "0.63", "size": "10", "side": "BUY", "hash": "579fe32a6ceeab0ee7aa2a85713965a55062ee08", "best_bid": "0.63", "best_ask": "1"}], "timestamp": "1769384568335", "event_type": "price_change"}}
{"_local_timestamp": "2026-01-25T23:42:52.511728+00:00", "data": {"market": "0x6808e9e3302a289b858d3c2bf97f2f365ca0719fe1b53c73425ae0ec00c534fd", "price_changes": [{"asset_id": "37301402223479940865116540929927734947379935030164584908552156540507963049559", "price": "0.371", "size": "0", "side": "SELL", "hash": "259170475ef9302e7b52c9052979fc2494a49ced", "best_bid": "0", "best_ask": "0.37"}, {"asset_id": "1427092528885090316629294776064317006120781138979270358972345084126042831716", "price": "0.629", "size": "0", "side": "BUY", "hash": "bc6f472e50e9d12ac80618701dfabb3ef4ca3bb5", "best_bid": "0.63", "best_ask": "1"}], "timestamp": "1769384572326", "event_type": "price_change"}}
{"_local_timestamp": "2026-01-25T23:42:52.633670+00:00", "data": {"market": "0x6808e9e3302a289b858d3c2bf97f2f365ca0719fe1b53c73425ae0ec00c534fd", "price_changes": [{"asset_id": "37301402223479940865116540929927734947379935030164584908552156540507963049559", "price": "0.369", "size": "5.47", "side": "SELL", "hash": "8d7be7aab2032a859f4b53d37128bbba9b7ed85f", "best_bid": "0", "best_ask": "0.369"}, {"asset_id": "1427092528885090316629294776064317006120781138979270358972345084126042831716", "price": "0.631", "size": "5.47", "side": "BUY", "hash": "2314f0d4d105a0965034638a178a6a2b096e38ca", "best_bid": "0.631", "best_ask": "1"}], "timestamp": "1769384572452", "event_type": "price_change"}}
{"_local_timestamp": "2026-01-25T23:43:10.213315+00:00", "data": {"market": "0x6808e9e3302a289b858d3c2bf97f2f365ca0719fe1b53c73425ae0ec00c534fd", "price_changes": [{"asset_id": "37301402223479940865116540929927734947379935030164584908552156540507963049559", "price": "0.37", "size": "0", "side": "SELL", "hash": "d2b6404daab22675c1cf8603f4121aae4c3c1c50", "best_bid": "0", "best_ask": "0.369"}, {"asset_id": "1427092528885090316629294776064317006120781138979270358972345084126042831716", "price": "0.63", "size": "0", "side": "BUY", "hash": "d520478aa7a143dc78ab2cb672bf003d2fca930f", "best_bid": "0.631", "best_ask": "1"}], "timestamp": "1769384590071", "event_type": "price_change"}}
{"_local_timestamp": "2026-01-25T23:43:10.635258+00:00", "data": {"market": "0x6808e9e3302a289b858d3c2bf97f2f365ca0719fe1b53c73425ae0ec00c534fd", "price_changes": [{"asset_id": "37301402223479940865116540929927734947379935030164584908552156540507963049559", "price": "0.368", "size": "10", "side": "SELL", "hash": "e6677f0c8b49dc4f0771b86e17041690f708e70b", "best_bid": "0", "best_ask": "0.368"}, {"asset_id": "1427092528885090316629294776064317006120781138979270358972345084126042831716", "price": "0.632", "size": "10", "side": "BUY", "hash": "72c997ced3ef24eb0435dfa7a6caf3043fd45979", "best_bid": "0.632", "best_ask": "1"}], "timestamp": "1769384590560", "event_type": "price_change"}}
{"_local_timestamp": "2026-01-25T23:43:11.171926+00:00", "data": {"market": "0x6808e9e3302a289b858d3c2bf97f2f365ca0719fe1b53c73425ae0ec00c534fd", "price_changes": [{"asset_id": "37301402223479940865116540929927734947379935030164584908552156540507963049559", "price": "0.369", "size": "0", "side": "SELL", "hash": "6153651971e9553c51dc776ff1cc07106b8a9fc4", "best_bid": "0", "best_ask": "0.368"}, {"asset_id": "1427092528885090316629294776064317006120781138979270358972345084126042831716", "price": "0.631", "size": "0", "side": "BUY", "hash": "8bf3aa27ce5517f481ca779b7d3034115b6ddaec", "best_bid": "0.632", "best_ask": "1"}], "timestamp": "1769384591107", "event_type": "price_change"}}
{"_local_timestamp": "2026-01-25T23:43:11.260779+00:00", "data": {"market": "0x6808e9e3302a289b858d3c2bf97f2f365ca0719fe1b53c73425ae0ec00c534fd", "price_changes": [{"asset_id": "37301402223479940865116540929927734947379935030164584908552156540507963049559", "price": "0.367", "size": "5.47", "side": "SELL", "hash": "e7dc0d0973156bbdb032bcd579f79a9e29d5a499", "best_bid": "0", "best_ask": "0.367"}, {"asset_id": "1427092528885090316629294776064317006120781138979270358972345084126042831716", "price": "0.633", "size": "5.47", "side": "BUY", "hash": "38e98dd126814016886dc4765bb2fcfb466dc9a1", "best_bid": "0.633", "best_ask": "1"}], "timestamp": "1769384591191", "event_type": "price_change"}}
{"_local_timestamp": "2026-01-25T23:43:32.590439+00:00", "data": {"market": "0x6808e9e3302a289b858d3c2bf97f2f365ca0719fe1b53c73425ae0ec00c534fd", "price_changes": [{"asset_id": "37301402223479940865116540929927734947379935030164584908552156540507963049559", "price": "0.368", "size": "0", "side": "SELL", "hash": "b6a8af93d0e88493ab4d5eac344cbcc140a2288c", "best_bid": "0", "best_ask": "0.367"}, {"asset_id": "1427092528885090316629294776064317006120781138979270358972345084126042831716", "price": "0.632", "size": "0", "side": "BUY", "hash": "2a0259fa6ca1ee2ebda376da329e0b191b3a3d8d", "best_bid": "0.633", "best_ask": "1"}], "timestamp": "1769384612522", "event_type": "price_change"}}
{"_local_timestamp": "2026-01-25T23:43:32.938849+00:00", "data": {"market": "0x6808e9e3302a289b858d3c2bf97f2f365ca0719fe1b53c73425ae0ec00c534fd", "price_changes": [{"asset_id": "37301402223479940865116540929927734947379935030164584908552156540507963049559", "price": "0.367", "size": "0", "side": "SELL", "hash": "ba072f99cebc800d2f3cbea1b291c838b1c442c7", "best_bid": "0", "best_ask": "0.373"}, {"asset_id": "1427092528885090316629294776064317006120781138979270358972345084126042831716", "price": "0.633", "size": "0", "side": "BUY", "hash": "aca8876712e1447cefa57a510b24a8d8a75b4894", "best_bid": "0.627", "best_ask": "1"}], "timestamp": "1769384612869", "event_type": "price_change"}}
{"_local_timestamp": "2026-01-25T23:43:32.978721+00:00", "data": {"market": "0x6808e9e3302a289b858d3c2bf97f2f365ca0719fe1b53c73425ae0ec00c534fd", "price_changes": [{"asset_id": "37301402223479940865116540929927734947379935030164584908552156540507963049559", "price": "0.372", "size": "5.47", "side": "SELL", "hash": "683bbd024610b09c60f82928555fab8714175da5", "best_bid": "0", "best_ask": "0.372"}, {"asset_id": "1427092528885090316629294776064317006120781138979270358972345084126042831716", "price": "0.628", "size": "5.47", "side": "BUY", "hash": "c33b8d042c0fc4b5d38d2bc49760e1fc4834c372", "best_bid": "0.628", "best_ask": "1"}], "timestamp": "1769384612913", "event_type": "price_change"}}
{"_local_timestamp": "2026-01-25T23:43:33.096752+00:00", "data": {"market": "0x6808e9e3302a289b858d3c2bf97f2f365ca0719fe1b53c73425ae0ec00c534fd", "price_changes": [{"asset_id": "37301402223479940865116540929927734947379935030164584908552156540507963049559", "price": "0.366", "size": "10", "side": "SELL", "hash": "3c1e2ff86810a59ce468b5424fd84067a38d5b31", "best_bid": "0", "best_ask": "0.366"}, {"asset_id": "1427092528885090316629294776064317006120781138979270358972345084126042831716", "price": "0.634", "size": "10", "side": "BUY", "hash": "2f1afdb3f1df6a9b8ae85b934b9891403318ab21", "best_bid": "0.634", "best_ask": "1"}], "timestamp": "1769384613031", "event_type": "price_change"}}
{"_local_timestamp": "2026-01-25T23:43:34.354957+00:00", "data": {"market": "0x6808e9e3302a289b858d3c2bf97f2f365ca0719fe1b53c73425ae0ec00c534fd", "price_changes": [{"asset_id": "37301402223479940865116540929927734947379935030164584908552156540507963049559", "price": "0.372", "size": "0", "side": "SELL", "hash": "9704c6716dea347003b69c9c4b2665be463f7c81", "best_bid": "0", "best_ask": "0.366"}, {"asset_id": "1427092528885090316629294776064317006120781138979270358972345084126042831716", "price": "0.628", "size": "0", "side": "BUY", "hash": "0b9b26beb047ee87a8bb4fa62fd8e8f5b7117bb2", "best_bid": "0.634", "best_ask": "1"}], "timestamp": "1769384614287", "event_type": "price_change"}}
{"_local_timestamp": "2026-01-25T23:43:34.465513+00:00", "data": {"market": "0x6808e9e3302a289b858d3c2bf97f2f365ca0719fe1b53c73425ae0ec00c534fd", "price_changes": [{"asset_id": "37301402223479940865116540929927734947379935030164584908552156540507963049559", "price": "0.365", "size": "5.47", "side": "SELL", "hash": "1efa08d03d18711c37ff79e977d3e6fce3871dbd", "best_bid": "0", "best_ask": "0.365"}, {"asset_id": "1427092528885090316629294776064317006120781138979270358972345084126042831716", "price": "0.635", "size": "5.47", "side": "BUY", "hash": "ad8c43aa588ca7d8c25db3547cb3935f0d6d4086", "best_bid": "0.635", "best_ask": "1"}], "timestamp": "1769384614387", "event_type": "price_change"}}
{"_local_timestamp": "2026-01-25T23:43:41.742146+00:00", "data": {"market": "0x6808e9e3302a289b858d3c2bf97f2f365ca0719fe1b53c73425ae0ec00c534fd", "price_changes": [{"asset_id": "37301402223479940865116540929927734947379935030164584908552156540507963049559", "price": "0.374", "size": "0", "side": "SELL", "hash": "4d083aba90413c2001068403e9b19b5aef409cc6", "best_bid": "0", "best_ask": "0.365"}, {"asset_id": "1427092528885090316629294776064317006120781138979270358972345084126042831716", "price": "0.626", "size": "0", "side": "BUY", "hash": "691fbf65d8849e9cff6e3d02b5ba2c97d721f378", "best_bid": "0.635", "best_ask": "1"}], "timestamp": "1769384621674", "event_type": "price_change"}}
{"_local_timestamp": "2026-01-25T23:43:42.269604+00:00", "data": {"market": "0x6808e9e3302a289b858d3c2bf97f2f365ca0719fe1b53c73425ae0ec00c534fd", "price_changes": [{"asset_id": "37301402223479940865116540929927734947379935030164584908552156540507963049559", "price": "0.373", "size": "0", "side": "SELL", "hash": "1629150bacf5462012408ed94f11b33f7543a063", "best_bid": "0", "best_ask": "0.365"}, {"asset_id": "1427092528885090316629294776064317006120781138979270358972345084126042831716", "price": "0.627", "size": "0", "side": "BUY", "hash": "577d04f94b234cb64c19d61b4860694cfc06fe7a", "best_bid": "0.635", "best_ask": "1"}], "timestamp": "1769384622174", "event_type": "price_change"}}
{"_local_timestamp": "2026-01-25T23:43:42.284138+00:00", "data": {"market": "0x6808e9e3302a289b858d3c2bf97f2f365ca0719fe1b53c73425ae0ec00c534fd", "price_changes": [{"asset_id": "37301402223479940865116540929927734947379935030164584908552156540507963049559", "price": "0.999", "size": "25", "side": "SELL", "hash": "776c6105f6eecd624885bd4704d306bfa81aca32", "best_bid": "0", "best_ask": "0.365"}, {"asset_id": "1427092528885090316629294776064317006120781138979270358972345084126042831716", "price": "0.001", "size": "25", "side": "BUY", "hash": "221e5eebee251c2f89805e1564d186f03f842316", "best_bid": "0.635", "best_ask": "1"}], "timestamp": "1769384622204", "event_type": "price_change"}}
{"_local_timestamp": "2026-01-25T23:43:42.426215+00:00", "data": {"market": "0x6808e9e3302a289b858d3c2bf97f2f365ca0719fe1b53c73425ae0ec00c534fd", "price_changes": [{"asset_id": "37301402223479940865116540929927734947379935030164584908552156540507963049559", "price": "0.366", "size": "33.52", "side": "SELL", "hash": "fc1bd5a148709e5aaaa2a110e2e557895ac558fa", "best_bid": "0", "best_ask": "0.365"}, {"asset_id": "1427092528885090316629294776064317006120781138979270358972345084126042831716", "price": "0.634", "size": "33.52", "side": "BUY", "hash": "97c2e86dfddebd5fbd887c6d85e18e1744522d28", "best_bid": "0.635", "best_ask": "1"}], "timestamp": "1769384622349", "event_type": "price_change"}}
{"_local_timestamp": "2026-01-25T23:43:43.409606+00:00", "data": {"market": "0x6808e9e3302a289b858d3c2bf97f2f365ca0719fe1b53c73425ae0ec00c534fd", "price_changes": [{"asset_id": "37301402223479940865116540929927734947379935030164584908552156540507963049559", "price": "0.999", "size": "0", "side": "SELL", "hash": "d6ef54749da6f98891d81c4bcda1a586b30d052e", "best_bid": "0", "best_ask": "0.365"}, {"asset_id": "1427092528885090316629294776064317006120781138979270358972345084126042831716", "price": "0.001", "size": "0", "side": "BUY", "hash": "8d36805b955bffe3fe49e54b53b94e9619b60d8f", "best_bid": "0.635", "best_ask": "1"}], "timestamp": "1769384623333", "event_type": "price_change"}}
{"_local_timestamp": "2026-01-25T23:43:43.492568+00:00", "data": {"market": "0x6808e9e3302a289b858d3c2bf97f2f365ca0719fe1b53c73425ae0ec00c534fd", "price_changes": [{"asset_id": "37301402223479940865116540929927734947379935030164584908552156540507963049559", "price": "0.365", "size": "30.47", "side": "SELL", "hash": "beed47736610a9c2d10e62c6c4616fa2fa56e1f1", "best_bid": "0", "best_ask": "0.365"}, {"asset_id": "1427092528885090316629294776064317006120781138979270358972345084126042831716", "price": "0.635", "size": "30.47", "side": "BUY", "hash": "5a3880013daa9600c036a20da0ff8a1f5fac9255", "best_bid": "0.635", "best_ask": "1"}], "timestamp": "1769384623365", "event_type": "price_change"}}
{"_local_timestamp": "2026-01-25T23:43:54.621731+00:00", "data": {"market": "0x6808e9e3302a289b858d3c2bf97f2f365ca0719fe1b53c73425ae0ec00c534fd", "price_changes": [{"asset_id": "37301402223479940865116540929927734947379935030164584908552156540507963049559", "price": "0.366", "size": "23.52", "side": "SELL", "hash": "6754285df65ba2b5c803edceb902591a06f3d489", "best_bid": "0", "best_ask": "0.365"}, {"asset_id": "1427092528885090316629294776064317006120781138979270358972345084126042831716", "price": "0.634", "size": "23.52", "side": "BUY", "hash": "4c7a24a98aebcc824a65864188b7a9b063639466", "best_bid": "0.635", "best_ask": "1"}], "timestamp": "1769384634554", "event_type": "price_change"}}
{"_local_timestamp": "2026-01-25T23:43:55.035225+00:00", "data": {"market": "0x6808e9e3302a289b858d3c2bf97f2f365ca0719fe1b53c73425ae0ec00c534fd", "price_changes": [{"asset_id": "37301402223479940865116540929927734947379935030164584908552156540507963049559", "price": "0.364", "size": "10", "side": "SELL", "hash": "e74c1e98967a7fc4224fb5edfa4af331e4e92587", "best_bid": "0", "best_ask": "0.364"}, {"asset_id": "1427092528885090316629294776064317006120781138979270358972345084126042831716", "price": "0.636", "size": "10", "side": "BUY", "hash": "bfe2c007d1bde31f3e6e8029279b20f17c149da2", "best_bid": "0.636", "best_ask": "1"}], "timestamp": "1769384634967", "event_type": "price_change"}}
{"_local_timestamp": "2026-01-25T23:43:55.230353+00:00", "data": {"market": "0x6808e9e3302a289b858d3c2bf97f2f365ca0719fe1b53c73425ae0ec00c534fd", "price_changes": [{"asset_id": "37301402223479940865116540929927734947379935030164584908552156540507963049559", "price": "0.365", "size": "25", "side": "SELL", "hash": "0c4496ddeda690866e0e25d86a14f35bb14f31fd", "best_bid": "0", "best_ask": "0.364"}, {"asset_id": "1427092528885090316629294776064317006120781138979270358972345084126042831716", "price": "0.635", "size": "25", "side": "BUY", "hash": "cc72c19d2d08757cc198ff14d1df1031ad77867a", "best_bid": "0.636", "best_ask": "1"}], "timestamp": "1769384635156", "event_type": "price_change"}}
{"_local_timestamp": "2026-01-25T23:43:55.337334+00:00", "data": {"market": "0x6808e9e3302a289b858d3c2bf97f2f365ca0719fe1b53c73425ae0ec00c534fd", "price_changes": [{"asset_id": "37301402223479940865116540929927734947379935030164584908552156540507963049559", "price": "0.363", "size": "5.47", "side": "SELL", "hash": "c483e66bf542ffff686031a8063ff80e02a3d535", "best_bid": "0", "best_ask": "0.363"}, {"asset_id": "1427092528885090316629294776064317006120781138979270358972345084126042831716", "price": "0.637", "size": "5.47", "side": "BUY", "hash": "b9fe5284c444cd0db7d7d10896f5adbef0c73ffd", "best_bid": "0.637", "best_ask": "1"}], "timestamp": "1769384635263", "event_type": "price_change"}}
{"_local_timestamp": "2026-01-25T23:44:15.450124+00:00", "data": {"market": "0x6808e9e3302a289b858d3c2bf97f2f365ca0719fe1b53c73425ae0ec00c534fd", "price_changes": [{"asset_id": "37301402223479940865116540929927734947379935030164584908552156540507963049559", "price": "0.364", "size": "0", "side": "SELL", "hash": "82557b62fa0a7217d2ab54d3dcbc7fad67e2d2b1", "best_bid": "0", "best_ask": "0.363"}, {"asset_id": "1427092528885090316629294776064317006120781138979270358972345084126042831716", "price": "0.636", "size": "0", "side": "BUY", "hash": "b9bbf32a3ee2c3e1d994326cb8c4c6a4387695a1", "best_bid": "0.637", "best_ask": "1"}], "timestamp": "1769384655373", "event_type": "price_change"}}
{"_local_timestamp": "2026-01-25T23:44:15.864619+00:00", "data": {"market": "0x6808e9e3302a289b858d3c2bf97f2f365ca0719fe1b53c73425ae0ec00c534fd", "price_changes": [{"asset_id": "37301402223479940865116540929927734947379935030164584908552156540507963049559", "price": "0.362", "size": "10", "side": "SELL", "hash": "cdb19bd615c844212e1367ae4d72a35f53f8ea27", "best_bid": "0", "best_ask": "0.362"}, {"asset_id": "1427092528885090316629294776064317006120781138979270358972345084126042831716", "price": "0.638", "size": "10", "side": "BUY", "hash": "0d4bbd478f7fdfbdbbe37acec4a2a1c171d8c8f6", "best_bid": "0.638", "best_ask": "1"}], "timestamp": "1769384655792", "event_type": "price_change"}}
{"_local_timestamp": "2026-01-25T23:44:16.571993+00:00", "data": {"market": "0x6808e9e3302a289b858d3c2bf97f2f365ca0719fe1b53c73425ae0ec00c534fd", "price_changes": [{"asset_id": "37301402223479940865116540929927734947379935030164584908552156540507963049559", "price": "0.363", "size": "0", "side": "SELL", "hash": "504c63b0dbbf56e11bd6bf05f963a51f0db698c3", "best_bid": "0", "best_ask": "0.362"}, {"asset_id": "1427092528885090316629294776064317006120781138979270358972345084126042831716", "price": "0.637", "size": "0", "side": "BUY", "hash": "87cfdebecff294019f478641d21edc1741f1d1ad", "best_bid": "0.638", "best_ask": "1"}], "timestamp": "1769384656503", "event_type": "price_change"}}
{"_local_timestamp": "2026-01-25T23:44:16.678510+00:00", "data": {"market": "0x6808e9e3302a289b858d3c2bf97f2f365ca0719fe1b53c73425ae0ec00c534fd", "price_changes": [{"asset_id": "37301402223479940865116540929927734947379935030164584908552156540507963049559", "price": "0.361", "size": "5.47", "side": "SELL", "hash": "5ebc28ea5953605ac438da83c1dbc7aea7f2958a", "best_bid": "0", "best_ask": "0.361"}, {"asset_id": "1427092528885090316629294776064317006120781138979270358972345084126042831716", "price": "0.639", "size": "5.47", "side": "BUY", "hash": "43afb61d45ab2d57e6307f352e2a92ac0870c5bb", "best_bid": "0.639", "best_ask": "1"}], "timestamp": "1769384656608", "event_type": "price_change"}}
{"_local_timestamp": "2026-01-25T23:44:36.893411+00:00", "data": {"market": "0x6808e9e3302a289b858d3c2bf97f2f365ca0719fe1b53c73425ae0ec00c534fd", "price_changes": [{"asset_id": "37301402223479940865116540929927734947379935030164584908552156540507963049559", "price": "0.362", "size": "0", "side": "SELL", "hash": "f31f767c9ca598eb7756576db7921b9e5b9e6ff6", "best_bid": "0", "best_ask": "0.361"}, {"asset_id": "1427092528885090316629294776064317006120781138979270358972345084126042831716", "price": "0.638", "size": "0", "side": "BUY", "hash": "b822e032c7fec2ec192574ddcb32e4e10aed5528", "best_bid": "0.639", "best_ask": "1"}], "timestamp": "1769384676820", "event_type": "price_change"}}
{"_local_timestamp": "2026-01-25T23:44:37.350548+00:00", "data": {"market": "0x6808e9e3302a289b858d3c2bf97f2f365ca0719fe1b53c73425ae0ec00c534fd", "price_changes": [{"asset_id": "37301402223479940865116540929927734947379935030164584908552156540507963049559", "price": "0.36", "size": "10", "side": "SELL", "hash": "5bab1fd0e05ae323251cbee1e8fb566971f4026d", "best_bid": "0", "best_ask": "0.36"}, {"asset_id": "1427092528885090316629294776064317006120781138979270358972345084126042831716", "price": "0.64", "size": "10", "side": "BUY", "hash": "9330fd6a378c8e04cb240549e5d1855931ec842b", "best_bid": "0.64", "best_ask": "1"}], "timestamp": "1769384677276", "event_type": "price_change"}}
{"_local_timestamp": "2026-01-25T23:44:37.420941+00:00", "data": {"market": "0x6808e9e3302a289b858d3c2bf97f2f365ca0719fe1b53c73425ae0ec00c534fd", "price_changes": [{"asset_id": "37301402223479940865116540929927734947379935030164584908552156540507963049559", "price": "0.361", "size": "0", "side": "SELL", "hash": "b417f9e7ed2048771f646eaa4d88b128c5933308", "best_bid": "0", "best_ask": "0.36"}, {"asset_id": "1427092528885090316629294776064317006120781138979270358972345084126042831716", "price": "0.639", "size": "0", "side": "BUY", "hash": "c0f6183551e1a3d9d18d8c21c68e0cf486b9c5fa", "best_bid": "0.64", "best_ask": "1"}], "timestamp": "1769384677349", "event_type": "price_change"}}
{"_local_timestamp": "2026-01-25T23:44:37.635642+00:00", "data": {"market": "0x6808e9e3302a289b858d3c2bf97f2f365ca0719fe1b53c73425ae0ec00c534fd", "price_changes": [{"asset_id": "37301402223479940865116540929927734947379935030164584908552156540507963049559", "price": "0.364", "size": "5.47", "side": "SELL", "hash": "5e8ce21539e2ed486e057a0b737ef184f49d2de9", "best_bid": "0", "best_ask": "0.36"}, {"asset_id": "1427092528885090316629294776064317006120781138979270358972345084126042831716", "price": "0.636", "size": "5.47", "side": "BUY", "hash": "f5f6daedd97090a0071b16b01f88c441bf28c1ac", "best_bid": "0.64", "best_ask": "1"}], "timestamp": "1769384677563", "event_type": "price_change"}}
{"_local_timestamp": "2026-01-25T23:44:40.674349+00:00", "data": {"market": "0x6808e9e3302a289b858d3c2bf97f2f365ca0719fe1b53c73425ae0ec00c534fd", "price_changes": [{"asset_id": "37301402223479940865116540929927734947379935030164584908552156540507963049559", "price": "0.364", "size": "0", "side": "SELL", "hash": "fc5d4dd0e0b10a0f28c5fec9c6b9d132a2f2a6a7", "best_bid": "0", "best_ask": "0.36"}, {"asset_id": "1427092528885090316629294776064317006120781138979270358972345084126042831716", "price": "0.636", "size": "0", "side": "BUY", "hash": "0e69eb8ad615c0b2b23c574d1152a2ea96f4bcbc", "best_bid": "0.64", "best_ask": "1"}], "timestamp": "1769384680602", "event_type": "price_change"}}
{"_local_timestamp": "2026-01-25T23:44:40.790698+00:00", "data": {"market": "0x6808e9e3302a289b858d3c2bf97f2f365ca0719fe1b53c73425ae0ec00c534fd", "price_changes": [{"asset_id": "37301402223479940865116540929927734947379935030164584908552156540507963049559", "price": "0.359", "size": "5.47", "side": "SELL", "hash": "b6f8574b1fe58b11123df22a9dafb8a62c104e5e", "best_bid": "0", "best_ask": "0.359"}, {"asset_id": "1427092528885090316629294776064317006120781138979270358972345084126042831716", "price": "0.641", "size": "5.47", "side": "BUY", "hash": "355d8c19e1b7c5039250301c0e6d0f0eb5b4439f", "best_bid": "0.641", "best_ask": "1"}], "timestamp": "1769384680720", "event_type": "price_change"}}
{"_local_timestamp": "2026-01-25T23:45:01.104205+00:00", "data": {"market": "0x6808e9e3302a289b858d3c2bf97f2f365ca0719fe1b53c73425ae0ec00c534fd", "price_changes": [{"asset_id": "37301402223479940865116540929927734947379935030164584908552156540507963049559", "price": "0.36", "size": "0", "side": "SELL", "hash": "30f585bfe0db0f51b828cad8b77eab08e0804d1c", "best_bid": "0", "best_ask": "0.359"}, {"asset_id": "1427092528885090316629294776064317006120781138979270358972345084126042831716", "price": "0.64", "size": "0", "side": "BUY", "hash": "221fb78c7236a899502dbf3bea9d7e5653ea7ed1", "best_bid": "0.641", "best_ask": "1"}], "timestamp": "1769384701028", "event_type": "price_change"}}
{"_local_timestamp": "2026-01-25T23:45:01.654726+00:00", "data": {"market": "0x6808e9e3302a289b858d3c2bf97f2f365ca0719fe1b53c73425ae0ec00c534fd", "price_changes": [{"asset_id": "37301402223479940865116540929927734947379935030164584908552156540507963049559", "price": "0.358", "size": "10", "side": "SELL", "hash": "964cca6dda197d5ea7aa67c027e17f38a8577b87", "best_bid": "0", "best_ask": "0.358"}, {"asset_id": "1427092528885090316629294776064317006120781138979270358972345084126042831716", "price": "0.642", "size": "10", "side": "BUY", "hash": "5df408daf2da689bd3c7f18464153e42c3fb9d0f", "best_bid": "0.642", "best_ask": "1"}], "timestamp": "1769384701589", "event_type": "price_change"}}
{"_local_timestamp": "2026-01-25T23:45:02.128759+00:00", "data": {"market": "0x6808e9e3302a289b858d3c2bf97f2f365ca0719fe1b53c73425ae0ec00c534fd", "price_changes": [{"asset_id": "37301402223479940865116540929927734947379935030164584908552156540507963049559", "price": "0.359", "size": "0", "side": "SELL", "hash": "234246fece153def68e6054c4fe3adc941ee54c5", "best_bid": "0", "best_ask": "0.358"}, {"asset_id": "1427092528885090316629294776064317006120781138979270358972345084126042831716", "price": "0.641", "size": "0", "side": "BUY", "hash": "536a36db44f94f6310cacaa73f489da8daeea290", "best_bid": "0.642", "best_ask": "1"}], "timestamp": "1769384702025", "event_type": "price_change"}}
{"_local_timestamp": "2026-01-25T23:45:02.163988+00:00", "data": {"market": "0x6808e9e3302a289b858d3c2bf97f2f365ca0719fe1b53c73425ae0ec00c534fd", "price_changes": [{"asset_id": "37301402223479940865116540929927734947379935030164584908552156540507963049559", "price": "0.357", "size": "5.47", "side": "SELL", "hash": "3770c341d14510465907d36241247e406bb361c6", "best_bid": "0", "best_ask": "0.357"}, {"asset_id": "1427092528885090316629294776064317006120781138979270358972345084126042831716", "price": "0.643", "size": "5.47", "side": "BUY", "hash": "564b195ee217da516f4394ed379482b4049c0e01", "best_bid": "0.643", "best_ask": "1"}], "timestamp": "1769384702093", "event_type": "price_change"}}
{"_local_timestamp": "2026-01-25T23:45:18.816536+00:00", "data": {"market": "0x6808e9e3302a289b858d3c2bf97f2f365ca0719fe1b53c73425ae0ec00c534fd", "price_changes": [{"asset_id": "37301402223479940865116540929927734947379935030164584908552156540507963049559", "price": "0.366", "size": "0", "side": "SELL", "hash": "67c952d0e8b6810eda20883032096631fd5811bf", "best_bid": "0", "best_ask": "0.357"}, {"asset_id": "1427092528885090316629294776064317006120781138979270358972345084126042831716", "price": "0.634", "size": "0", "side": "BUY", "hash": "9a89ae550b0cb29af17464ae2c96d4164cecde49", "best_bid": "0.643", "best_ask": "1"}], "timestamp": "1769384718748", "event_type": "price_change"}}
{"_local_timestamp": "2026-01-25T23:45:19.810857+00:00", "data": {"market": "0x6808e9e3302a289b858d3c2bf97f2f365ca0719fe1b53c73425ae0ec00c534fd", "price_changes": [{"asset_id": "37301402223479940865116540929927734947379935030164584908552156540507963049559", "price": "0.358", "size": "33.52", "side": "SELL", "hash": "72edc739d5b5ef71dc5b017e8d25588e15b4c8fa", "best_bid": "0", "best_ask": "0.357"}, {"asset_id": "1427092528885090316629294776064317006120781138979270358972345084126042831716", "price": "0.642", "size": "33.52", "side": "BUY", "hash": "fb25957ce2857de2dd910a5404a4853d38ccf92a", "best_bid": "0.643", "best_ask": "1"}], "timestamp": "1769384719739", "event_type": "price_change"}}
{"_local_timestamp": "2026-01-25T23:45:19.886683+00:00", "data": {"market": "0x6808e9e3302a289b858d3c2bf97f2f365ca0719fe1b53c73425ae0ec00c534fd", "price_changes": [{"asset_id": "37301402223479940865116540929927734947379935030164584908552156540507963049559", "price": "0.365", "size": "0", "side": "SELL", "hash": "07a3c281bf5120402d647d51d308b81cf467a084", "best_bid": "0", "best_ask": "0.357"}, {"asset_id": "1427092528885090316629294776064317006120781138979270358972345084126042831716", "price": "0.635", "size": "0", "side": "BUY", "hash": "dadbb385ae1b52107e630421798621dd29e55173", "best_bid": "0.643", "best_ask": "1"}], "timestamp": "1769384719811", "event_type": "price_change"}}
{"_local_timestamp": "2026-01-25T23:45:19.904788+00:00", "data": {"market": "0x6808e9e3302a289b858d3c2bf97f2f365ca0719fe1b53c73425ae0ec00c534fd", "price_changes": [{"asset_id": "37301402223479940865116540929927734947379935030164584908552156540507963049559", "price": "0.357", "size": "30.47", "side": "SELL", "hash": "2a91d020efcd0e2b43ebcba739b5f9075056300c", "best_bid": "0", "best_ask": "0.357"}, {"asset_id": "1427092528885090316629294776064317006120781138979270358972345084126042831716", "price": "0.643", "size": "30.47", "side": "BUY", "hash": "5ed0998238e4e0c32e45e6221ffa56dfa49b3bcf", "best_bid": "0.643", "best_ask": "1"}], "timestamp": "1769384719841", "event_type": "price_change"}}
{"_local_timestamp": "2026-01-25T23:45:23.596043+00:00", "data": {"market": "0x6808e9e3302a289b858d3c2bf97f2f365ca0719fe1b53c73425ae0ec00c534fd", "price_changes": [{"asset_id": "37301402223479940865116540929927734947379935030164584908552156540507963049559", "price": "0.358", "size": "23.52", "side": "SELL", "hash": "10794e5ff0f9f30cee8a033d775c1427d13ea2a4", "best_bid": "0", "best_ask": "0.357"}, {"asset_id": "1427092528885090316629294776064317006120781138979270358972345084126042831716", "price": "0.642", "size": "23.52", "side": "BUY", "hash": "ff7aea204ee91936e7643e660d40d01c0940bf67", "best_bid": "0.643", "best_ask": "1"}], "timestamp": "1769384723527", "event_type": "price_change"}}
{"_local_timestamp": "2026-01-25T23:45:24.041876+00:00", "data": {"market": "0x6808e9e3302a289b858d3c2bf97f2f365ca0719fe1b53c73425ae0ec00c534fd", "price_changes": [{"asset_id": "37301402223479940865116540929927734947379935030164584908552156540507963049559", "price": "0.356", "size": "10", "side": "SELL", "hash": "6240e85a7fae2126877b017513376439eaeb4e42", "best_bid": "0", "best_ask": "0.356"}, {"asset_id": "1427092528885090316629294776064317006120781138979270358972345084126042831716", "price": "0.644", "size": "10", "side": "BUY", "hash": "2c0cc1234967e04ddffaa04e643e15e0e517b072", "best_bid": "0.644", "best_ask": "1"}], "timestamp": "1769384723975", "event_type": "price_change"}}
{"_local_timestamp": "2026-01-25T23:45:24.612278+00:00", "data": {"market": "0x6808e9e3302a289b858d3c2bf97f2f365ca0719fe1b53c73425ae0ec00c534fd", "price_changes": [{"asset_id": "37301402223479940865116540929927734947379935030164584908552156540507963049559", "price": "0.357", "size": "25", "side": "SELL", "hash": "e42223f9cfd3acc0b38aecff614cbb105bf47209", "best_bid": "0", "best_ask": "0.356"}, {"asset_id": "1427092528885090316629294776064317006120781138979270358972345084126042831716", "price": "0.643", "size": "25", "side": "BUY", "hash": "4065061c2ac09564998ed7b1b4b16e213447c0ba", "best_bid": "0.644", "best_ask": "1"}], "timestamp": "1769384724541", "event_type": "price_change"}}
{"_local_timestamp": "2026-01-25T23:45:24.705369+00:00", "data": {"market": "0x6808e9e3302a289b858d3c2bf97f2f365ca0719fe1b53c73425ae0ec00c534fd", "price_changes": [{"asset_id": "37301402223479940865116540929927734947379935030164584908552156540507963049559", "price": "0.355", "size": "5.47", "side": "SELL", "hash": "9aeec9f0967a4da81a781ee4f47aace896f04da5", "best_bid": "0", "best_ask": "0.355"}, {"asset_id": "1427092528885090316629294776064317006120781138979270358972345084126042831716", "price": "0.645", "size": "5.47", "side": "BUY", "hash": "22eaf978121d5577d7fd3444f1ee5f745a6a3228", "best_bid": "0.645", "best_ask": "1"}], "timestamp": "1769384724640", "event_type": "price_change"}}
{"_local_timestamp": "2026-01-25T23:45:45.441422+00:00", "data": {"market": "0x6808e9e3302a289b858d3c2bf97f2f365ca0719fe1b53c73425ae0ec00c534fd", "price_changes": [{"asset_id": "37301402223479940865116540929927734947379935030164584908552156540507963049559", "price": "0.356", "size": "0", "side": "SELL", "hash": "d4ada36a331241fe943ec15dda1cc7d20cb56f83", "best_bid": "0", "best_ask": "0.355"}, {"asset_id": "1427092528885090316629294776064317006120781138979270358972345084126042831716", "price": "0.644", "size": "0", "side": "BUY", "hash": "1e2414f8374b3188d7ed9185c6991bbd19c42e05", "best_bid": "0.645", "best_ask": "1"}], "timestamp": "1769384745377", "event_type": "price_change"}}
{"_local_timestamp": "2026-01-25T23:45:45.740066+00:00", "data": {"market": "0x6808e9e3302a289b858d3c2bf97f2f365ca0719fe1b53c73425ae0ec00c534fd", "price_changes": [{"asset_id": "37301402223479940865116540929927734947379935030164584908552156540507963049559", "price": "0.355", "size": "0", "side": "SELL", "hash": "e3ddc0d271ed8eb39abf7cb609c49b7e56a43f03", "best_bid": "0", "best_ask": "0.357"}, {"asset_id": "1427092528885090316629294776064317006120781138979270358972345084126042831716", "price": "0.645", "size": "0", "side": "BUY", "hash": "295e557a7f47ce6d858e98b9436d431978b8ce5d", "best_bid": "0.643", "best_ask": "1"}], "timestamp": "1769384745668", "event_type": "price_change"}}
{"_local_timestamp": "2026-01-25T23:45:45.852088+00:00", "data": {"market": "0x6808e9e3302a289b858d3c2bf97f2f365ca0719fe1b53c73425ae0ec00c534fd", "price_changes": [{"asset_id": "37301402223479940865116540929927734947379935030164584908552156540507963049559", "price": "0.356", "size": "5.47", "side": "SELL", "hash": "35eabfd1d12094b4c54e7af3727ed3688a77fe3d", "best_bid": "0", "best_ask": "0.356"}, {"asset_id": "1427092528885090316629294776064317006120781138979270358972345084126042831716", "price": "0.644", "size": "5.47", "side": "BUY", "hash": "7e0669c396b5eaca7ba0ffe8a1b8e11b22bea32d", "best_bid": "0.644", "best_ask": "1"}], "timestamp": "1769384745775", "event_type": "price_change"}}
{"_local_timestamp": "2026-01-25T23:45:45.876526+00:00", "data": {"market": "0x6808e9e3302a289b858d3c2bf97f2f365ca0719fe1b53c73425ae0ec00c534fd", "price_changes": [{"asset_id": "37301402223479940865116540929927734947379935030164584908552156540507963049559", "price": "0.354", "size": "10", "side": "SELL", "hash": "c5587bbe6977521c4a31ec7cc077a320a1f09f13", "best_bid": "0", "best_ask": "0.354"}, {"asset_id": "1427092528885090316629294776064317006120781138979270358972345084126042831716", "price": "0.646", "size": "10", "side": "BUY", "hash": "ea8f59d034f1e96a83e1d3120fbcad2c0c6d3f72", "best_bid": "0.646", "best_ask": "1"}], "timestamp": "1769384745800", "event_type": "price_change"}}
{"_local_timestamp": "2026-01-25T23:45:47.089235+00:00", "data": {"market": "0x6808e9e3302a289b858d3c2bf97f2f365ca0719fe1b53c73425ae0ec00c534fd", "price_changes": [{"asset_id": "37301402223479940865116540929927734947379935030164584908552156540507963049559", "price": "0.356", "size": "0", "side": "SELL", "hash": "e8daf9eb671a0fd36ffd2b05068cb2f31266989d", "best_bid": "0", "best_ask": "0.354"}, {"asset_id": "1427092528885090316629294776064317006120781138979270358972345084126042831716", "price": "0.644", "size": "0", "side": "BUY", "hash": "29df479f417187046d7527c3038543569d26cbdc", "best_bid": "0.646", "best_ask": "1"}], "timestamp": "1769384747025", "event_type": "price_change"}}
{"_local_timestamp": "2026-01-25T23:45:47.204597+00:00", "data": {"market": "0x6808e9e3302a289b858d3c2bf97f2f365ca0719fe1b53c73425ae0ec00c534fd", "price_changes": [{"asset_id": "37301402223479940865116540929927734947379935030164584908552156540507963049559", "price": "0.353", "size": "5.47", "side": "SELL", "hash": "d60eb1f4a3c7c3172af43b00cb88b47000d66146", "best_bid": "0", "best_ask": "0.353"}, {"asset_id": "1427092528885090316629294776064317006120781138979270358972345084126042831716", "price": "0.647", "size": "5.47", "side": "BUY", "hash": "897ccd35c3b2deca1b50d057441eb83bfa887896", "best_bid": "0.647", "best_ask": "1"}], "timestamp": "1769384747127", "event_type": "price_change"}}
{"_local_timestamp": "2026-01-25T23:46:05.884534+00:00", "data": {"market": "0x6808e9e3302a289b858d3c2bf97f2f365ca0719fe1b53c73425ae0ec00c534fd", "price_changes": [{"asset_id": "37301402223479940865116540929927734947379935030164584908552156540507963049559", "price": "0.354", "size": "0", "side": "SELL", "hash": "8384e4b20fa821a5dfa14268a2970882b91ea657", "best_bid": "0", "best_ask": "0.353"}, {"asset_id": "1427092528885090316629294776064317006120781138979270358972345084126042831716", "price": "0.646", "size": "0", "side": "BUY", "hash": "2d6cb4dbd1f67326dc17fd6025ee71a9b2afe0ba", "best_bid": "0.647", "best_ask": "1"}], "timestamp": "1769384765789", "event_type": "price_change"}}
{"_local_timestamp": "2026-01-25T23:46:06.285068+00:00", "data": {"market": "0x6808e9e3302a289b858d3c2bf97f2f365ca0719fe1b53c73425ae0ec00c534fd", "price_changes": [{"asset_id": "37301402223479940865116540929927734947379935030164584908552156540507963049559", "price": "0.352", "size": "10", "side": "SELL", "hash": "40fcbc4cefdd3459f14a4c260f552593d582b1a2", "best_bid": "0", "best_ask": "0.352"}, {"asset_id": "1427092528885090316629294776064317006120781138979270358972345084126042831716", "price": "0.648", "size": "10", "side": "BUY", "hash": "97d7391485b951c26112362fe9417881b9a9f448", "best_bid": "0.648", "best_ask": "1"}], "timestamp": "1769384766203", "event_type": "price_change"}}
{"_local_timestamp": "2026-01-25T23:46:07.461441+00:00", "data": {"market": "0x6808e9e3302a289b858d3c2bf97f2f365ca0719fe1b53c73425ae0ec00c534fd", "price_changes": [{"asset_id": "37301402223479940865116540929927734947379935030164584908552156540507963049559", "price": "0.353", "size": "0", "side": "SELL", "hash": "fcf174b71debe291872e0632339c24c9f665b9b1", "best_bid": "0", "best_ask": "0.352"}, {"asset_id": "1427092528885090316629294776064317006120781138979270358972345084126042831716", "price": "0.647", "size": "0", "side": "BUY", "hash": "4a549059389fcc2d16b0bc67d94b3027740f243e", "best_bid": "0.648", "best_ask": "1"}], "timestamp": "1769384767394", "event_type": "price_change"}}
{"_local_timestamp": "2026-01-25T23:46:07.580422+00:00", "data": {"market": "0x6808e9e3302a289b858d3c2bf97f2f365ca0719fe1b53c73425ae0ec00c534fd", "price_changes": [{"asset_id": "37301402223479940865116540929927734947379935030164584908552156540507963049559", "price": "0.351", "size": "5.47", "side": "SELL", "hash": "64b7284f3bc5c7ffe50ae7f8847b0baef646070d", "best_bid": "0", "best_ask": "0.351"}, {"asset_id": "1427092528885090316629294776064317006120781138979270358972345084126042831716", "price": "0.649", "size": "5.47", "side": "BUY", "hash": "8970f310db9db2cff0971e928bd51c79fce78169", "best_bid": "0.649", "best_ask": "1"}], "timestamp": "1769384767510", "event_type": "price_change"}}
{"_local_timestamp": "2026-01-25T23:46:27.029620+00:00", "data": {"market": "0x6808e9e3302a289b858d3c2bf97f2f365ca0719fe1b53c73425ae0ec00c534fd", "price_changes": [{"asset_id": "37301402223479940865116540929927734947379935030164584908552156540507963049559", "price": "0.352", "size": "0", "side": "SELL", "hash": "3929fa8201b13f4476ba066262653059531d8433", "best_bid": "0", "best_ask": "0.351"}, {"asset_id": "1427092528885090316629294776064317006120781138979270358972345084126042831716", "price": "0.648", "size": "0", "side": "BUY", "hash": "d249e0a1b7ac19f3ca33220856bc0f5d15301bf8", "best_bid": "0.649", "best_ask": "1"}], "timestamp": "1769384786925", "event_type": "price_change"}}
{"_local_timestamp": "2026-01-25T23:46:27.451814+00:00", "data": {"market": "0x6808e9e3302a289b858d3c2bf97f2f365ca0719fe1b53c73425ae0ec00c534fd", "price_changes": [{"asset_id": "37301402223479940865116540929927734947379935030164584908552156540507963049559", "price": "0.35", "size": "10", "side": "SELL", "hash": "a0a683fabdc72ae9390b17dea47891181740b6c0", "best_bid": "0", "best_ask": "0.35"}, {"asset_id": "1427092528885090316629294776064317006120781138979270358972345084126042831716", "price": "0.65", "size": "10", "side": "BUY", "hash": "3387929826b62b6f2d96ab7561b9aae539966ef0", "best_bid": "0.65", "best_ask": "1"}], "timestamp": "1769384787375", "event_type": "price_change"}}
{"_local_timestamp": "2026-01-25T23:46:27.987168+00:00", "data": {"market": "0x6808e9e3302a289b858d3c2bf97f2f365ca0719fe1b53c73425ae0ec00c534fd", "price_changes": [{"asset_id": "37301402223479940865116540929927734947379935030164584908552156540507963049559", "price": "0.351", "size": "0", "side": "SELL", "hash": "1f5141ee0bc01853aec886f15b15e22105cf22b2", "best_bid": "0", "best_ask": "0.35"}, {"asset_id": "1427092528885090316629294776064317006120781138979270358972345084126042831716", "price": "0.649", "size": "0", "side": "BUY", "hash": "10d59d1d85bcdc1315d7ad453b1d795d08cf11aa", "best_bid": "0.65", "best_ask": "1"}], "timestamp": "1769384787914", "event_type": "price_change"}}
{"_local_timestamp": "2026-01-25T23:46:28.124926+00:00", "data": {"market": "0x6808e9e3302a289b858d3c2bf97f2f365ca0719fe1b53c73425ae0ec00c534fd", "price_changes": [{"asset_id": "37301402223479940865116540929927734947379935030164584908552156540507963049559", "price": "0.349", "size": "5.47", "side": "SELL", "hash": "af264a406fbee0eca71652b25a95d9a6d07cf490", "best_bid": "0", "best_ask": "0.349"}, {"asset_id": "1427092528885090316629294776064317006120781138979270358972345084126042831716", "price": "0.651", "size": "5.47", "side": "BUY", "hash": "530b80b6502f3a2a466d6e2ad619c7f068e5fb16", "best_bid": "0.651", "best_ask": "1"}], "timestamp": "1769384788010", "event_type": "price_change"}}
{"_local_timestamp": "2026-01-25T23:46:49.750530+00:00", "data": {"market": "0x6808e9e3302a289b858d3c2bf97f2f365ca0719fe1b53c73425ae0ec00c534fd", "price_changes": [{"asset_id": "37301402223479940865116540929927734947379935030164584908552156540507963049559", "price": "0.35", "size": "0", "side": "SELL", "hash": "fda2c960326da2af911e8448c12b393c920bd7e6", "best_bid": "0", "best_ask": "0.349"}, {"asset_id": "1427092528885090316629294776064317006120781138979270358972345084126042831716", "price": "0.65", "size": "0", "side": "BUY", "hash": "0530e77c6eb07b4ffac04522d6950b8a24f76fbc", "best_bid": "0.651", "best_ask": "1"}], "timestamp": "1769384809579", "event_type": "price_change"}}
{"_local_timestamp": "2026-01-25T23:46:50.175532+00:00", "data": {"market": "0x6808e9e3302a289b858d3c2bf97f2f365ca0719fe1b53c73425ae0ec00c534fd", "price_changes": [{"asset_id": "37301402223479940865116540929927734947379935030164584908552156540507963049559", "price": "0.348", "size": "10", "side": "SELL", "hash": "fa8fc6b7846557e95b4c853918769f72d3766486", "best_bid": "0", "best_ask": "0.348"}, {"asset_id": "1427092528885090316629294776064317006120781138979270358972345084126042831716", "price": "0.652", "size": "10", "side": "BUY", "hash": "0461b617eef91d68414d356aa5203deb4768feb7", "best_bid": "0.652", "best_ask": "1"}], "timestamp": "1769384809990", "event_type": "price_change"}}
{"_local_timestamp": "2026-01-25T23:46:51.079334+00:00", "data": {"market": "0x6808e9e3302a289b858d3c2bf97f2f365ca0719fe1b53c73425ae0ec00c534fd", "price_changes": [{"asset_id": "37301402223479940865116540929927734947379935030164584908552156540507963049559", "price": "0.349", "size": "0", "side": "SELL", "hash": "56ceb7f162d8bbbf4c565741c6e914dc62bbe0e4", "best_bid": "0", "best_ask": "0.348"}, {"asset_id": "1427092528885090316629294776064317006120781138979270358972345084126042831716", "price": "0.651", "size": "0", "side": "BUY", "hash": "419dda58b69c44478ef9886365c40d8b1fe10f58", "best_bid": "0.652", "best_ask": "1"}], "timestamp": "1769384810705", "event_type": "price_change"}}
{"_local_timestamp": "2026-01-25T23:46:51.156857+00:00", "data": {"market": "0x6808e9e3302a289b858d3c2bf97f2f365ca0719fe1b53c73425ae0ec00c534fd", "price_changes": [{"asset_id": "37301402223479940865116540929927734947379935030164584908552156540507963049559", "price": "0.347", "size": "5.47", "side": "SELL", "hash": "aa1897185b014618f496178cdb1049816c7c3b71", "best_bid": "0", "best_ask": "0.347"}, {"asset_id": "1427092528885090316629294776064317006120781138979270358972345084126042831716", "price": "0.653", "size": "5.47", "side": "BUY", "hash": "c599ce78eb550e0b5127c86892016f9b3dff3cc9", "best_bid": "0.653", "best_ask": "1"}], "timestamp": "1769384810801", "event_type": "price_change"}}
{"_local_timestamp": "2026-01-25T23:46:55.626978+00:00", "data": {"market": "0x6808e9e3302a289b858d3c2bf97f2f365ca0719fe1b53c73425ae0ec00c534fd", "price_changes": [{"asset_id": "37301402223479940865116540929927734947379935030164584908552156540507963049559", "price": "0.358", "size": "0", "side": "SELL", "hash": "9f4dabfe088ab525eeb75fc6fa76548e7de486f2", "best_bid": "0", "best_ask": "0.347"}, {"asset_id": "1427092528885090316629294776064317006120781138979270358972345084126042831716", "price": "0.642", "size": "0", "side": "BUY", "hash": "51a45e5eda3a72781ab68be8ea30e86bcb5b9107", "best_bid": "0.653", "best_ask": "1"}], "timestamp": "1769384815508", "event_type": "price_change"}}
{"_local_timestamp": "2026-01-25T23:46:56.123985+00:00", "data": {"market": "0x6808e9e3302a289b858d3c2bf97f2f365ca0719fe1b53c73425ae0ec00c534fd", "price_changes": [{"asset_id": "37301402223479940865116540929927734947379935030164584908552156540507963049559", "price": "0.357", "size": "0", "side": "SELL", "hash": "b0aeca9e98d513fef395cd96e8c405e8d0b19c7a", "best_bid": "0", "best_ask": "0.347"}, {"asset_id": "1427092528885090316629294776064317006120781138979270358972345084126042831716", "price": "0.643", "size": "0", "side": "BUY", "hash": "57bc3637867885e3ccc572849229e4aa1c75afed", "best_bid": "0.653", "best_ask": "1"}], "timestamp": "1769384816031", "event_type": "price_change"}}
{"_local_timestamp": "2026-01-25T23:46:56.148860+00:00", "data": {"market": "0x6808e9e3302a289b858d3c2bf97f2f365ca0719fe1b53c73425ae0ec00c534fd", "price_changes": [{"asset_id": "37301402223479940865116540929927734947379935030164584908552156540507963049559", "price": "0.999", "size": "25", "side": "SELL", "hash": "d85f9a7e38c9e19112d87d3f4b6efa604e121966", "best_bid": "0", "best_ask": "0.347"}, {"asset_id": "1427092528885090316629294776064317006120781138979270358972345084126042831716", "price": "0.001", "size": "25", "side": "BUY", "hash": "1ba6d1421da2613f8a5baf961b2384471865b5af", "best_bid": "0.653", "best_ask": "1"}], "timestamp": "1769384816059", "event_type": "price_change"}}
{"_local_timestamp": "2026-01-25T23:46:56.508317+00:00", "data": {"market": "0x6808e9e3302a289b858d3c2bf97f2f365ca0719fe1b53c73425ae0ec00c534fd", "price_changes": [{"asset_id": "37301402223479940865116540929927734947379935030164584908552156540507963049559", "price": "0.348", "size": "33.52", "side": "SELL", "hash": "03cd03002e4dab1c42e3362d3befa6ab359302c7", "best_bid": "0", "best_ask": "0.347"}, {"asset_id": "1427092528885090316629294776064317006120781138979270358972345084126042831716", "price": "0.652", "size": "33.52", "side": "BUY", "hash": "98d7e6567499c4ca2e04c1fa8819c203fc77fa1a", "best_bid": "0.653", "best_ask": "1"}], "timestamp": "1769384816414", "event_type": "price_change"}}
{"_local_timestamp": "2026-01-25T23:46:57.326026+00:00", "data": {"market": "0x6808e9e3302a289b858d3c2bf97f2f365ca0719fe1b53c73425ae0ec00c534fd", "price_changes": [{"asset_id": "37301402223479940865116540929927734947379935030164584908552156540507963049559", "price": "0.999", "size": "0", "side": "SELL", "hash": "bff4daecfb624ab498971d9e08ba7cf14ea5241f", "best_bid": "0", "best_ask": "0.347"}, {"asset_id": "1427092528885090316629294776064317006120781138979270358972345084126042831716", "price": "0.001", "size": "0", "side": "BUY", "hash": "2229d68876b4969bb4d9606b7c5b0f707d6bf358", "best_bid": "0.653", "best_ask": "1"}], "timestamp": "1769384817213", "event_type": "price_change"}}
{"_local_timestamp": "2026-01-25T23:46:57.368310+00:00", "data": {"market": "0x6808e9e3302a289b858d3c2bf97f2f365ca0719fe1b53c73425ae0ec00c534fd", "price_changes": [{"asset_id": "37301402223479940865116540929927734947379935030164584908552156540507963049559", "price": "0.347", "size": "30.47", "side": "SELL", "hash": "e283fa5c78aad7d645325da11dbebd13e2e4ec3f", "best_bid": "0", "best_ask": "0.347"}, {"asset_id": "1427092528885090316629294776064317006120781138979270358972345084126042831716", "price": "0.653", "size": "30.47", "side": "BUY", "hash": "e798a33b50485fe240bef61c64b7b9e0452e964b", "best_bid": "0.653", "best_ask": "1"}], "timestamp": "1769384817248", "event_type": "price_change"}}
{"_local_timestamp": "2026-01-25T23:47:13.372128+00:00", "data": {"market": "0x6808e9e3302a289b858d3c2bf97f2f365ca0719fe1b53c73425ae0ec00c534fd", "price_changes": [{"asset_id": "37301402223479940865116540929927734947379935030164584908552156540507963049559", "price": "0.348", "size": "23.52", "side": "SELL", "hash": "a1139ff923879b416c89435d88fdb92bf5cb04e0", "best_bid": "0", "best_ask": "0.347"}, {"asset_id": "1427092528885090316629294776064317006120781138979270358972345084126042831716", "price": "0.652", "size": "23.52", "side": "BUY", "hash": "4d811d7077a9f6cb9ebf8a0ba81d0cdedc2597b0", "best_bid": "0.653", "best_ask": "1"}], "timestamp": "1769384833257", "event_type": "price_change"}}
{"_local_timestamp": "2026-01-25T23:47:13.861424+00:00", "data": {"market": "0x6808e9e3302a289b858d3c2bf97f2f365ca0719fe1b53c73425ae0ec00c534fd", "price_changes": [{"asset_id": "37301402223479940865116540929927734947379935030164584908552156540507963049559", "price": "0.346", "size": "10", "side": "SELL", "hash": "0e9a2692d8bfcfc2d2532d474352551435987dc3", "best_bid": "0", "best_ask": "0.346"}, {"asset_id": "1427092528885090316629294776064317006120781138979270358972345084126042831716", "price": "0.654", "size": "10", "side": "BUY", "hash": "c12ea9592847e42f6701dfedd007891503de312a", "best_bid": "0.654", "best_ask": "1"}], "timestamp": "1769384833705", "event_type": "price_change"}}
{"_local_timestamp": "2026-01-25T23:47:14.150980+00:00", "data": {"market": "0x6808e9e3302a289b858d3c2bf97f2f365ca0719fe1b53c73425ae0ec00c534fd", "price_changes": [{"asset_id": "37301402223479940865116540929927734947379935030164584908552156540507963049559", "price": "0.347", "size": "25", "side": "SELL", "hash": "9f25a0dd4377a7ec0e11ae17051c30901d835073", "best_bid": "0", "best_ask": "0.346"}, {"asset_id": "1427092528885090316629294776064317006120781138979270358972345084126042831716", "price": "0.653", "size": "25", "side": "BUY", "hash": "903b5e5ddf681c64fcf09ec1f468f577978dfd1b", "best_bid": "0.654", "best_ask": "1"}], "timestamp": "1769384833983", "event_type": "price_change"}}
{"_local_timestamp": "2026-01-25T23:47:14.225340+00:00", "data": {"market": "0x6808e9e3302a289b858d3c2bf97f2f365ca0719fe1b53c73425ae0ec00c534fd", "price_changes": [{"asset_id": "37301402223479940865116540929927734947379935030164584908552156540507963049559", "price": "0.345", "size": "5.47", "side": "SELL", "hash": "40913e963b097b059d1ab06b06dc1056ce750f8c", "best_bid": "0", "best_ask": "0.345"}, {"asset_id": "1427092528885090316629294776064317006120781138979270358972345084126042831716", "price": "0.655", "size": "5.47", "side": "BUY", "hash": "05b046c4d9553cb9cf883959ccd681a0b7c24fea", "best_bid": "0.655", "best_ask": "1"}], "timestamp": "1769384834040", "event_type": "price_change"}}
{"_local_timestamp": "2026-01-25T23:47:34.869840+00:00", "data": {"market": "0x6808e9e3302a289b858d3c2bf97f2f365ca0719fe1b53c73425ae0ec00c534fd", "price_changes": [{"asset_id": "37301402223479940865116540929927734947379935030164584908552156540507963049559", "price": "0.346", "size": "0", "side": "SELL", "hash": "aee2c6c1aaece2f9feba9dec01228eb31bbfafc2", "best_bid": "0", "best_ask": "0.345"}, {"asset_id": "1427092528885090316629294776064317006120781138979270358972345084126042831716", "price": "0.654", "size": "0", "side": "BUY", "hash": "6ae626ede6dc8dd486346d77b51d804d2e1f8a81", "best_bid": "0.655", "best_ask": "1"}], "timestamp": "1769384854618", "event_type": "price_change"}}
{"_local_timestamp": "2026-01-25T23:47:35.249791+00:00", "data": {"market": "0x6808e9e3302a289b858d3c2bf97f2f365ca0719fe1b53c73425ae0ec00c534fd", "price_changes": [{"asset_id": "37301402223479940865116540929927734947379935030164584908552156540507963049559", "price": "0.344", "size": "10", "side": "SELL", "hash": "0d0ded491b8b26a3e5c8c15463b04466c0e75455", "best_bid": "0", "best_ask": "0.344"}, {"asset_id": "1427092528885090316629294776064317006120781138979270358972345084126042831716", "price": "0.656", "size": "10", "side": "BUY", "hash": "52a0e600bd0310c836491cae73052bbe588a341c", "best_bid": "0.656", "best_ask": "1"}], "timestamp": "1769384855012", "event_type": "price_change"}}
{"_local_timestamp": "2026-01-25T23:47:35.587043+00:00", "data": {"market": "0x6808e9e3302a289b858d3c2bf97f2f365ca0719fe1b53c73425ae0ec00c534fd", "price_changes": [{"asset_id": "37301402223479940865116540929927734947379935030164584908552156540507963049559", "price": "0.345", "size": "0", "side": "SELL", "hash": "60bef917df003d769aa40ec6ae842be1f4e5d1b9", "best_bid": "0", "best_ask": "0.344"}, {"asset_id": "1427092528885090316629294776064317006120781138979270358972345084126042831716", "price": "0.655", "size": "0", "side": "BUY", "hash": "d40e70aa368bd4fb4ae6b22759b5c4044de13da4", "best_bid": "0.656", "best_ask": "1"}], "timestamp": "1769384855342", "event_type": "price_change"}}
{"_local_timestamp": "2026-01-25T23:47:35.726366+00:00", "data": {"market": "0x6808e9e3302a289b858d3c2bf97f2f365ca0719fe1b53c73425ae0ec00c534fd", "price_changes": [{"asset_id": "37301402223479940865116540929927734947379935030164584908552156540507963049559", "price": "0.343", "size": "5.47", "side": "SELL", "hash": "6059437089098be7aa6998bce3dfcfe7f70edf4a", "best_bid": "0", "best_ask": "0.343"}, {"asset_id": "1427092528885090316629294776064317006120781138979270358972345084126042831716", "price": "0.657", "size": "5.47", "side": "BUY", "hash": "774437faf0618a0753f50f4d68202f32cf4b598a", "best_bid": "0.657", "best_ask": "1"}], "timestamp": "1769384855456", "event_type": "price_change"}}
{"_local_timestamp": "2026-01-25T23:47:59.590679+00:00", "data": {"market": "0x6808e9e3302a289b858d3c2bf97f2f365ca0719fe1b53c73425ae0ec00c534fd", "price_changes": [{"asset_id": "37301402223479940865116540929927734947379935030164584908552156540507963049559", "price": "0.344", "size": "0", "side": "SELL", "hash": "29d6b74481b9a1da6a8f23977ae810cfccb87f1d", "best_bid": "0", "best_ask": "0.343"}, {"asset_id": "1427092528885090316629294776064317006120781138979270358972345084126042831716", "price": "0.656", "size": "0", "side": "BUY", "hash": "195662ab4f3c222213ea2bb62c84b98d9a449efa", "best_bid": "0.657", "best_ask": "1"}], "timestamp": "1769384879523", "event_type": "price_change"}}
{"_local_timestamp": "2026-01-25T23:48:00.106799+00:00", "data": {"market": "0x6808e9e3302a289b858d3c2bf97f2f365ca0719fe1b53c73425ae0ec00c534fd", "price_changes": [{"asset_id": "37301402223479940865116540929927734947379935030164584908552156540507963049559", "price": "0.342", "size": "10", "side": "SELL", "hash": "40ffb0e479e8b7b28720a9bca8f88727c3149604", "best_bid": "0", "best_ask": "0.342"}, {"asset_id": "1427092528885090316629294776064317006120781138979270358972345084126042831716", "price": "0.658", "size": "10", "side": "BUY", "hash": "23b014aceafac4407bc37ee8d5ec11295fe87f2b", "best_bid": "0.658", "best_ask": "1"}], "timestamp": "1769384880035", "event_type": "price_change"}}
{"_local_timestamp": "2026-01-25T23:48:00.388585+00:00", "data": {"market": "0x6808e9e3302a289b858d3c2bf97f2f365ca0719fe1b53c73425ae0ec00c534fd", "price_changes": [{"asset_id": "37301402223479940865116540929927734947379935030164584908552156540507963049559", "price": "0.343", "size": "0", "side": "SELL", "hash": "a9eca202a1aa4ca7e0e0c3d581017dd5890ea97d", "best_bid": "0", "best_ask": "0.342"}, {"asset_id": "1427092528885090316629294776064317006120781138979270358972345084126042831716", "price": "0.657", "size": "0", "side": "BUY", "hash": "3fdd804580e6c2865ed439ce499758bdf1b752fc", "best_bid": "0.658", "best_ask": "1"}], "timestamp": "1769384880325", "event_type": "price_change"}}
{"_local_timestamp": "2026-01-25T23:48:00.502300+00:00", "data": {"market": "0x6808e9e3302a289b858d3c2bf97f2f365ca0719fe1b53c73425ae0ec00c534fd", "price_changes": [{"asset_id": "37301402223479940865116540929927734947379935030164584908552156540507963049559", "price": "0.346", "size": "5.47", "side": "SELL", "hash": "cc1cbce5087e3bd54b15fbf26efe40b43855632f", "best_bid": "0", "best_ask": "0.342"}, {"asset_id": "1427092528885090316629294776064317006120781138979270358972345084126042831716", "price": "0.654", "size": "5.47", "side": "BUY", "hash": "f9e299446ee02819059e6639061dcbbc5706b771", "best_bid": "0.658", "best_ask": "1"}], "timestamp": "1769384880435", "event_type": "price_change"}}
{"_local_timestamp": "2026-01-25T23:48:02.122895+00:00", "data": {"market": "0x6808e9e3302a289b858d3c2bf97f2f365ca0719fe1b53c73425ae0ec00c534fd", "price_changes": [{"asset_id": "37301402223479940865116540929927734947379935030164584908552156540507963049559", "price": "0.346", "size": "0", "side": "SELL", "hash": "6e64c46570c09ffca483c037f9216b1ea6d47c56", "best_bid": "0", "best_ask": "0.342"}, {"asset_id": "1427092528885090316629294776064317006120781138979270358972345084126042831716", "price": "0.654", "size": "0", "side": "BUY", "hash": "44534a759e7113e5f855c49e1dfff37c14b8bd2d", "best_bid": "0.658", "best_ask": "1"}], "timestamp": "1769384882053", "event_type": "price_change"}}
{"_local_timestamp": "2026-01-25T23:48:02.206575+00:00", "data": {"market": "0x6808e9e3302a289b858d3c2bf97f2f365ca0719fe1b53c73425ae0ec00c534fd", "price_changes": [{"asset_id": "37301402223479940865116540929927734947379935030164584908552156540507963049559", "price": "0.341", "size": "5.47", "side": "SELL", "hash": "9bf70488e16afedf32d53b669e0df79668dd0ed0", "best_bid": "0", "best_ask": "0.341"}, {"asset_id": "1427092528885090316629294776064317006120781138979270358972345084126042831716", "price": "0.659", "size": "5.47", "side": "BUY", "hash": "fb8af50b078fbf8074d5ba19012af0f8c3199687", "best_bid": "0.659", "best_ask": "1"}], "timestamp": "1769384882141", "event_type": "price_change"}}
{"_local_timestamp": "2026-01-25T23:48:20.940760+00:00", "data": {"market": "0x6808e9e3302a289b858d3c2bf97f2f365ca0719fe1b53c73425ae0ec00c534fd", "price_changes": [{"asset_id": "37301402223479940865116540929927734947379935030164584908552156540507963049559", "price": "0.342", "size": "0", "side": "SELL", "hash": "60d71a39cd1ae96c6535b5a6923112840a2701fd", "best_bid": "0", "best_ask": "0.341"}, {"asset_id": "1427092528885090316629294776064317006120781138979270358972345084126042831716", "price": "0.658", "size": "0", "side": "BUY", "hash": "855123dbfa7c401bfa569ded5ad2c679dbf71faf", "best_bid": "0.659", "best_ask": "1"}], "timestamp": "1769384900877", "event_type": "price_change"}}
{"_local_timestamp": "2026-01-25T23:48:21.377725+00:00", "data": {"market": "0x6808e9e3302a289b858d3c2bf97f2f365ca0719fe1b53c73425ae0ec00c534fd", "price_changes": [{"asset_id": "37301402223479940865116540929927734947379935030164584908552156540507963049559", "price": "0.34", "size": "10", "side": "SELL", "hash": "8788ed27cdbaa0cc25fc8a325d9441dab5e2ceda", "best_bid": "0", "best_ask": "0.34"}, {"asset_id": "1427092528885090316629294776064317006120781138979270358972345084126042831716", "price": "0.66", "size": "10", "side": "BUY", "hash": "54bebaf763bd236e5a0cc150a983d372eeff157b", "best_bid": "0.66", "best_ask": "1"}], "timestamp": "1769384901313", "event_type": "price_change"}}
{"_local_timestamp": "2026-01-25T23:48:22.322172+00:00", "data": {"market": "0x6808e9e3302a289b858d3c2bf97f2f365ca0719fe1b53c73425ae0ec00c534fd", "price_changes": [{"asset_id": "37301402223479940865116540929927734947379935030164584908552156540507963049559", "price": "0.341", "size": "0", "side": "SELL", "hash": "5b15b6f418f6101e8ed2f5b58e350879ca817911", "best_bid": "0", "best_ask": "0.34"}, {"asset_id": "1427092528885090316629294776064317006120781138979270358972345084126042831716", "price": "0.659", "size": "0", "side": "BUY", "hash": "eeb5bef0bc27ea7ccd8355abdce9fe0927d89838", "best_bid": "0.66", "best_ask": "1"}], "timestamp": "1769384902247", "event_type": "price_change"}}
{"_local_timestamp": "2026-01-25T23:48:22.376475+00:00", "data": {"market": "0x6808e9e3302a289b858d3c2bf97f2f365ca0719fe1b53c73425ae0ec00c534fd", "price_changes": [{"asset_id": "37301402223479940865116540929927734947379935030164584908552156540507963049559", "price": "0.339", "size": "5.47", "side": "SELL", "hash": "a86caf02c8eadb043c24fff7be48d365bf8c9522", "best_bid": "0", "best_ask": "0.339"}, {"asset_id": "1427092528885090316629294776064317006120781138979270358972345084126042831716", "price": "0.661", "size": "5.47", "side": "BUY", "hash": "5c44da7f4554898ebc2f6c080d046d65f9235988", "best_bid": "0.661", "best_ask": "1"}], "timestamp": "1769384902307", "event_type": "price_change"}}
{"_local_timestamp": "2026-01-25T23:48:24.845917+00:00", "data": {"market": "0x6808e9e3302a289b858d3c2bf97f2f365ca0719fe1b53c73425ae0ec00c534fd", "price_changes": [{"asset_id": "37301402223479940865116540929927734947379935030164584908552156540507963049559", "price": "0.348", "size": "0", "side": "SELL", "hash": "ebde5a1b086de31cdd636e898fb978cb1ece7859", "best_bid": "0", "best_ask": "0.339"}, {"asset_id": "1427092528885090316629294776064317006120781138979270358972345084126042831716", "price": "0.652", "size": "0", "side": "BUY", "hash": "f2fffda855096181cfd2eb54d5e976adb73598f2", "best_bid": "0.661", "best_ask": "1"}], "timestamp": "1769384904783", "event_type": "price_change"}}
{"_local_timestamp": "2026-01-25T23:48:25.519577+00:00", "data": {"market": "0x6808e9e3302a289b858d3c2bf97f2f365ca0719fe1b53c73425ae0ec00c534fd", "price_changes": [{"asset_id": "37301402223479940865116540929927734947379935030164584908552156540507963049559", "price": "0.34", "size": "33.52", "side": "SELL", "hash": "51be029c7931168e7d24839d48480fc142c7e241", "best_bid": "0", "best_ask": "0.339"}, {"asset_id": "1427092528885090316629294776064317006120781138979270358972345084126042831716", "price": "0.66", "size": "33.52", "side": "BUY", "hash": "8acd11e57ef77e6e7ed5f871ad2af8c686dd329f", "best_bid": "0.661", "best_ask": "1"}], "timestamp": "1769384905449", "event_type": "price_change"}}
{"_local_timestamp": "2026-01-25T23:48:26.106375+00:00", "data": {"market": "0x6808e9e3302a289b858d3c2bf97f2f365ca0719fe1b53c73425ae0ec00c534fd", "price_changes": [{"asset_id": "37301402223479940865116540929927734947379935030164584908552156540507963049559", "price": "0.347", "size": "0", "side": "SELL", "hash": "7fed12450ad0bed9ce9130a335c47da95ddc7759", "best_bid": "0", "best_ask": "0.339"}, {"asset_id": "1427092528885090316629294776064317006120781138979270358972345084126042831716", "price": "0.653", "size": "0", "side": "BUY", "hash": "9074e66cd20ced7ee32514c436277f2bcb8afa40", "best_bid": "0.661", "best_ask": "1"}], "timestamp": "1769384906015", "event_type": "price_change"}}
{"_local_timestamp": "2026-01-25T23:48:26.145328+00:00", "data": {"market": "0x6808e9e3302a289b858d3c2bf97f2f365ca0719fe1b53c73425ae0ec00c534fd", "price_changes": [{"asset_id": "37301402223479940865116540929927734947379935030164584908552156540507963049559", "price": "0.339", "size": "30.47", "side": "SELL", "hash": "029609df747f089b7316016a4b782af4e87da34e", "best_bid": "0", "best_ask": "0.339"}, {"asset_id": "1427092528885090316629294776064317006120781138979270358972345084126042831716", "price": "0.661", "size": "30.47", "side": "BUY", "hash": "46e350fe388af91de891366df8bdb39d888fcf25", "best_bid": "0.661", "best_ask": "1"}], "timestamp": "1769384906054", "event_type": "price_change"}}
{"_local_timestamp": "2026-01-25T23:48:41.394133+00:00", "data": {"market": "0x6808e9e3302a289b858d3c2bf97f2f365ca0719fe1b53c73425ae0ec00c534fd", "price_changes": [{"asset_id": "37301402223479940865116540929927734947379935030164584908552156540507963049559", "price": "0.34", "size": "23.52", "side": "SELL", "hash": "fd0ae9724d9d7dcdd861f036c329d297914b2640", "best_bid": "0", "best_ask": "0.339"}, {"asset_id": "1427092528885090316629294776064317006120781138979270358972345084126042831716", "price": "0.66", "size": "23.52", "side": "BUY", "hash": "47c4380d0ada3d478f27401c5b8157b66da787be", "best_bid": "0.661", "best_ask": "1"}], "timestamp": "1769384921313", "event_type": "price_change"}}
{"_local_timestamp": "2026-01-25T23:48:41.795619+00:00", "data": {"market": "0x6808e9e3302a289b858d3c2bf97f2f365ca0719fe1b53c73425ae0ec00c534fd", "price_changes": [{"asset_id": "37301402223479940865116540929927734947379935030164584908552156540507963049559", "price": "0.338", "size": "10", "side": "SELL", "hash": "e4683e1c62bb7e5e54e7bb27e89d6c894cdece66", "best_bid": "0", "best_ask": "0.338"}, {"asset_id": "1427092528885090316629294776064317006120781138979270358972345084126042831716", "price": "0.662", "size": "10", "side": "BUY", "hash": "1aed4683635417b4ca7edfd679bd668f9b30cc0a", "best_bid": "0.662", "best_ask": "1"}], "timestamp": "1769384921723", "event_type": "price_change"}}
{"_local_timestamp": "2026-01-25T23:48:42.453849+00:00", "data": {"market": "0x6808e9e3302a289b858d3c2bf97f2f365ca0719fe1b53c73425ae0ec00c534fd", "price_changes": [{"asset_id": "37301402223479940865116540929927734947379935030164584908552156540507963049559", "price": "0.339", "size": "25", "side": "SELL", "hash": "bfb326c6d946298c466034128e003f6efc67c5bf", "best_bid": "0", "best_ask": "0.338"}, {"asset_id": "1427092528885090316629294776064317006120781138979270358972345084126042831716", "price": "0.661", "size": "25", "side": "BUY", "hash": "01eac1f9e5c727398c9840c6f17cb412f59dc466", "best_bid": "0.662", "best_ask": "1"}], "timestamp": "1769384922386", "event_type": "price_change"}}
{"_local_timestamp": "2026-01-25T23:48:42.546649+00:00", "data": {"market": "0x6808e9e3302a289b858d3c2bf97f2f365ca0719fe1b53c73425ae0ec00c534fd", "price_changes": [{"asset_id": "37301402223479940865116540929927734947379935030164584908552156540507963049559", "price": "0.337", "size": "5.47", "side": "SELL", "hash": "78decdedc532670b4b0a4da3ee1960e940bb2d9d", "best_bid": "0", "best_ask": "0.337"}, {"asset_id": "1427092528885090316629294776064317006120781138979270358972345084126042831716", "price": "0.663", "size": "5.47", "side": "BUY", "hash": "78319c202073b02d61b5d814005cf6a7ecadb7f5", "best_bid": "0.663", "best_ask": "1"}], "timestamp": "1769384922480", "event_type": "price_change"}}
{"_local_timestamp": "2026-01-25T23:49:03.136541+00:00", "data": {"market": "0x6808e9e3302a289b858d3c2bf97f2f365ca0719fe1b53c73425ae0ec00c534fd", "price_changes": [{"asset_id": "37301402223479940865116540929927734947379935030164584908552156540507963049559", "price": "0.338", "size": "0", "side": "SELL", "hash": "c542e191fc8873504f3f7f062f5520e313de08cc", "best_bid": "0", "best_ask": "0.337"}, {"asset_id": "1427092528885090316629294776064317006120781138979270358972345084126042831716", "price": "0.662", "size": "0", "side": "BUY", "hash": "065eeced8623a97016c83278e24811b366bd1681", "best_bid": "0.663", "best_ask": "1"}], "timestamp": "1769384943065", "event_type": "price_change"}}
{"_local_timestamp": "2026-01-25T23:49:03.552199+00:00", "data": {"market": "0x6808e9e3302a289b858d3c2bf97f2f365ca0719fe1b53c73425ae0ec00c534fd", "price_changes": [{"asset_id": "37301402223479940865116540929927734947379935030164584908552156540507963049559", "price": "0.336", "size": "10", "side": "SELL", "hash": "4854a985ab9c2d18273f100455078e535cd5614d", "best_bid": "0", "best_ask": "0.336"}, {"asset_id": "1427092528885090316629294776064317006120781138979270358972345084126042831716", "price": "0.664", "size": "10", "side": "BUY", "hash": "83fb646481df923edaf17b2f584ab3d6e1c7ba7e", "best_bid": "0.664", "best_ask": "1"}], "timestamp": "1769384943483", "event_type": "price_change"}}
{"_local_timestamp": "2026-01-25T23:49:03.828848+00:00", "data": {"market": "0x6808e9e3302a289b858d3c2bf97f2f365ca0719fe1b53c73425ae0ec00c534fd", "price_changes": [{"asset_id": "37301402223479940865116540929927734947379935030164584908552156540507963049559", "price": "0.337", "size": "0", "side": "SELL", "hash": "e2c7f977f770f30425f75cf4ec2fb64e79800cbe", "best_bid": "0", "best_ask": "0.336"}, {"asset_id": "1427092528885090316629294776064317006120781138979270358972345084126042831716", "price": "0.663", "size": "0", "side": "BUY", "hash": "6d625b328b29a11e93d4dc7bf7af6f8c87e3f7fc", "best_bid": "0.664", "best_ask": "1"}], "timestamp": "1769384943760", "event_type": "price_change"}}
{"_local_timestamp": "2026-01-25T23:49:03.913500+00:00", "data": {"market": "0x6808e9e3302a289b858d3c2bf97f2f365ca0719fe1b53c73425ae0ec00c534fd", "price_changes": [{"asset_id": "37301402223479940865116540929927734947379935030164584908552156540507963049559", "price": "0.335", "size": "5.47", "side": "SELL", "hash": "467205fe8468560829e1796872feda2c7a7bac42", "best_bid": "0", "best_ask": "0.335"}, {"asset_id": "1427092528885090316629294776064317006120781138979270358972345084126042831716", "price": "0.665", "size": "5.47", "side": "BUY", "hash": "30ae6af4272bf0e31c0200351708e6625054c78a", "best_bid": "0.665", "best_ask": "1"}], "timestamp": "1769384943847", "event_type": "price_change"}}
{"_local_timestamp": "2026-01-25T23:49:24.486181+00:00", "data": {"market": "0x6808e9e3302a289b858d3c2bf97f2f365ca0719fe1b53c73425ae0ec00c534fd", "price_changes": [{"asset_id": "37301402223479940865116540929927734947379935030164584908552156540507963049559", "price": "0.336", "size": "0", "side": "SELL", "hash": "1a85d10703841acaceb368395798d3ebc1502b08", "best_bid": "0", "best_ask": "0.335"}, {"asset_id": "1427092528885090316629294776064317006120781138979270358972345084126042831716", "price": "0.664", "size": "0", "side": "BUY", "hash": "fd095c70b93e8c8afaba637f23349ff8d346c834", "best_bid": "0.665", "best_ask": "1"}], "timestamp": "1769384964412", "event_type": "price_change"}}
{"_local_timestamp": "2026-01-25T23:49:24.930067+00:00", "data": {"market": "0x6808e9e3302a289b858d3c2bf97f2f365ca0719fe1b53c73425ae0ec00c534fd", "price_changes": [{"asset_id": "37301402223479940865116540929927734947379935030164584908552156540507963049559", "price": "0.334", "size": "10", "side": "SELL", "hash": "43ee788ccc62c793a9dd6a8b5214d0725f3ecad9", "best_bid": "0", "best_ask": "0.334"}, {"asset_id": "1427092528885090316629294776064317006120781138979270358972345084126042831716", "price": "0.666", "size": "10", "side": "BUY", "hash": "c821ee4993f6a76a1f36682c9acc170b4a618dee", "best_bid": "0.666", "best_ask": "1"}], "timestamp": "1769384964854", "event_type": "price_change"}}
{"_local_timestamp": "2026-01-25T23:49:25.498518+00:00", "data": {"market": "0x6808e9e3302a289b858d3c2bf97f2f365ca0719fe1b53c73425ae0ec00c534fd", "price_changes": [{"asset_id": "37301402223479940865116540929927734947379935030164584908552156540507963049559", "price": "0.335", "size": "0", "side": "SELL", "hash": "1ee1a70f200b9e5510fa652805a2ce9bd746c272", "best_bid": "0", "best_ask": "0.334"}, {"asset_id": "1427092528885090316629294776064317006120781138979270358972345084126042831716", "price": "0.665", "size": "0", "side": "BUY", "hash": "e20b8d93d854dbf964575f6edab9c0636155ad99", "best_bid": "0.666", "best_ask": "1"}], "timestamp": "1769384965303", "event_type": "price_change"}}
{"_local_timestamp": "2026-01-25T23:49:25.505156+00:00", "data": {"market": "0x6808e9e3302a289b858d3c2bf97f2f365ca0719fe1b53c73425ae0ec00c534fd", "price_changes": [{"asset_id": "37301402223479940865116540929927734947379935030164584908552156540507963049559", "price": "0.333", "size": "5.47", "side": "SELL", "hash": "364be9f38bcc466a123629b7240e06689bec02c1", "best_bid": "0", "best_ask": "0.333"}, {"asset_id": "1427092528885090316629294776064317006120781138979270358972345084126042831716", "price": "0.667", "size": "5.47", "side": "BUY", "hash": "0baf143551803fa813a3215ee3886fdd5278e496", "best_bid": "0.667", "best_ask": "1"}], "timestamp": "1769384965393", "event_type": "price_change"}}
{"_local_timestamp": "2026-01-25T23:49:47.042566+00:00", "data": {"market": "0x6808e9e3302a289b858d3c2bf97f2f365ca0719fe1b53c73425ae0ec00c534fd", "price_changes": [{"asset_id": "37301402223479940865116540929927734947379935030164584908552156540507963049559", "price": "0.334", "size": "0", "side": "SELL", "hash": "55c1de814a40041c2d6fa40974b079001bb1c060", "best_bid": "0", "best_ask": "0.333"}, {"asset_id": "1427092528885090316629294776064317006120781138979270358972345084126042831716", "price": "0.666", "size": "0", "side": "BUY", "hash": "06007d9afe908f09f1f312c54e8b6f2acf759813", "best_bid": "0.667", "best_ask": "1"}], "timestamp": "1769384986972", "event_type": "price_change"}}
{"_local_timestamp": "2026-01-25T23:49:47.470879+00:00", "data": {"market": "0x6808e9e3302a289b858d3c2bf97f2f365ca0719fe1b53c73425ae0ec00c534fd", "price_changes": [{"asset_id": "37301402223479940865116540929927734947379935030164584908552156540507963049559", "price": "0.332", "size": "10", "side": "SELL", "hash": "19067f51fa9232c4d42d11399fa43a77c08e2009", "best_bid": "0", "best_ask": "0.332"}, {"asset_id": "1427092528885090316629294776064317006120781138979270358972345084126042831716", "price": "0.668", "size": "10", "side": "BUY", "hash": "830770fa6dfe2596da9a1397c7c9e4f3dcfaf077", "best_bid": "0.668", "best_ask": "1"}], "timestamp": "1769384987403", "event_type": "price_change"}}
{"_local_timestamp": "2026-01-25T23:49:48.675449+00:00", "data": {"market": "0x6808e9e3302a289b858d3c2bf97f2f365ca0719fe1b53c73425ae0ec00c534fd", "price_changes": [{"asset_id": "37301402223479940865116540929927734947379935030164584908552156540507963049559", "price": "0.333", "size": "0", "side": "SELL", "hash": "0e96a6fa0fca58f2d5b420b4848317fa5014f45d", "best_bid": "0", "best_ask": "0.332"}, {"asset_id": "1427092528885090316629294776064317006120781138979270358972345084126042831716", "price": "0.667", "size": "0", "side": "BUY", "hash": "d74b9ae92d1efd7612a7135c2ac9b800e067bcd3", "best_bid": "0.668", "best_ask": "1"}], "timestamp": "1769384988602", "event_type": "price_change"}}
{"_local_timestamp": "2026-01-25T23:49:48.782228+00:00", "data": {"market": "0x6808e9e3302a289b858d3c2bf97f2f365ca0719fe1b53c73425ae0ec00c534fd", "price_changes": [{"asset_id": "37301402223479940865116540929927734947379935030164584908552156540507963049559", "price": "0.331", "size": "5.47", "side": "SELL", "hash": "0f9414fedc01ab9b04d7d17bbbdeed52e3b2df65", "best_bid": "0", "best_ask": "0.331"}, {"asset_id": "1427092528885090316629294776064317006120781138979270358972345084126042831716", "price": "0.669", "size": "5.47", "side": "BUY", "hash": "bdd56673f205184e7763bd978eb7cec800d8e492", "best_bid": "0.669", "best_ask": "1"}], "timestamp": "1769384988714", "event_type": "price_change"}}
{"_local_timestamp": "2026-01-25T23:49:50.689728+00:00", "data": {"market": "0x6808e9e3302a289b858d3c2bf97f2f365ca0719fe1b53c73425ae0ec00c534fd", "price_changes": [{"asset_id": "37301402223479940865116540929927734947379935030164584908552156540507963049559", "price": "0.34", "size": "0", "side": "SELL", "hash": "1302035f3b19da39382e74b07f6518f86979b1f7", "best_bid": "0", "best_ask": "0.331"}, {"asset_id": "1427092528885090316629294776064317006120781138979270358972345084126042831716", "price": "0.66", "size": "0", "side": "BUY", "hash": "e8d317a74f4e3d0e980abe911fbbdd2fabb3c993", "best_bid": "0.669", "best_ask": "1"}], "timestamp": "1769384990621", "event_type": "price_change"}}
{"_local_timestamp": "2026-01-25T23:49:50.839350+00:00", "data": {"market": "0x6808e9e3302a289b858d3c2bf97f2f365ca0719fe1b53c73425ae0ec00c534fd", "price_changes": [{"asset_id": "37301402223479940865116540929927734947379935030164584908552156540507963049559", "price": "0.339", "size": "0", "side": "SELL", "hash": "4f556ba6defd341ebaea78cee4cc13ffcea9356c", "best_bid": "0", "best_ask": "0.331"}, {"asset_id": "1427092528885090316629294776064317006120781138979270358972345084126042831716", "price": "0.661", "size": "0", "side": "BUY", "hash": "9d03a34c32f7ba5ce93c17e73eca6b981b8591d0", "best_bid": "0.669", "best_ask": "1"}], "timestamp": "1769384990755", "event_type": "price_change"}}
{"_local_timestamp": "2026-01-25T23:49:50.883662+00:00", "data": {"market": "0x6808e9e3302a289b858d3c2bf97f2f365ca0719fe1b53c73425ae0ec00c534fd", "price_changes": [{"asset_id": "37301402223479940865116540929927734947379935030164584908552156540507963049559", "price": "0.999", "size": "25", "side": "SELL", "hash": "a61a114e1a350721781926b7e9c6d5b39c104817", "best_bid": "0", "best_ask": "0.331"}, {"asset_id": "1427092528885090316629294776064317006120781138979270358972345084126042831716", "price": "0.001", "size": "25", "side": "BUY", "hash": "575335f23c60673a86078f01302879bd9ea90292", "best_bid": "0.669", "best_ask": "1"}], "timestamp": "1769384990797", "event_type": "price_change"}}
{"_local_timestamp": "2026-01-25T23:49:51.634957+00:00", "data": {"market": "0x6808e9e3302a289b858d3c2bf97f2f365ca0719fe1b53c73425ae0ec00c534fd", "price_changes": [{"asset_id": "37301402223479940865116540929927734947379935030164584908552156540507963049559", "price": "0.332", "size": "33.52", "side": "SELL", "hash": "e8ed1d26486ee3930631f6c11b6517ee62e6d63f", "best_bid": "0", "best_ask": "0.331"}, {"asset_id": "1427092528885090316629294776064317006120781138979270358972345084126042831716", "price": "0.668", "size": "33.52", "side": "BUY", "hash": "d9675bf3a1e79e3efb3e4a56e51cef7ef5711bce", "best_bid": "0.669", "best_ask": "1"}], "timestamp": "1769384991561", "event_type": "price_change"}}
{"_local_timestamp": "2026-01-25T23:49:51.982467+00:00", "data": {"market": "0x6808e9e3302a289b858d3c2bf97f2f365ca0719fe1b53c73425ae0ec00c534fd", "price_changes": [{"asset_id": "37301402223479940865116540929927734947379935030164584908552156540507963049559", "price": "0.999", "size": "0", "side": "SELL", "hash": "aaa3df0a7b3c5b8d3887cf3e34df7856d7375205", "best_bid": "0", "best_ask": "0.331"}, {"asset_id": "1427092528885090316629294776064317006120781138979270358972345084126042831716", "price": "0.001", "size": "0", "side": "BUY", "hash": "4c17d080e38ab597768a1db5c945f1a182bf5e04", "best_bid": "0.669", "best_ask": "1"}], "timestamp": "1769384991912", "event_type": "price_change"}}
{"_local_timestamp": "2026-01-25T23:49:52.019603+00:00", "data": {"market": "0x6808e9e3302a289b858d3c2bf97f2f365ca0719fe1b53c73425ae0ec00c534fd", "price_changes": [{"asset_id": "37301402223479940865116540929927734947379935030164584908552156540507963049559", "price": "0.331", "size": "30.47", "side": "SELL", "hash": "4dd32c43c7ff59bb2a286debeeb0e1d9cd5938a5", "best_bid": "0", "best_ask": "0.331"}, {"asset_id": "1427092528885090316629294776064317006120781138979270358972345084126042831716", "price": "0.669", "size": "30.47", "side": "BUY", "hash": "ed057abded2fb09b2ee35cf2e76f7503cf9edaa9", "best_bid": "0.669", "best_ask": "1"}], "timestamp": "1769384991946", "event_type": "price_change"}}
