{"_local_timestamp": "2026-01-25T23:33:35.627128+00:00", "data": [{"market": "0xfafedf6a8003be1c4abb47661608628276f0d8cce3b87f074230c690d2ae69aa", "asset_id": "114455683380102924057137737207666435143954157213080711087460619714345503526811", "timestamp": "1769384012752", "hash": "ad15b85bdc476a0c1f4c3291bbb970ebbb840b6f", "bids": [{"price": "0.001", "size": "100049"}, {"price": "0.002", "size": "55000"}, {"price": "0.008", "size": "155"}, {"price": "0.01", "size": "27008"}, {"price": "0.011", "size": "55710"}, {"price": "0.08", "size": "155"}, {"price": "0.097", "size": "100"}, {"price": "0.099", "size": "100"}, {"price": "0.1", "size": "3500"}, {"price": "0.101", "size": "10000"}, {"price": "0.47", "size": "100"}, {"price": "0.49", "size": "100"}, {"price": "0.497", "size": "200"}, {"price": "0.499", "size": "100"}, {"price": "0.5", "size": "176"}, {"price": "0.75", "size": "60"}, {"price": "0.767", "size": "60"}, {"price": "0.768", "size": "777"}, {"price": "0.769", "size": "60"}, {"price": "0.77", "size": "60"}, {"price": "0.771", "size": "53"}, {"price": "0.991", "size": "500"}, {"price": "0.999", "size": "113303.1"}], "asks": [], "event_type": "book", "last_trade_price": ""}, {"market": "0xfafedf6a8003be1c4abb47661608628276f0d8cce3b87f074230c690d2ae69aa", "asset_id": "75710603208292609548902531698291849680477448992766676672864409445170889585660", "timestamp": "1769384012752", "hash": "9258df581323f7ed08232896e2a99f4718d9a15b", "bids": [], "asks": [{"price": "0.999", "size": "100049"}, {"price": "0.998", "size": "55000"}, {"price": "0.992", "size": "155"}, {"price": "0.99", "size": "27008"}, {"price": "0.989", "size": "55710"}, {"price": "0.92", "size": "155"}, {"price": "0.903", "size": "100"}, {"price": "0.901", "size": "100"}, {"price": "0.9", "size": "3500"}, {"price": "0.899", "size": "10000"}, {"price": "0.53", "size": "100"}, {"price": "0.51", "size": "100"}, {"price": "0.503", "size": "200"}, {"price": "0.501", "size": "100"}, {"price": "0.5", "size": "176"}, {"price": "0.25", "size": "60"}, {"price": "0.233", "size": "60"}, {"price": "0.232", "size": "777"}, {"price": "0.231", "size": "60"}, {"price": "0.23", "size": "60"}, {"price": "0.229", "size": "53"}, {"price": "0.009", "size": "500"}, {"price": "0.001", "size": "113303.1"}], "event_type": "book", "last_trade_price": ""}]}
{"_local_timestamp": "2026-01-25T23:33:45.911680+00:00", "data": {"market": "0xfafedf6a8003be1c4abb47661608628276f0d8cce3b87f074230c690d2ae69aa", "price_changes": [{"asset_id": "114455683380102924057137737207666435143954157213080711087460619714345503526811", "price": "0.999", "size": "100005.1", "side": "BUY", "hash": "6c4f45bd7888ae04995cb36aad0fae3c6993fbc5", "best_bid": "0.999", "best_ask": "1"}, {"asset_id": "75710603208292609548902531698291849680477448992766676672864409445170889585660", "price": "0.001", "size": "100005.1", "side": "SELL", "hash": "4cbe9b6519f2e979bedda15853774a10f4d59ebe", "best_bid": "0", "best_ask": "0.001"}], "timestamp": "1769384025807", "event_type": "price_change"}}
{"_local_timestamp": "2026-01-25T23:33:47.619886+00:00", "data": {"market": "0xfafedf6a8003be1c4abb47661608628276f0d8cce3b87f074230c690d2ae69aa", "price_changes": [{"asset_id": "114455683380102924057137737207666435143954157213080711087460619714345503526811", "price": "0.999", "size": "102502.1", "side": "BUY", "hash": "e1e9b680cf2987514cf10c1f39b1cc733b475449", "best_bid": "0.999", "best_ask": "1"}, {"asset_id": "75710603208292609548902531698291849680477448992766676672864409445170889585660", "price": "0.001", "size": "102502.1", "side": "SELL", "hash": "251738ceb2df60e4e373de24b9fb0c637b0d885b", "best_bid": "0", "best_ask": "0.001"}], "timestamp": "1769384027527", "event_type": "price_change"}}
{"_local_timestamp": "2026-01-25T23:33:47.997772+00:00", "data": {"market": "0xfafedf6a8003be1c4abb47661608628276f0d8cce3b87f074230c690d2ae69aa", "price_changes": [{"asset_id": "114455683380102924057137737207666435143954157213080711087460619714345503526811", "price": "0.999", "size": "104998.1", "side": "BUY", "hash": "fbdc8b382ea09d91ab56d0f9ec633e148342c0b9", "best_bid": "0.999", "best_ask": "1"}, {"asset_id": "75710603208292609548902531698291849680477448992766676672864409445170889585660", "price": "0.001", "size": "104998.1", "side": "SELL", "hash": "f565d6ea8af9ea0ef1fb46df06b5749a21175e5f", "best_bid": "0", "best_ask": "0.001"}], "timestamp": "1769384027917", "event_type": "price_change"}}
{"_local_timestamp": "2026-01-25T23:33:48.511923+00:00", "data": {"market": "0xfafedf6a8003be1c4abb47661608628276f0d8cce3b87f074230c690d2ae69aa", "price_changes": [{"asset_id": "114455683380102924057137737207666435143954157213080711087460619714345503526811", "price": "0.999", "size": "107493.1", "side": "BUY", "hash": "78190d4060db69bf5f7b77258684de8bf361b0c0", "best_bid": "0.999", "best_ask": "1"}, {"asset_id": "75710603208292609548902531698291849680477448992766676672864409445170889585660", "price": "0.001", "size": "107493.1", "side": "SELL", "hash": "5ed571476c03d282cc7695bdd88f89707b6834d6", "best_bid": "0", "best_ask": "0.001"}], "timestamp": "1769384028433", "event_type": "price_change"}}
{"_local_timestamp": "2026-01-25T23:33:49.299938+00:00", "data": {"market": "0xfafedf6a8003be1c4abb47661608628276f0d8cce3b87f074230c690d2ae69aa", "price_changes": [{"asset_id": "114455683380102924057137737207666435143954157213080711087460619714345503526811", "price": "0.999", "size": "108116.1", "side": "BUY", "hash": "50b309166ae73ac1f7acbc793f31bae9a8ef6797", "best_bid": "0.999", "best_ask": "1"}, {"asset_id": "75710603208292609548902531698291849680477448992766676672864409445170889585660", "price": "0.001", "size": "108116.1", "side": "SELL", "hash": "70c3f788f44989b8f2b1ef592cb27a8fc04636b3", "best_bid": "0", "best_ask": "0.001"}], "timestamp": "1769384029230", "event_type": "price_change"}}
{"_local_timestamp": "2026-01-25T23:33:49.799960+00:00", "data": {"market": "0xfafedf6a8003be1c4abb47661608628276f0d8cce3b87f074230c690d2ae69aa", "price_changes": [{"asset_id": "114455683380102924057137737207666435143954157213080711087460619714345503526811", "price": "0.999", "size": "108738.1", "side": "BUY", "hash": "d4a96fa3a0e4cb2087ccfb881271f07fbf11ce9f", "best_bid": "0.999", "best_ask": "1"}, {"asset_id": "75710603208292609548902531698291849680477448992766676672864409445170889585660", "price": "0.001", "size": "108738.1", "side": "SELL", "hash": "260a9ea67b8ff9b234cd8a76468af206ca2420ab", "best_bid": "0", "best_ask": "0.001"}], "timestamp": "1769384029724", "event_type": "price_change"}}
{"_local_timestamp": "2026-01-25T23:33:51.656935+00:00", "data": {"market": "0xfafedf6a8003be1c4abb47661608628276f0d8cce3b87f074230c690d2ae69aa", "price_changes": [{"asset_id": "114455683380102924057137737207666435143954157213080711087460619714345503526811", "price": "0.999", "size": "108893.1", "side": "BUY", "hash": "588104859136001936b29e8aac5fac0f42293d54", "best_bid": "0.999", "best_ask": "1"}, {"asset_id": "75710603208292609548902531698291849680477448992766676672864409445170889585660", "price": "0.001", "size": "108893.1", "side": "SELL", "hash": "682273942743597bf90458706f3a290e17b5f6dd", "best_bid": "0", "best_ask": "0.001"}], "timestamp": "1769384031561", "event_type": "price_change"}}
{"_local_timestamp": "2026-01-25T23:33:52.591706+00:00", "data": {"market": "0xfafedf6a8003be1c4abb47661608628276f0d8cce3b87f074230c690d2ae69aa", "price_changes": [{"asset_id": "114455683380102924057137737207666435143954157213080711087460619714345503526811", "price": "0.999", "size": "109047.1", "side": "BUY", "hash": "e97c4715dfac668710096148eaee04a0061c7165", "best_bid": "0.999", "best_ask": "1"}, {"asset_id": "75710603208292609548902531698291849680477448992766676672864409445170889585660", "price": "0.001", "size": "109047.1", "side": "SELL", "hash": "5e86941b6bdd0b6b4ca093aa7e5d157b91882d77", "best_bid": "0", "best_ask": "0.001"}], "timestamp": "1769384032527", "event_type": "price_change"}}
{"_local_timestamp": "2026-01-25T23:33:53.007075+00:00", "data": {"market": "0xfafedf6a8003be1c4abb47661608628276f0d8cce3b87f074230c690d2ae69aa", "price_changes": [{"asset_id": "114455683380102924057137737207666435143954157213080711087460619714345503526811", "price": "0.999", "size": "109200.1", "side": "BUY", "hash": "27f94de67146b76f2794bae8fc1c1be9d0ae22dd", "best_bid": "0.999", "best_ask": "1"}, {"asset_id": "75710603208292609548902531698291849680477448992766676672864409445170889585660", "price": "0.001", "size": "109200.1", "side": "SELL", "hash": "188e8e29f8f5f388537d373088e189b513c91171", "best_bid": "0", "best_ask": "0.001"}], "timestamp": "1769384032919", "event_type": "price_change"}}
{"_local_timestamp": "2026-01-25T23:33:54.560147+00:00", "data": {"market": "0xfafedf6a8003be1c4abb47661608628276f0d8cce3b87f074230c690d2ae69aa", "price_changes": [{"asset_id": "114455683380102924057137737207666435143954157213080711087460619714345503526811", "price": "0.999", "size": "109237.1", "side": "BUY", "hash": "8701b189255dbab0c7f5c34de448cdcc81d3c668", "best_bid": "0.999", "best_ask": "1"}, {"asset_id": "75710603208292609548902531698291849680477448992766676672864409445170889585660", "price": "0.001", "size": "109237.1", "side": "SELL", "hash": "45b5e0ab638a86f4b2182d32442150cfc697f134", "best_bid": "0", "best_ask": "0.001"}], "timestamp": "1769384034486", "event_type": "price_change"}}
{"_local_timestamp": "2026-01-25T23:33:55.235241+00:00", "data": {"market": "0xfafedf6a8003be1c4abb47661608628276f0d8cce3b87f074230c690d2ae69aa", "price_changes": [{"asset_id": "114455683380102924057137737207666435143954157213080711087460619714345503526811", "price": "0.999", "size": "109273.1", "side": "BUY", "hash": "f8c39caabfad1371deb7f62c8f0c0ae00de4019b", "best_bid": "0.999", "best_ask": "1"}, {"asset_id": "75710603208292609548902531698291849680477448992766676672864409445170889585660", "price": "0.001", "size": "109273.1", "side": "SELL", "hash": "b492bccc194d2320f27150647d8f09723e8bf451", "best_bid": "0", "best_ask": "0.001"}], "timestamp": "1769384035138", "event_type": "price_change"}}
{"_local_timestamp": "2026-01-25T23:33:55.631536+00:00", "data": {"market": "0xfafedf6a8003be1c4abb47661608628276f0d8cce3b87f074230c690d2ae69aa", "price_changes": [{"asset_id": "114455683380102924057137737207666435143954157213080711087460619714345503526811", "price": "0.999", "size": "109308.1", "side": "BUY", "hash": "138a7e02e957939dff7a9458aaf1fa1c414c5cb8", "best_bid": "0.999", "best_ask": "1"}, {"asset_id": "75710603208292609548902531698291849680477448992766676672864409445170889585660", "price": "0.001", "size": "109308.1", "side": "SELL", "hash": "13861183669b198b3482185656f2fed6c6d00f3d", "best_bid": "0", "best_ask": "0.001"}], "timestamp": "1769384035547", "event_type": "price_change"}}
{"_local_timestamp": "2026-01-25T23:34:08.122662+00:00", "data": {"market": "0xfafedf6a8003be1c4abb47661608628276f0d8cce3b87f074230c690d2ae69aa", "price_changes": [{"asset_id": "114455683380102924057137737207666435143954157213080711087460619714345503526811", "price": "0.999", "size": "104998.1", "side": "BUY", "hash": "d5157c1127aadcd752f03f10a85d7472575965a8", "best_bid": "0.999", "best_ask": "1"}, {"asset_id": "75710603208292609548902531698291849680477448992766676672864409445170889585660", "price": "0.001", "size": "104998.1", "side": "SELL", "hash": "25ce41e502dfcd6bb306e9f5d8b0501ebeb30976", "best_bid": "0", "best_ask": "0.001"}], "timestamp": "1769384047889", "event_type": "price_change"}}
{"_local_timestamp": "2026-01-25T23:34:08.814969+00:00", "data": {"market": "0xfafedf6a8003be1c4abb47661608628276f0d8cce3b87f074230c690d2ae69aa", "price_changes": [{"asset_id": "114455683380102924057137737207666435143954157213080711087460619714345503526811", "price": "0.999", "size": "100005.1", "side": "BUY", "hash": "86ad7a25c1d66d8101adf8777e8a28fba101e098", "best_bid": "0.999", "best_ask": "1"}, {"asset_id": "75710603208292609548902531698291849680477448992766676672864409445170889585660", "price": "0.001", "size": "100005.1", "side": "SELL", "hash": "f1a5da54e0434703a3047c1300b21434e750f4cc", "best_bid": "0", "best_ask": "0.001"}], "timestamp": "1769384048563", "event_type": "price_change"}}
{"_local_timestamp": "2026-01-25T23:34:09.496249+00:00", "data": {"market": "0xfafedf6a8003be1c4abb47661608628276f0d8cce3b87f074230c690d2ae69aa", "price_changes": [{"asset_id": "114455683380102924057137737207666435143954157213080711087460619714345503526811", "price": "0.999", "size": "90005.1", "side": "BUY", "hash": "635c02394d35443b79ea3462b170f7ac9158340a", "best_bid": "0.999", "best_ask": "1"}, {"asset_id": "75710603208292609548902531698291849680477448992766676672864409445170889585660", "price": "0.001", "size": "90005.1", "side": "SELL", "hash": "868c514b565b4f8842304201a74b230cb2c2a919", "best_bid": "0", "best_ask": "0.001"}], "timestamp": "1769384049210", "event_type": "price_change"}}
{"_local_timestamp": "2026-01-25T23:34:11.597716+00:00", "data": {"market": "0xfafedf6a8003be1c4abb47661608628276f0d8cce3b87f074230c690d2ae69aa", "price_changes": [{"asset_id": "114455683380102924057137737207666435143954157213080711087460619714345503526811", "price": "0.999", "size": "92505.1", "side": "BUY", "hash": "17e5320969b927cb90caf55064ab44b7ce5920f7", "best_bid": "0.999", "best_ask": "1"}, {"asset_id": "75710603208292609548902531698291849680477448992766676672864409445170889585660", "price": "0.001", "size": "92505.1", "side": "SELL", "hash": "f00ef6f5e2636d11b753ec1d38526010114abf2a", "best_bid": "0", "best_ask": "0.001"}], "timestamp": "1769384051396", "event_type": "price_change"}}
{"_local_timestamp": "2026-01-25T23:34:12.603984+00:00", "data": {"market": "0xfafedf6a8003be1c4abb47661608628276f0d8cce3b87f074230c690d2ae69aa", "price_changes": [{"asset_id": "114455683380102924057137737207666435143954157213080711087460619714345503526811", "price": "0.999", "size": "93129.1", "side": "BUY", "hash": "234183e0f69e8553fdb8b2917e4e919abec7e7b2", "best_bid": "0.999", "best_ask": "1"}, {"asset_id": "75710603208292609548902531698291849680477448992766676672864409445170889585660", "price": "0.001", "size": "93129.1", "side": "SELL", "hash": "caf11f0c4a31d9457305bc104d452ca69a469a32", "best_bid": "0", "best_ask": "0.001"}], "timestamp": "1769384052360", "event_type": "price_change"}}
{"_local_timestamp": "2026-01-25T23:34:13.758874+00:00", "data": {"market": "0xfafedf6a8003be1c4abb47661608628276f0d8cce3b87f074230c690d2ae69aa", "price_changes": [{"asset_id": "114455683380102924057137737207666435143954157213080711087460619714345503526811", "price": "0.999", "size": "93284.1", "side": "BUY", "hash": "bd422a39bdf8985c272c12350d237fa20b81df81", "best_bid": "0.999", "best_ask": "1"}, {"asset_id": "75710603208292609548902531698291849680477448992766676672864409445170889585660", "price": "0.001", "size": "93284.1", "side": "SELL", "hash": "eb9a61971f1c7a34231560417b6aeeb6bee7a83d", "best_bid": "0", "best_ask": "0.001"}], "timestamp": "1769384053442", "event_type": "price_change"}}
{"_local_timestamp": "2026-01-25T23:34:25.623413+00:00", "data": {"market": "0xfafedf6a8003be1c4abb47661608628276f0d8cce3b87f074230c690d2ae69aa", "price_changes": [{"asset_id": "114455683380102924057137737207666435143954157213080711087460619714345503526811", "price": "0.999", "size": "80005.1", "side": "BUY", "hash": "c2f70a9f9210e0b365f2f593952aeb05464485b8", "best_bid": "0.999", "best_ask": "1"}, {"asset_id": "75710603208292609548902531698291849680477448992766676672864409445170889585660", "price": "0.001", "size": "80005.1", "side": "SELL", "hash": "e5117241c7dc7ecd5683aa5b3cd95354179a094e", "best_bid": "0", "best_ask": "0.001"}], "timestamp": "1769384065339", "event_type": "price_change"}}
{"_local_timestamp": "2026-01-25T23:34:26.473318+00:00", "data": {"market": "0xfafedf6a8003be1c4abb47661608628276f0d8cce3b87f074230c690d2ae69aa", "price_changes": [{"asset_id": "114455683380102924057137737207666435143954157213080711087460619714345503526811", "price": "0.999", "size": "80630.1", "side": "BUY", "hash": "672c858864c72bd719f9bd5c164bceec03df2ff2", "best_bid": "0.999", "best_ask": "1"}, {"asset_id": "75710603208292609548902531698291849680477448992766676672864409445170889585660", "price": "0.001", "size": "80630.1", "side": "SELL", "hash": "756ced6de4c367920ec2d7568cb8085c073ab0e2", "best_bid": "0", "best_ask": "0.001"}], "timestamp": "1769384066210", "event_type": "price_change"}}
{"_local_timestamp": "2026-01-25T23:34:26.889336+00:00", "data": {"market": "0xfafedf6a8003be1c4abb47661608628276f0d8cce3b87f074230c690d2ae69aa", "price_changes": [{"asset_id": "114455683380102924057137737207666435143954157213080711087460619714345503526811", "price": "0.999", "size": "81254.1", "side": "BUY", "hash": "2f16d2423995fa7a9cf24d281823df5f786289c2", "best_bid": "0.999", "best_ask": "1"}, {"asset_id": "75710603208292609548902531698291849680477448992766676672864409445170889585660", "price": "0.001", "size": "81254.1", "side": "SELL", "hash": "126610c8a164536b90b0f8c1529b4940e8e93623", "best_bid": "0", "best_ask": "0.001"}], "timestamp": "1769384066572", "event_type": "price_change"}}
{"_local_timestamp": "2026-01-25T23:34:28.067689+00:00", "data": {"market": "0xfafedf6a8003be1c4abb47661608628276f0d8cce3b87f074230c690d2ae69aa", "price_changes": [{"asset_id": "114455683380102924057137737207666435143954157213080711087460619714345503526811", "price": "0.999", "size": "81409.1", "side": "BUY", "hash": "dd37b02a2b0af7da78cff40600adbd308c81e11c", "best_bid": "0.999", "best_ask": "1"}, {"asset_id": "75710603208292609548902531698291849680477448992766676672864409445170889585660", "price": "0.001", "size": "81409.1", "side": "SELL", "hash": "e46cb24383c6af8ef0605bf87ed0332c69f0c817", "best_bid": "0", "best_ask": "0.001"}], "timestamp": "1769384067734", "event_type": "price_change"}}
{"_local_timestamp": "2026-01-25T23:34:28.437238+00:00", "data": {"market": "0xfafedf6a8003be1c4abb47661608628276f0d8cce3b87f074230c690d2ae69aa", "price_changes": [{"asset_id": "114455683380102924057137737207666435143954157213080711087460619714345503526811", "price": "0.999", "size": "81563.1", "side": "BUY", "hash": "e103c5259727fb01a9b3fc80aff6716e21eaba89", "best_bid": "0.999", "best_ask": "1"}, {"asset_id": "75710603208292609548902531698291849680477448992766676672864409445170889585660", "price": "0.001", "size": "81563.1", "side": "SELL", "hash": "47cdeb2778ce126697e9ee826d45ff0972d8c082", "best_bid": "0", "best_ask": "0.001"}], "timestamp": "1769384068175", "event_type": "price_change"}}
{"_local_timestamp": "2026-01-25T23:34:29.507856+00:00", "data": {"market": "0xfafedf6a8003be1c4abb47661608628276f0d8cce3b87f074230c690d2ae69aa", "price_changes": [{"asset_id": "114455683380102924057137737207666435143954157213080711087460619714345503526811", "price": "0.999", "size": "81716.1", "side": "BUY", "hash": "a81368db9e4088c3a042bb972d91350ffbe35b1d", "best_bid": "0.999", "best_ask": "1"}, {"asset_id": "75710603208292609548902531698291849680477448992766676672864409445170889585660", "price": "0.001", "size": "81716.1", "side": "SELL", "hash": "9dff0f660dcf090103f90f7191aa7d3ec4894d61", "best_bid": "0", "best_ask": "0.001"}], "timestamp": "1769384069273", "event_type": "price_change"}}
{"_local_timestamp": "2026-01-25T23:34:29.959817+00:00", "data": {"market": "0xfafedf6a8003be1c4abb47661608628276f0d8cce3b87f074230c690d2ae69aa", "price_changes": [{"asset_id": "114455683380102924057137737207666435143954157213080711087460619714345503526811", "price": "0.999", "size": "81868.1", "side": "BUY", "hash": "d798f5d89b940a363318d42aac80820085216a54", "best_bid": "0.999", "best_ask": "1"}, {"asset_id": "75710603208292609548902531698291849680477448992766676672864409445170889585660", "price": "0.001", "size": "81868.1", "side": "SELL", "hash": "c10ac982d66096a8df87bf80550248bde1a1a7ac", "best_bid": "0", "best_ask": "0.001"}], "timestamp": "1769384069659", "event_type": "price_change"}}
{"_local_timestamp": "2026-01-25T23:34:30.546481+00:00", "data": {"market": "0xfafedf6a8003be1c4abb47661608628276f0d8cce3b87f074230c690d2ae69aa", "price_changes": [{"asset_id": "114455683380102924057137737207666435143954157213080711087460619714345503526811", "price": "0.999", "size": "82019.1", "side": "BUY", "hash": "8be3f907030a475defe816b86ede42db52a10009", "best_bid": "0.999", "best_ask": "1"}, {"asset_id": "75710603208292609548902531698291849680477448992766676672864409445170889585660", "price": "0.001", "size": "82019.1", "side": "SELL", "hash": "24b561dea788661e8b89a7fc4ecd6a58f110b279", "best_bid": "0", "best_ask": "0.001"}], "timestamp": "1769384070209", "event_type": "price_change"}}
{"_local_timestamp": "2026-01-25T23:34:30.830765+00:00", "data": {"market": "0xfafedf6a8003be1c4abb47661608628276f0d8cce3b87f074230c690d2ae69aa", "price_changes": [{"asset_id": "114455683380102924057137737207666435143954157213080711087460619714345503526811", "price": "0.999", "size": "82056.1", "side": "BUY", "hash": "429a30fad5e5a4a980fd157826a369004c9dc2df", "best_bid": "0.999", "best_ask": "1"}, {"asset_id": "75710603208292609548902531698291849680477448992766676672864409445170889585660", "price": "0.001", "size": "82056.1", "side": "SELL", "hash": "4b04ddf7b12d69964fd0ae9c17bc84a94591691e", "best_bid": "0", "best_ask": "0.001"}], "timestamp": "1769384070580", "event_type": "price_change"}}
{"_local_timestamp": "2026-01-25T23:34:31.164797+00:00", "data": {"market": "0xfafedf6a8003be1c4abb47661608628276f0d8cce3b87f074230c690d2ae69aa", "price_changes": [{"asset_id": "114455683380102924057137737207666435143954157213080711087460619714345503526811", "price": "0.999", "size": "82092.1", "side": "BUY", "hash": "b9f596888e6afadc57276ba6f641a639ff77a7fb", "best_bid": "0.999", "best_ask": "1"}, {"asset_id": "75710603208292609548902531698291849680477448992766676672864409445170889585660", "price": "0.001", "size": "82092.1", "side": "SELL", "hash": "096265eadc31576bf69f6c4b77b7773294b6aace", "best_bid": "0", "best_ask": "0.001"}], "timestamp": "1769384070928", "event_type": "price_change"}}
{"_local_timestamp": "2026-01-25T23:34:32.399988+00:00", "data": {"market": "0xfafedf6a8003be1c4abb47661608628276f0d8cce3b87f074230c690d2ae69aa", "price_changes": [{"asset_id": "114455683380102924057137737207666435143954157213080711087460619714345503526811", "price": "0.999", "size": "82127.1", "side": "BUY", "hash": "4b062dcaa79157349e233a6e69abd0cdcb11dd27", "best_bid": "0.999", "best_ask": "1"}, {"asset_id": "75710603208292609548902531698291849680477448992766676672864409445170889585660", "price": "0.001", "size": "82127.1", "side": "SELL", "hash": "da25748ed885a4a3a389763e1c4b0cddf889d7ff", "best_bid": "0", "best_ask": "0.001"}], "timestamp": "1769384072120", "event_type": "price_change"}}
{"_local_timestamp": "2026-01-25T23:34:32.822778+00:00", "data": {"market": "0xfafedf6a8003be1c4abb47661608628276f0d8cce3b87f074230c690d2ae69aa", "price_changes": [{"asset_id": "114455683380102924057137737207666435143954157213080711087460619714345503526811", "price": "0.999", "size": "82161.1", "side": "BUY", "hash": "0637b5b94381d13a1bd035d9af541a462efc1058", "best_bid": "0.999", "best_ask": "1"}, {"asset_id": "75710603208292609548902531698291849680477448992766676672864409445170889585660", "price": "0.001", "size": "82161.1", "side": "SELL", "hash": "a5bdfeb42e220e53440b4b9fea00ae944aa7e08e", "best_bid": "0", "best_ask": "0.001"}], "timestamp": "1769384072576", "event_type": "price_change"}}
{"_local_timestamp": "2026-01-25T23:34:33.594138+00:00", "data": {"market": "0xfafedf6a8003be1c4abb47661608628276f0d8cce3b87f074230c690d2ae69aa", "price_changes": [{"asset_id": "114455683380102924057137737207666435143954157213080711087460619714345503526811", "price": "0.999", "size": "82194.1", "side": "BUY", "hash": "3a40a89fac5f4b66c67a86ed99279f5748a05400", "best_bid": "0.999", "best_ask": "1"}, {"asset_id": "75710603208292609548902531698291849680477448992766676672864409445170889585660", "price": "0.001", "size": "82194.1", "side": "SELL", "hash": "0435b01acd5f11f153d400941cc451262e9c8c27", "best_bid": "0", "best_ask": "0.001"}], "timestamp": "1769384073346", "event_type": "price_change"}}
{"_local_timestamp": "2026-01-25T23:34:36.278474+00:00", "data": {"market": "0xfafedf6a8003be1c4abb47661608628276f0d8cce3b87f074230c690d2ae69aa", "price_changes": [{"asset_id": "114455683380102924057137737207666435143954157213080711087460619714345503526811", "price": "0.999", "size": "84694.1", "side": "BUY", "hash": "dbefa62f829beead8e7668d5bd689c1620c1e9c4", "best_bid": "0.999", "best_ask": "1"}, {"asset_id": "75710603208292609548902531698291849680477448992766676672864409445170889585660", "price": "0.001", "size": "84694.1", "side": "SELL", "hash": "42fe4ec2f2767e6d52fd8c2d940a07841acd99a4", "best_bid": "0", "best_ask": "0.001"}], "timestamp": "1769384076050", "event_type": "price_change"}}
{"_local_timestamp": "2026-01-25T23:34:38.513106+00:00", "data": {"market": "0xfafedf6a8003be1c4abb47661608628276f0d8cce3b87f074230c690d2ae69aa", "price_changes": [{"asset_id": "114455683380102924057137737207666435143954157213080711087460619714345503526811", "price": "0.999", "size": "84849.1", "side": "BUY", "hash": "fa31b5cd3ecf212ca7fc324a02eca9cde4abeaf6", "best_bid": "0.999", "best_ask": "1"}, {"asset_id": "75710603208292609548902531698291849680477448992766676672864409445170889585660", "price": "0.001", "size": "84849.1", "side": "SELL", "hash": "18dbfa50a75cf3dd4eb717f75ddefc1720cc5714", "best_bid": "0", "best_ask": "0.001"}], "timestamp": "1769384078433", "event_type": "price_change"}}
{"_local_timestamp": "2026-01-25T23:34:38.856946+00:00", "data": {"market": "0xfafedf6a8003be1c4abb47661608628276f0d8cce3b87f074230c690d2ae69aa", "price_changes": [{"asset_id": "114455683380102924057137737207666435143954157213080711087460619714345503526811", "price": "0.999", "size": "85003.1", "side": "BUY", "hash": "f6a240466e823e7fa271b3171e2ffc3d9df32b6a", "best_bid": "0.999", "best_ask": "1"}, {"asset_id": "75710603208292609548902531698291849680477448992766676672864409445170889585660", "price": "0.001", "size": "85003.1", "side": "SELL", "hash": "2a32860c06be4f07d5e0e3491380ce0c567e79a7", "best_bid": "0", "best_ask": "0.001"}], "timestamp": "1769384078789", "event_type": "price_change"}}
{"_local_timestamp": "2026-01-25T23:34:40.176786+00:00", "data": {"market": "0xfafedf6a8003be1c4abb47661608628276f0d8cce3b87f074230c690d2ae69aa", "price_changes": [{"asset_id": "114455683380102924057137737207666435143954157213080711087460619714345503526811", "price": "0.999", "size": "85156.1", "side": "BUY", "hash": "0468d8e46b83117b4889c6cd4980ec260b29f9be", "best_bid": "0.999", "best_ask": "1"}, {"asset_id": "75710603208292609548902531698291849680477448992766676672864409445170889585660", "price": "0.001", "size": "85156.1", "side": "SELL", "hash": "ec93f65e3c98242e719bb68e3527b2203c47820b", "best_bid": "0", "best_ask": "0.001"}], "timestamp": "1769384080004", "event_type": "price_change"}}
{"_local_timestamp": "2026-01-25T23:34:40.639212+00:00", "data": {"market": "0xfafedf6a8003be1c4abb47661608628276f0d8cce3b87f074230c690d2ae69aa", "price_changes": [{"asset_id": "114455683380102924057137737207666435143954157213080711087460619714345503526811", "price": "0.999", "size": "85308.1", "side": "BUY", "hash": "d5728e50698c75e1be2cc823ccf2dec8ceec798d", "best_bid": "0.999", "best_ask": "1"}, {"asset_id": "75710603208292609548902531698291849680477448992766676672864409445170889585660", "price": "0.001", "size": "85308.1", "side": "SELL", "hash": "bd7feb926cc57610a257fc1179c1c18e2e0f6e86", "best_bid": "0", "best_ask": "0.001"}], "timestamp": "1769384080484", "event_type": "price_change"}}
{"_local_timestamp": "2026-01-25T23:35:07.512181+00:00", "data": {"market": "0xfafedf6a8003be1c4abb47661608628276f0d8cce3b87f074230c690d2ae69aa", "price_changes": [{"asset_id": "114455683380102924057137737207666435143954157213080711087460619714345503526811", "price": "0.999", "size": "80005.1", "side": "BUY", "hash": "fed5bc8cba629e055a98ac1a2c92c92e4968704e", "best_bid": "0.999", "best_ask": "1"}, {"asset_id": "75710603208292609548902531698291849680477448992766676672864409445170889585660", "price": "0.001", "size": "80005.1", "side": "SELL", "hash": "d0944bada24a553d38eec4e8eb662815d5e8e513", "best_bid": "0", "best_ask": "0.001"}], "timestamp": "1769384107394", "event_type": "price_change"}}
{"_local_timestamp": "2026-01-25T23:35:07.732168+00:00", "data": {"market": "0xfafedf6a8003be1c4abb47661608628276f0d8cce3b87f074230c690d2ae69aa", "price_changes": [{"asset_id": "114455683380102924057137737207666435143954157213080711087460619714345503526811", "price": "0.999", "size": "80044.1", "side": "BUY", "hash": "e71cdef86034ff263aff3272936ce71a9786d3c5", "best_bid": "0.999", "best_ask": "1"}, {"asset_id": "75710603208292609548902531698291849680477448992766676672864409445170889585660", "price": "0.001", "size": "80044.1", "side": "SELL", "hash": "d4fffd0d64f61a3b5c7eb24cf187bcc85ce64887", "best_bid": "0", "best_ask": "0.001"}], "timestamp": "1769384107620", "event_type": "price_change"}}
{"_local_timestamp": "2026-01-25T23:35:08.054014+00:00", "data": {"market": "0xfafedf6a8003be1c4abb47661608628276f0d8cce3b87f074230c690d2ae69aa", "price_changes": [{"asset_id": "114455683380102924057137737207666435143954157213080711087460619714345503526811", "price": "0.999", "size": "80082.1", "side": "BUY", "hash": "864dbc914d1868944b21045381ff05d9fd57e1bf", "best_bid": "0.999", "best_ask": "1"}, {"asset_id": "75710603208292609548902531698291849680477448992766676672864409445170889585660", "price": "0.001", "size": "80082.1", "side": "SELL", "hash": "b4031c53c3ff3058692e1f469bcb61770a4e3f74", "best_bid": "0", "best_ask": "0.001"}], "timestamp": "1769384107965", "event_type": "price_change"}}
{"_local_timestamp": "2026-01-25T23:35:08.421429+00:00", "data": {"market": "0xfafedf6a8003be1c4abb47661608628276f0d8cce3b87f074230c690d2ae69aa", "price_changes": [{"asset_id": "114455683380102924057137737207666435143954157213080711087460619714345503526811", "price": "0.999", "size": "80119.1", "side": "BUY", "hash": "c74267a1e5bb33ad84ebaae0adbf2d4eb8e8f684", "best_bid": "0.999", "best_ask": "1"}, {"asset_id": "75710603208292609548902531698291849680477448992766676672864409445170889585660", "price": "0.001", "size": "80119.1", "side": "SELL", "hash": "a4966229edabed988967b8037c152124fb779feb", "best_bid": "0", "best_ask": "0.001"}], "timestamp": "1769384108351", "event_type": "price_change"}}
{"_local_timestamp": "2026-01-25T23:35:08.902630+00:00", "data": {"market": "0xfafedf6a8003be1c4abb47661608628276f0d8cce3b87f074230c690d2ae69aa", "price_changes": [{"asset_id": "114455683380102924057137737207666435143954157213080711087460619714345503526811", "price": "0.999", "size": "80155.1", "side": "BUY", "hash": "c6a7ebc1ac86eff182821791d7e6605aac1fb1a3", "best_bid": "0.999", "best_ask": "1"}, {"asset_id": "75710603208292609548902531698291849680477448992766676672864409445170889585660", "price": "0.001", "size": "80155.1", "side": "SELL", "hash": "7bfff488ad0ee622932be7e9f7b031f628aecd94", "best_bid": "0", "best_ask": "0.001"}], "timestamp": "1769384108812", "event_type": "price_change"}}
{"_local_timestamp": "2026-01-25T23:35:09.275035+00:00", "data": {"market": "0xfafedf6a8003be1c4abb47661608628276f0d8cce3b87f074230c690d2ae69aa", "price_changes": [{"asset_id": "114455683380102924057137737207666435143954157213080711087460619714345503526811", "price": "0.999", "size": "80190.1", "side": "BUY", "hash": "98d35903b1ff67f14f10779b051cd1d4c386badc", "best_bid": "0.999", "best_ask": "1"}, {"asset_id": "75710603208292609548902531698291849680477448992766676672864409445170889585660", "price": "0.001", "size": "80190.1", "side": "SELL", "hash": "dee2798654e42e4d54ba623c72c5cb54af668800", "best_bid": "0", "best_ask": "0.001"}], "timestamp": "1769384109188", "event_type": "price_change"}}
{"_local_timestamp": "2026-01-25T23:35:12.115667+00:00", "data": {"market": "0xfafedf6a8003be1c4abb47661608628276f0d8cce3b87f074230c690d2ae69aa", "price_changes": [{"asset_id": "114455683380102924057137737207666435143954157213080711087460619714345503526811", "price": "0.999", "size": "80814.1", "side": "BUY", "hash": "185831dc5a73ae46561757923e05bee442a29b8d", "best_bid": "0.999", "best_ask": "1"}, {"asset_id": "75710603208292609548902531698291849680477448992766676672864409445170889585660", "price": "0.001", "size": "80814.1", "side": "SELL", "hash": "cabc7b257b85371974cbdeff868d95ebdf64fbec", "best_bid": "0", "best_ask": "0.001"}], "timestamp": "1769384112036", "event_type": "price_change"}}
{"_local_timestamp": "2026-01-25T23:35:14.136160+00:00", "data": {"market": "0xfafedf6a8003be1c4abb47661608628276f0d8cce3b87f074230c690d2ae69aa", "price_changes": [{"asset_id": "114455683380102924057137737207666435143954157213080711087460619714345503526811", "price": "0.999", "size": "80969.1", "side": "BUY", "hash": "a12353d0136362d113c2cd28078182e2c7d9a412", "best_bid": "0.999", "best_ask": "1"}, {"asset_id": "75710603208292609548902531698291849680477448992766676672864409445170889585660", "price": "0.001", "size": "80969.1", "side": "SELL", "hash": "82eebd30aba4e6feb081d77eefb4f8975c1cfa05", "best_bid": "0", "best_ask": "0.001"}], "timestamp": "1769384114056", "event_type": "price_change"}}
{"_local_timestamp": "2026-01-25T23:35:14.577819+00:00", "data": {"market": "0xfafedf6a8003be1c4abb47661608628276f0d8cce3b87f074230c690d2ae69aa", "price_changes": [{"asset_id": "114455683380102924057137737207666435143954157213080711087460619714345503526811", "price": "0.999", "size": "81123.1", "side": "BUY", "hash": "558ee3a4e560a9a43c5b2c0b654bc99255c72cd1", "best_bid": "0.999", "best_ask": "1"}, {"asset_id": "75710603208292609548902531698291849680477448992766676672864409445170889585660", "price": "0.001", "size": "81123.1", "side": "SELL", "hash": "55b523d711bf27084f0eb11630aedb6d50b6998d", "best_bid": "0", "best_ask": "0.001"}], "timestamp": "1769384114489", "event_type": "price_change"}}
{"_local_timestamp": "2026-01-25T23:35:15.178065+00:00", "data": {"market": "0xfafedf6a8003be1c4abb47661608628276f0d8cce3b87f074230c690d2ae69aa", "price_changes": [{"asset_id": "114455683380102924057137737207666435143954157213080711087460619714345503526811", "price": "0.999", "size": "81276.1", "side": "BUY", "hash": "7eb12c194b184eea59d81c7ea9647335e392734c", "best_bid": "0.999", "best_ask": "1"}, {"asset_id": "75710603208292609548902531698291849680477448992766676672864409445170889585660", "price": "0.001", "size": "81276.1", "side": "SELL", "hash": "5433e9f7a4997820bda8509570b802571638ff63", "best_bid": "0", "best_ask": "0.001"}], "timestamp": "1769384115108", "event_type": "price_change"}}
{"_local_timestamp": "2026-01-25T23:35:17.911189+00:00", "data": {"market": "0xfafedf6a8003be1c4abb47661608628276f0d8cce3b87f074230c690d2ae69aa", "price_changes": [{"asset_id": "114455683380102924057137737207666435143954157213080711087460619714345503526811", "price": "0.999", "size": "81310.1", "side": "BUY", "hash": "a2256b3259e4c03d5d9aa6a32af0cf0b1255ea8b", "best_bid": "0.999", "best_ask": "1"}, {"asset_id": "75710603208292609548902531698291849680477448992766676672864409445170889585660", "price": "0.001", "size": "81310.1", "side": "SELL", "hash": "918844da1cfec5f6a9057cd24d68d0638f82d2b5", "best_bid": "0", "best_ask": "0.001"}], "timestamp": "1769384117836", "event_type": "price_change"}}
