{"_local_timestamp": "2026-01-25T23:41:16.448715+00:00", "data": [{"market": "0x370191454c9e6ab6f6fdec6e9bb36e22b62f98597b4d26b3f2066a9216d1a0b9", "asset_id": "23033865773708269986063606142537252122766149333986162227323266404520450046361", "timestamp": "1769384194432", "hash": "5c3c85dc5ed436e89f66fd2ae7e0f2ef6c7bee40", "bids": [{"price": "0.001", "size": "96.93"}, {"price": "0.002", "size": "7.49"}, {"price": "0.01", "size": "1380"}, {"price": "0.02", "size": "2150"}, {"price": "0.021", "size": "11.37"}, {"price": "0.06", "size": "1700"}, {"price": "0.08", "size": "400"}, {"price": "0.081", "size": "8.19"}, {"price": "0.15", "size": "700"}, {"price": "0.151", "size": "250"}, {"price": "0.359", "size": "300"}, {"price": "0.402", "size": "200"}, {"price": "0.424", "size": "125"}, {"price": "0.446", "size": "75"}, {"price": "0.522", "size": "24.9"}, {"price": "0.523", "size": "21.03"}, {"price": "0.96", "size": "925"}], "asks": [{"price": "0.999", "size": "13225.99"}, {"price": "0.998", "size": "74.13"}, {"price": "0.997", "size": "31.62"}, {"price": "0.992", "size": "300"}, {"price": "0.991", "size": "200"}, {"price": "0.99", "size": "385.92"}, {"price": "0.989", "size": "48"}, {"price": "0.988", "size": "29.14"}, {"price": "0.98", "size": "180"}], "event_type": "book", "last_trade_price": "0.960"}, {"market": "0x370191454c9e6ab6f6fdec6e9bb36e22b62f98597b4d26b3f2066a9216d1a0b9", "asset_id": "76107393388288381523541054624191858423000882657337608809255907182196385068171", "timestamp": "1769384194432", "hash": "a7163fa9857faf61c8a10d167a0f9cbe3198c39a", "bids": [{"price": "0.001", "size": "13225.99"}, {"price": "0.002", "size": "74.13"}, {"price": "0.003", "size": "31.62"}, {"price": "0.008", "size": "300"}, {"price": "0.009", "size": "200"}, {"price": "0.01", "size": "385.92"}, {"price": "0.011", "size": "48"}, {"price": "0.012", "size": "29.14"}, {"price": "0.02", "size": "180"}], "asks": [{"price": "0.999", "size": "96.93"}, {"price": "0.998", "size": "7.49"}, {"price": "0.99", "size": "1380"}, {"price": "0.98", "size": "2150"}, {"price": "0.979", "size": "11.37"}, {"price": "0.94", "size": "1700"}, {"price": "0.92", "size": "400"}, {"price": "0.919", "size": "8.19"}, {"price": "0.85", "size": "700"}, {"price": "0.849", "size": "250"}, {"price": "0.641", "size": "300"}, {"price": "0.598", "size": "200"}, {"price": "0.576", "size": "125"}, {"price": "0.554", "size": "75"}, {"price": "0.478", "size": "24.9"}, {"price": "0.477", "size": "21.03"}, {"price": "0.04", "size": "925"}], "event_type": "book", "last_trade_price": "0.960"}]}
{"_local_timestamp": "2026-01-25T23:43:08.139512+00:00", "data": {"market": "0x370191454c9e6ab6f6fdec6e9bb36e22b62f98597b4d26b3f2066a9216d1a0b9", "price_changes": [{"asset_id": "23033865773708269986063606142537252122766149333986162227323266404520450046361", "price": "0.02", "size": "2000", "side": "BUY", "hash": "2ec63a48d8885057861d1b6898ef111b40134d36", "best_bid": "0.96", "best_ask": "0.98"}, {"asset_id": "76107393388288381523541054624191858423000882657337608809255907182196385068171", "price": "0.98", "size": "2000", "side": "SELL", "hash": "eb1b407d85908004c4d42a8e239ec9eb3ab97649", "best_bid": "0.02", "best_ask": "0.04"}], "timestamp": "1769384588001", "event_type": "price_change"}}
{"_local_timestamp": "2026-01-25T23:43:08.186542+00:00", "data": {"market": "0x370191454c9e6ab6f6fdec6e9bb36e22b62f98597b4d26b3f2066a9216d1a0b9", "price_changes": [{"asset_id": "76107393388288381523541054624191858423000882657337608809255907182196385068171", "price": "0.02", "size": "30", "side": "BUY", "hash": "205c4d5ab33b34aa013d6c90a777a2f5ed019a40", "best_bid": "0.02", "best_ask": "0.04"}, {"asset_id": "23033865773708269986063606142537252122766149333986162227323266404520450046361", "price": "0.98", "size": "30", "side": "SELL", "hash": "55ae99205448f7d1380e4f53c2c695171debb31e", "best_bid": "0.96", "best_ask": "0.98"}], "timestamp": "1769384588003", "event_type": "price_change"}}
{"_local_timestamp": "2026-01-25T23:43:13.581921+00:00", "data": {"market": "0x370191454c9e6ab6f6fdec6e9bb36e22b62f98597b4d26b3f2066a9216d1a0b9", "price_changes": [{"asset_id": "76107393388288381523541054624191858423000882657337608809255907182196385068171", "price": "0.02", "size": "180", "side": "BUY", "hash": "09c79c4b01663774ed4692cf01b3c99b548bb8d7", "best_bid": "0.02", "best_ask": "0.04"}, {"asset_id": "23033865773708269986063606142537252122766149333986162227323266404520450046361", "price": "0.98", "size": "180", "side": "SELL", "hash": "af80d8a080f0a73658b6daf0fc0ac6ef10b23c68", "best_bid": "0.96", "best_ask": "0.98"}], "timestamp": "1769384593509", "event_type": "price_change"}}
{"_local_timestamp": "2026-01-25T23:43:13.601685+00:00", "data": {"market": "0x370191454c9e6ab6f6fdec6e9bb36e22b62f98597b4d26b3f2066a9216d1a0b9", "price_changes": [{"asset_id": "23033865773708269986063606142537252122766149333986162227323266404520450046361", "price": "0.02", "size": "2150", "side": "BUY", "hash": "718986979e1f7f413d6800cbbbe77f0b2428a9c3", "best_bid": "0.96", "best_ask": "0.98"}, {"asset_id": "76107393388288381523541054624191858423000882657337608809255907182196385068171", "price": "0.98", "size": "2150", "side": "SELL", "hash": "9a7a4a083af726ae1105de1e0c6c2784d979dbef", "best_bid": "0.02", "best_ask": "0.04"}], "timestamp": "1769384593510", "event_type": "price_change"}}
