{"_local_timestamp": "2026-01-25T23:33:55.057638+00:00", "data": [{"market": "0x889818d306dfdf2411bd4635f57d6e045ecc16cd5a7ed65e70d9d1aff15cb205", "asset_id": "88974018596292149808429781178652275726321690424741016969103219910461493638995", "timestamp": "1769383589404", "hash": "30252b650677abc7dce57ac01e7a064d112ef9f3", "bids": [{"price": "0.001", "size": "1000"}, {"price": "0.923", "size": "9.86"}, {"price": "0.924", "size": "18.41"}, {"price": "0.925", "size": "32"}], "asks": [], "event_type": "book", "last_trade_price": "0.075"}, {"market": "0x889818d306dfdf2411bd4635f57d6e045ecc16cd5a7ed65e70d9d1aff15cb205", "asset_id": "39897325357078737066187771434610669644965963106025070943483748059770650153056", "timestamp": "1769383589404", "hash": "e8ffa46a561690df509b824354cd90c782964460", "bids": [], "asks": [{"price": "0.999", "size": "1000"}, {"price": "0.077", "size": "9.86"}, {"price": "0.076", "size": "18.41"}, {"price": "0.075", "size": "32"}], "event_type": "book", "last_trade_price": "0.075"}]}
{"_local_timestamp": "2026-01-25T23:34:17.832853+00:00", "data": {"market": "0x889818d306dfdf2411bd4635f57d6e045ecc16cd5a7ed65e70d9d1aff15cb205", "price_changes": [{"asset_id": "88974018596292149808429781178652275726321690424741016969103219910461493638995", "price": "0.001", "size": "0", "side": "BUY", "hash": "a7a753ccacaa287ac8609e158c4799713115cc12", "best_bid": "0.925", "best_ask": "1"}, {"asset_id": "39897325357078737066187771434610669644965963106025070943483748059770650153056", "price": "0.999", "size": "0", "side": "SELL", "hash": "e6a4526eb539c56c7ea0aa51a3158a2db36ad9f3", "best_bid": "0", "best_ask": "0.075"}], "timestamp": "1769384057757", "event_type": "price_change"}}
{"_local_timestamp": "2026-01-25T23:34:37.972355+00:00", "data": {"market": "0x889818d306dfdf2411bd4635f57d6e045ecc16cd5a7ed65e70d9d1aff15cb205", "price_changes": [{"asset_id": "39897325357078737066187771434610669644965963106025070943483748059770650153056", "price": "0.077", "size": "0", "side": "SELL", "hash": "ba71129e3a8cb30f33596a8d11434bf8179b02d1", "best_bid": "0", "best_ask": "0.075"}, {"asset_id": "88974018596292149808429781178652275726321690424741016969103219910461493638995", "price": "0.923", "size": "0", "side": "BUY", "hash": "df057d6f1d885755bf53a0f08138c9796713a4b6", "best_bid": "0.925", "best_ask": "1"}], "timestamp": "1769384077900", "event_type": "price_change"}}
{"_local_timestamp": "2026-01-25T23:34:39.582094+00:00", "data": {"market": "0x889818d306dfdf2411bd4635f57d6e045ecc16cd5a7ed65e70d9d1aff15cb205", "price_changes": [{"asset_id": "39897325357078737066187771434610669644965963106025070943483748059770650153056", "price": "0.076", "size": "0", "side": "SELL", "hash": "4e703aa66d0cc3930693c1f66463a3a14f102357", "best_bid": "0", "best_ask": "0.075"}, {"asset_id": "88974018596292149808429781178652275726321690424741016969103219910461493638995", "price": "0.924", "size": "0", "side": "BUY", "hash": "5cc03f2a6d765373cb6628fbb6124f5b38dd673c", "best_bid": "0.925", "best_ask": "1"}], "timestamp": "1769384079514", "event_type": "price_change"}}
{"_local_timestamp": "2026-01-25T23:34:39.635064+00:00", "data": {"market": "0x889818d306dfdf2411bd4635f57d6e045ecc16cd5a7ed65e70d9d1aff15cb205", "price_changes": [{"asset_id": "39897325357078737066187771434610669644965963106025070943483748059770650153056", "price": "0.999", "size": "18.41", "side": "SELL", "hash": "cbfa734513c2a4c045c89e028543955ae7caa7cb", "best_bid": "0", "best_ask": "0.075"}, {"asset_id": "88974018596292149808429781178652275726321690424741016969103219910461493638995", "price": "0.001", "size": "18.41", "side": "BUY", "hash": "b90e892037f975fa4640836db0092d16c1a92ca8", "best_bid": "0.925", "best_ask": "1"}], "timestamp": "1769384079570", "event_type": "price_change"}}
{"_local_timestamp": "2026-01-25T23:34:40.526797+00:00", "data": {"market": "0x889818d306dfdf2411bd4635f57d6e045ecc16cd5a7ed65e70d9d1aff15cb205", "price_changes": [{"asset_id": "39897325357078737066187771434610669644965963106025070943483748059770650153056", "price": "0.074", "size": "9.86", "side": "SELL", "hash": "03481dde7226ea469949542250085b169e4132bf", "best_bid": "0", "best_ask": "0.074"}, {"asset_id": "88974018596292149808429781178652275726321690424741016969103219910461493638995", "price": "0.926", "size": "9.86", "side": "BUY", "hash": "35d388a361a4b812b82fdd2b80c22db9118a76c1", "best_bid": "0.926", "best_ask": "1"}], "timestamp": "1769384080330", "event_type": "price_change"}}
{"_local_timestamp": "2026-01-25T23:34:40.530846+00:00", "data": {"market": "0x889818d306dfdf2411bd4635f57d6e045ecc16cd5a7ed65e70d9d1aff15cb205", "price_changes": [{"asset_id": "39897325357078737066187771434610669644965963106025070943483748059770650153056", "price": "0.075", "size": "0", "side": "SELL", "hash": "5e0e34175a470b4cef1ab8998b84a9af85a60c3d", "best_bid": "0", "best_ask": "0.074"}, {"asset_id": "88974018596292149808429781178652275726321690424741016969103219910461493638995", "price": "0.925", "size": "0", "side": "BUY", "hash": "39aa3dec6384d7485723652514d0598b0498feb7", "best_bid": "0.926", "best_ask": "1"}], "timestamp": "1769384080337", "event_type": "price_change"}}
{"_local_timestamp": "2026-01-25T23:34:40.573772+00:00", "data": {"market": "0x889818d306dfdf2411bd4635f57d6e045ecc16cd5a7ed65e70d9d1aff15cb205", "price_changes": [{"asset_id": "39897325357078737066187771434610669644965963106025070943483748059770650153056", "price": "0.998", "size": "32", "side": "SELL", "hash": "4da2ab6927cf1769e4dfdf306a381635e302ab18", "best_bid": "0", "best_ask": "0.074"}, {"asset_id": "88974018596292149808429781178652275726321690424741016969103219910461493638995", "price": "0.002", "size": "32", "side": "BUY", "hash": "2802f37583d163484750b53179ac2f2222ad0ba8", "best_bid": "0.926", "best_ask": "1"}], "timestamp": "1769384080370", "event_type": "price_change"}}
{"_local_timestamp": "2026-01-25T23:34:41.001787+00:00", "data": {"market": "0x889818d306dfdf2411bd4635f57d6e045ecc16cd5a7ed65e70d9d1aff15cb205", "price_changes": [{"asset_id": "39897325357078737066187771434610669644965963106025070943483748059770650153056", "price": "0.999", "size": "0", "side": "SELL", "hash": "84b5eba08b3631457b28688e2b47ab300024bffa", "best_bid": "0", "best_ask": "0.074"}, {"asset_id": "88974018596292149808429781178652275726321690424741016969103219910461493638995", "price": "0.001", "size": "0", "side": "BUY", "hash": "387039a803402cdc1e221d94eba19a61ede36368", "best_bid": "0.926", "best_ask": "1"}], "timestamp": "1769384080926", "event_type": "price_change"}}
{"_local_timestamp": "2026-01-25T23:34:41.042151+00:00", "data": {"market": "0x889818d306dfdf2411bd4635f57d6e045ecc16cd5a7ed65e70d9d1aff15cb205", "price_changes": [{"asset_id": "39897325357078737066187771434610669644965963106025070943483748059770650153056", "price": "0.997", "size": "18.41", "side": "SELL", "hash": "1f37d2c401f2e0d4248e850a1f8dd648fad2dbcb", "best_bid": "0", "best_ask": "0.074"}, {"asset_id": "88974018596292149808429781178652275726321690424741016969103219910461493638995", "price": "0.003", "size": "18.41", "side": "BUY", "hash": "1d074224c8182ed2e4cc18f4c1afe30768d9db2f", "best_bid": "0.926", "best_ask": "1"}], "timestamp": "1769384080975", "event_type": "price_change"}}
{"_local_timestamp": "2026-01-25T23:34:41.664981+00:00", "data": {"market": "0x889818d306dfdf2411bd4635f57d6e045ecc16cd5a7ed65e70d9d1aff15cb205", "price_changes": [{"asset_id": "39897325357078737066187771434610669644965963106025070943483748059770650153056", "price": "0.998", "size": "0", "side": "SELL", "hash": "8f0487222e702847a8a643d6094debe4b5cfc3eb", "best_bid": "0", "best_ask": "0.074"}, {"asset_id": "88974018596292149808429781178652275726321690424741016969103219910461493638995", "price": "0.002", "size": "0", "side": "BUY", "hash": "7ac9deb3d7a36e599bcb014220c46f42e3839672", "best_bid": "0.926", "best_ask": "1"}], "timestamp": "1769384081599", "event_type": "price_change"}}
{"_local_timestamp": "2026-01-25T23:34:41.695178+00:00", "data": {"market": "0x889818d306dfdf2411bd4635f57d6e045ecc16cd5a7ed65e70d9d1aff15cb205", "price_changes": [{"asset_id": "39897325357078737066187771434610669644965963106025070943483748059770650153056", "price": "0.996", "size": "32", "side": "SELL", "hash": "3958c3bdb9105493f66f939072c863a07aee3538", "best_bid": "0", "best_ask": "0.074"}, {"asset_id": "88974018596292149808429781178652275726321690424741016969103219910461493638995", "price": "0.004", "size": "32", "side": "BUY", "hash": "7dc8d8ab8f41164cb5753f2c17a452ebb1a3dd1b", "best_bid": "0.926", "best_ask": "1"}], "timestamp": "1769384081631", "event_type": "price_change"}}
{"_local_timestamp": "2026-01-25T23:34:43.969880+00:00", "data": {"market": "0x889818d306dfdf2411bd4635f57d6e045ecc16cd5a7ed65e70d9d1aff15cb205", "price_changes": [{"asset_id": "39897325357078737066187771434610669644965963106025070943483748059770650153056", "price": "0.997", "size": "0", "side": "SELL", "hash": "7e52bf713f7de6a83ed48bedb180e638dfbc3a89", "best_bid": "0", "best_ask": "0.074"}, {"asset_id": "88974018596292149808429781178652275726321690424741016969103219910461493638995", "price": "0.003", "size": "0", "side": "BUY", "hash": "2b287d7cb9e7bf41a44d14ebb8837b1f56b6156b", "best_bid": "0.926", "best_ask": "1"}], "timestamp": "1769384083901", "event_type": "price_change"}}
{"_local_timestamp": "2026-01-25T23:34:44.021265+00:00", "data": {"market": "0x889818d306dfdf2411bd4635f57d6e045ecc16cd5a7ed65e70d9d1aff15cb205", "price_changes": [{"asset_id": "39897325357078737066187771434610669644965963106025070943483748059770650153056", "price": "0.995", "size": "18.41", "side": "SELL", "hash": "e97ef128d6438c358ca900877e90b9d4a6586655", "best_bid": "0", "best_ask": "0.074"}, {"asset_id": "88974018596292149808429781178652275726321690424741016969103219910461493638995", "price": "0.005", "size": "18.41", "side": "BUY", "hash": "1ad678b56c59e282ee0d6b2337252a6aba65620b", "best_bid": "0.926", "best_ask": "1"}], "timestamp": "1769384083957", "event_type": "price_change"}}
{"_local_timestamp": "2026-01-25T23:34:44.176466+00:00", "data": {"market": "0x889818d306dfdf2411bd4635f57d6e045ecc16cd5a7ed65e70d9d1aff15cb205", "price_changes": [{"asset_id": "39897325357078737066187771434610669644965963106025070943483748059770650153056", "price": "0.996", "size": "0", "side": "SELL", "hash": "9f93c804e6765354c86ad4b2fa7e589008cc9632", "best_bid": "0", "best_ask": "0.074"}, {"asset_id": "88974018596292149808429781178652275726321690424741016969103219910461493638995", "price": "0.004", "size": "0", "side": "BUY", "hash": "ac4662dcad9019848cad49ca2261d9e315349f14", "best_bid": "0.926", "best_ask": "1"}], "timestamp": "1769384084106", "event_type": "price_change"}}
{"_local_timestamp": "2026-01-25T23:34:44.201739+00:00", "data": {"market": "0x889818d306dfdf2411bd4635f57d6e045ecc16cd5a7ed65e70d9d1aff15cb205", "price_changes": [{"asset_id": "39897325357078737066187771434610669644965963106025070943483748059770650153056", "price": "0.994", "size": "32", "side": "SELL", "hash": "63b0a48afb82e92e5a645a3f5f1a49cc7612708c", "best_bid": "0", "best_ask": "0.074"}, {"asset_id": "88974018596292149808429781178652275726321690424741016969103219910461493638995", "price": "0.006", "size": "32", "side": "BUY", "hash": "5323923b36b8a8f25387a57fd9fac5654d1fb3dd", "best_bid": "0.926", "best_ask": "1"}], "timestamp": "1769384084139", "event_type": "price_change"}}
{"_local_timestamp": "2026-01-25T23:34:45.489563+00:00", "data": {"market": "0x889818d306dfdf2411bd4635f57d6e045ecc16cd5a7ed65e70d9d1aff15cb205", "price_changes": [{"asset_id": "39897325357078737066187771434610669644965963106025070943483748059770650153056", "price": "0.995", "size": "0", "side": "SELL", "hash": "4297211036d89929d1108f1fa312f438fda0a103", "best_bid": "0", "best_ask": "0.074"}, {"asset_id": "88974018596292149808429781178652275726321690424741016969103219910461493638995", "price": "0.005", "size": "0", "side": "BUY", "hash": "7a3926b81c0f334abd090e9606c91559023079db", "best_bid": "0.926", "best_ask": "1"}], "timestamp": "1769384085420", "event_type": "price_change"}}
{"_local_timestamp": "2026-01-25T23:34:45.553056+00:00", "data": {"market": "0x889818d306dfdf2411bd4635f57d6e045ecc16cd5a7ed65e70d9d1aff15cb205", "price_changes": [{"asset_id": "39897325357078737066187771434610669644965963106025070943483748059770650153056", "price": "0.993", "size": "18.41", "side": "SELL", "hash": "b85ee3ff484a3e227a80f523acc2df4f9ef7d373", "best_bid": "0", "best_ask": "0.074"}, {"asset_id": "88974018596292149808429781178652275726321690424741016969103219910461493638995", "price": "0.007", "size": "18.41", "side": "BUY", "hash": "da43750f92e03e76229e344ddb73b41d4c04a030", "best_bid": "0.926", "best_ask": "1"}], "timestamp": "1769384085484", "event_type": "price_change"}}
{"_local_timestamp": "2026-01-25T23:34:46.512732+00:00", "data": {"market": "0x889818d306dfdf2411bd4635f57d6e045ecc16cd5a7ed65e70d9d1aff15cb205", "price_changes": [{"asset_id": "39897325357078737066187771434610669644965963106025070943483748059770650153056", "price": "0.994", "size": "0", "side": "SELL", "hash": "0c101a4e57b6e0f50d874baaf16e64677846675d", "best_bid": "0", "best_ask": "0.074"}, {"asset_id": "88974018596292149808429781178652275726321690424741016969103219910461493638995", "price": "0.006", "size": "0", "side": "BUY", "hash": "55b1213240af3d8443b50708a351b0ffd4dd1ac7", "best_bid": "0.926", "best_ask": "1"}], "timestamp": "1769384086449", "event_type": "price_change"}}
{"_local_timestamp": "2026-01-25T23:34:46.570148+00:00", "data": {"market": "0x889818d306dfdf2411bd4635f57d6e045ecc16cd5a7ed65e70d9d1aff15cb205", "price_changes": [{"asset_id": "39897325357078737066187771434610669644965963106025070943483748059770650153056", "price": "0.992", "size": "32", "side": "SELL", "hash": "f27192be1599956560ba477915f8a68ec9d58f11", "best_bid": "0", "best_ask": "0.074"}, {"asset_id": "88974018596292149808429781178652275726321690424741016969103219910461493638995", "price": "0.008", "size": "32", "side": "BUY", "hash": "2fb76d7f1b8a64168c997149d788c8eed6c96d5e", "best_bid": "0.926", "best_ask": "1"}], "timestamp": "1769384086490", "event_type": "price_change"}}
{"_local_timestamp": "2026-01-25T23:34:46.885436+00:00", "data": {"market": "0x889818d306dfdf2411bd4635f57d6e045ecc16cd5a7ed65e70d9d1aff15cb205", "price_changes": [{"asset_id": "39897325357078737066187771434610669644965963106025070943483748059770650153056", "price": "0.993", "size": "0", "side": "SELL", "hash": "940d2c05bb753afeaafcbdf04da18d25d4a0ec5a", "best_bid": "0", "best_ask": "0.074"}, {"asset_id": "88974018596292149808429781178652275726321690424741016969103219910461493638995", "price": "0.007", "size": "0", "side": "BUY", "hash": "ba7ea8ae96cbe4213d139a0a51c9a45e32936831", "best_bid": "0.926", "best_ask": "1"}], "timestamp": "1769384086822", "event_type": "price_change"}}
{"_local_timestamp": "2026-01-25T23:34:46.945084+00:00", "data": {"market": "0x889818d306dfdf2411bd4635f57d6e045ecc16cd5a7ed65e70d9d1aff15cb205", "price_changes": [{"asset_id": "39897325357078737066187771434610669644965963106025070943483748059770650153056", "price": "0.991", "size": "18.41", "side": "SELL", "hash": "c345dde6b57770d77fe72708e112e6a9110c1ce7", "best_bid": "0", "best_ask": "0.074"}, {"asset_id": "88974018596292149808429781178652275726321690424741016969103219910461493638995", "price": "0.009", "size": "18.41", "side": "BUY", "hash": "05d364c13b6730c4c6a098d89b9e2989c5f16ac5", "best_bid": "0.926", "best_ask": "1"}], "timestamp": "1769384086879", "event_type": "price_change"}}
{"_local_timestamp": "2026-01-25T23:34:47.804654+00:00", "data": {"market": "0x889818d306dfdf2411bd4635f57d6e045ecc16cd5a7ed65e70d9d1aff15cb205", "price_changes": [{"asset_id": "39897325357078737066187771434610669644965963106025070943483748059770650153056", "price": "0.992", "size": "0", "side": "SELL", "hash": "7e03e5536ac219db68bb1c7a5fa5bed6647c9275", "best_bid": "0", "best_ask": "0.074"}, {"asset_id": "88974018596292149808429781178652275726321690424741016969103219910461493638995", "price": "0.008", "size": "0", "side": "BUY", "hash": "f540234c14d924a597eb9d432f801511841fd0f0", "best_bid": "0.926", "best_ask": "1"}], "timestamp": "1769384087741", "event_type": "price_change"}}
{"_local_timestamp": "2026-01-25T23:34:47.849036+00:00", "data": {"market": "0x889818d306dfdf2411bd4635f57d6e045ecc16cd5a7ed65e70d9d1aff15cb205", "price_changes": [{"asset_id": "39897325357078737066187771434610669644965963106025070943483748059770650153056", "price": "0.99", "size": "32", "side": "SELL", "hash": "98af48271e4aeea5315150269bae5741634c2b82", "best_bid": "0", "best_ask": "0.074"}, {"asset_id": "88974018596292149808429781178652275726321690424741016969103219910461493638995", "price": "0.01", "size": "32", "side": "BUY", "hash": "6e975e2498248f283ee450a10ba3fe3f3324d0f5", "best_bid": "0.926", "best_ask": "1"}], "timestamp": "1769384087784", "event_type": "price_change"}}
{"_local_timestamp": "2026-01-25T23:34:48.305752+00:00", "data": {"market": "0x889818d306dfdf2411bd4635f57d6e045ecc16cd5a7ed65e70d9d1aff15cb205", "price_changes": [{"asset_id": "39897325357078737066187771434610669644965963106025070943483748059770650153056", "price": "0.991", "size": "0", "side": "SELL", "hash": "8f13364f21bb3d9ce98be8855f5cd0db5b9a3110", "best_bid": "0", "best_ask": "0.074"}, {"asset_id": "88974018596292149808429781178652275726321690424741016969103219910461493638995", "price": "0.009", "size": "0", "side": "BUY", "hash": "08ec98a2fed7180ba655909e370016bec7e06e14", "best_bid": "0.926", "best_ask": "1"}], "timestamp": "1769384088243", "event_type": "price_change"}}
{"_local_timestamp": "2026-01-25T23:34:48.363479+00:00", "data": {"market": "0x889818d306dfdf2411bd4635f57d6e045ecc16cd5a7ed65e70d9d1aff15cb205", "price_changes": [{"asset_id": "39897325357078737066187771434610669644965963106025070943483748059770650153056", "price": "0.989", "size": "18.41", "side": "SELL", "hash": "6bd6946ae0c885d36c13886bd4d85351613b4afd", "best_bid": "0", "best_ask": "0.074"}, {"asset_id": "88974018596292149808429781178652275726321690424741016969103219910461493638995", "price": "0.011", "size": "18.41", "side": "BUY", "hash": "cff9df4e2a91cfffd50816ba6555ac7655da59d3", "best_bid": "0.926", "best_ask": "1"}], "timestamp": "1769384088293", "event_type": "price_change"}}
{"_local_timestamp": "2026-01-25T23:34:48.928694+00:00", "data": {"market": "0x889818d306dfdf2411bd4635f57d6e045ecc16cd5a7ed65e70d9d1aff15cb205", "price_changes": [{"asset_id": "88974018596292149808429781178652275726321690424741016969103219910461493638995", "price": "0.009", "size": "28.44", "side": "BUY", "hash": "abd09c590b51581d167cae393cc3e3d935f2dca7", "best_bid": "0.926", "best_ask": "1"}, {"asset_id": "39897325357078737066187771434610669644965963106025070943483748059770650153056", "price": "0.991", "size": "28.44", "side": "SELL", "hash": "05f1cdf6cfe68edfb6297ab2f6c7fbd691b761e1", "best_bid": "0", "best_ask": "0.074"}], "timestamp": "1769384088864", "event_type": "price_change"}}
{"_local_timestamp": "2026-01-25T23:34:48.932757+00:00", "data": {"market": "0x889818d306dfdf2411bd4635f57d6e045ecc16cd5a7ed65e70d9d1aff15cb205", "price_changes": [{"asset_id": "88974018596292149808429781178652275726321690424741016969103219910461493638995", "price": "0.001", "size": "578.31", "side": "BUY", "hash": "1a41c854c0321d64e24b3b432517d21ba41a2389", "best_bid": "0.926", "best_ask": "1"}, {"asset_id": "39897325357078737066187771434610669644965963106025070943483748059770650153056", "price": "0.999", "size": "578.31", "side": "SELL", "hash": "bb492751138f7b5cb2c51cf945905d599039dd61", "best_bid": "0", "best_ask": "0.074"}], "timestamp": "1769384088867", "event_type": "price_change"}}
{"_local_timestamp": "2026-01-25T23:34:48.933089+00:00", "data": {"market": "0x889818d306dfdf2411bd4635f57d6e045ecc16cd5a7ed65e70d9d1aff15cb205", "price_changes": [{"asset_id": "88974018596292149808429781178652275726321690424741016969103219910461493638995", "price": "0.01", "size": "48.56", "side": "BUY", "hash": "8b8873bd5006f1a1d6cec20410d62c4c2b94f8d5", "best_bid": "0.926", "best_ask": "1"}, {"asset_id": "39897325357078737066187771434610669644965963106025070943483748059770650153056", "price": "0.99", "size": "48.56", "side": "SELL", "hash": "29ea8fd0748de592835251927b4e5ab95a1d276b", "best_bid": "0", "best_ask": "0.074"}], "timestamp": "1769384088871", "event_type": "price_change"}}
{"_local_timestamp": "2026-01-25T23:34:48.975073+00:00", "data": {"market": "0x889818d306dfdf2411bd4635f57d6e045ecc16cd5a7ed65e70d9d1aff15cb205", "price_changes": [{"asset_id": "39897325357078737066187771434610669644965963106025070943483748059770650153056", "price": "0.99", "size": "16.56", "side": "SELL", "hash": "0724e3e8d3b03e3ba5d406f8859e7fd004a6aab3", "best_bid": "0", "best_ask": "0.074"}, {"asset_id": "88974018596292149808429781178652275726321690424741016969103219910461493638995", "price": "0.01", "size": "16.56", "side": "BUY", "hash": "61718e8386c4d9376bd3289e6ae13405450bb0f6", "best_bid": "0.926", "best_ask": "1"}], "timestamp": "1769384088905", "event_type": "price_change"}}
{"_local_timestamp": "2026-01-25T23:34:49.009779+00:00", "data": {"market": "0x889818d306dfdf2411bd4635f57d6e045ecc16cd5a7ed65e70d9d1aff15cb205", "price_changes": [{"asset_id": "39897325357078737066187771434610669644965963106025070943483748059770650153056", "price": "0.988", "size": "32", "side": "SELL", "hash": "9f9765d1d8c7f512c34e5838193e2c2d4a14421f", "best_bid": "0", "best_ask": "0.074"}, {"asset_id": "88974018596292149808429781178652275726321690424741016969103219910461493638995", "price": "0.012", "size": "32", "side": "BUY", "hash": "2d8f72ac1fee89eb6b14b6fbc7ce7f8c0fafc83c", "best_bid": "0.926", "best_ask": "1"}], "timestamp": "1769384088943", "event_type": "price_change"}}
{"_local_timestamp": "2026-01-25T23:34:49.704602+00:00", "data": {"market": "0x889818d306dfdf2411bd4635f57d6e045ecc16cd5a7ed65e70d9d1aff15cb205", "price_changes": [{"asset_id": "39897325357078737066187771434610669644965963106025070943483748059770650153056", "price": "0.989", "size": "0", "side": "SELL", "hash": "1a484b64e0568c6c58e7bef2adb5eeabdbd727fe", "best_bid": "0", "best_ask": "0.074"}, {"asset_id": "88974018596292149808429781178652275726321690424741016969103219910461493638995", "price": "0.011", "size": "0", "side": "BUY", "hash": "df75b03255177348384b842714597d4a0c2fc405", "best_bid": "0.926", "best_ask": "1"}], "timestamp": "1769384089641", "event_type": "price_change"}}
{"_local_timestamp": "2026-01-25T23:34:49.767691+00:00", "data": {"market": "0x889818d306dfdf2411bd4635f57d6e045ecc16cd5a7ed65e70d9d1aff15cb205", "price_changes": [{"asset_id": "39897325357078737066187771434610669644965963106025070943483748059770650153056", "price": "0.987", "size": "18.41", "side": "SELL", "hash": "0e3282c79bf9e64e83088f7be19d443fac6b6f6a", "best_bid": "0", "best_ask": "0.074"}, {"asset_id": "88974018596292149808429781178652275726321690424741016969103219910461493638995", "price": "0.013", "size": "18.41", "side": "BUY", "hash": "af81560569031434ed7c912d7dc98d30441d5545", "best_bid": "0.926", "best_ask": "1"}], "timestamp": "1769384089697", "event_type": "price_change"}}
{"_local_timestamp": "2026-01-25T23:34:50.266248+00:00", "data": {"market": "0x889818d306dfdf2411bd4635f57d6e045ecc16cd5a7ed65e70d9d1aff15cb205", "price_changes": [{"asset_id": "39897325357078737066187771434610669644965963106025070943483748059770650153056", "price": "0.988", "size": "0", "side": "SELL", "hash": "f977d4ea3a5d48963b8d4f1e2096eeac9fca9a7b", "best_bid": "0", "best_ask": "0.074"}, {"asset_id": "88974018596292149808429781178652275726321690424741016969103219910461493638995", "price": "0.012", "size": "0", "side": "BUY", "hash": "6b75b97362de968b5afc4337e8215c63351ba4c9", "best_bid": "0.926", "best_ask": "1"}], "timestamp": "1769384090200", "event_type": "price_change"}}
{"_local_timestamp": "2026-01-25T23:34:50.294539+00:00", "data": {"market": "0x889818d306dfdf2411bd4635f57d6e045ecc16cd5a7ed65e70d9d1aff15cb205", "price_changes": [{"asset_id": "39897325357078737066187771434610669644965963106025070943483748059770650153056", "price": "0.986", "size": "32", "side": "SELL", "hash": "8033c25f59ecb0936cf8151a8db312b940e51f60", "best_bid": "0", "best_ask": "0.074"}, {"asset_id": "88974018596292149808429781178652275726321690424741016969103219910461493638995", "price": "0.014", "size": "32", "side": "BUY", "hash": "b71533d2023e9eb32cd32aaf61c0edcc864e9478", "best_bid": "0.926", "best_ask": "1"}], "timestamp": "1769384090231", "event_type": "price_change"}}
{"_local_timestamp": "2026-01-25T23:34:51.083142+00:00", "data": {"market": "0x889818d306dfdf2411bd4635f57d6e045ecc16cd5a7ed65e70d9d1aff15cb205", "price_changes": [{"asset_id": "39897325357078737066187771434610669644965963106025070943483748059770650153056", "price": "0.987", "size": "0", "side": "SELL", "hash": "85fde27f0e1b01584bc11b85a73e08ac2389cf29", "best_bid": "0", "best_ask": "0.074"}, {"asset_id": "88974018596292149808429781178652275726321690424741016969103219910461493638995", "price": "0.013", "size": "0", "side": "BUY", "hash": "8176eb31abf9f58ced8402a56658a99d867e98f9", "best_bid": "0.926", "best_ask": "1"}], "timestamp": "1769384091007", "event_type": "price_change"}}
{"_local_timestamp": "2026-01-25T23:34:51.129277+00:00", "data": {"market": "0x889818d306dfdf2411bd4635f57d6e045ecc16cd5a7ed65e70d9d1aff15cb205", "price_changes": [{"asset_id": "39897325357078737066187771434610669644965963106025070943483748059770650153056", "price": "0.985", "size": "18.41", "side": "SELL", "hash": "486e6f023540c4c8110596e4a052cd90c20b736a", "best_bid": "0", "best_ask": "0.074"}, {"asset_id": "88974018596292149808429781178652275726321690424741016969103219910461493638995", "price": "0.015", "size": "18.41", "side": "BUY", "hash": "6cb7967571ead01da3f6478ec90fb521389cc9a2", "best_bid": "0.926", "best_ask": "1"}], "timestamp": "1769384091059", "event_type": "price_change"}}
{"_local_timestamp": "2026-01-25T23:34:51.432789+00:00", "data": {"market": "0x889818d306dfdf2411bd4635f57d6e045ecc16cd5a7ed65e70d9d1aff15cb205", "price_changes": [{"asset_id": "39897325357078737066187771434610669644965963106025070943483748059770650153056", "price": "0.986", "size": "0", "side": "SELL", "hash": "07611855c98a0105b4c8d8380ae474f4453eebc6", "best_bid": "0", "best_ask": "0.074"}, {"asset_id": "88974018596292149808429781178652275726321690424741016969103219910461493638995", "price": "0.014", "size": "0", "side": "BUY", "hash": "c55465be88b0135075815f5bc80974d6a758c062", "best_bid": "0.926", "best_ask": "1"}], "timestamp": "1769384091368", "event_type": "price_change"}}
{"_local_timestamp": "2026-01-25T23:34:51.464760+00:00", "data": {"market": "0x889818d306dfdf2411bd4635f57d6e045ecc16cd5a7ed65e70d9d1aff15cb205", "price_changes": [{"asset_id": "39897325357078737066187771434610669644965963106025070943483748059770650153056", "price": "0.984", "size": "32", "side": "SELL", "hash": "d0a75f83cf48a50a82779c8a3b76d6726707e998", "best_bid": "0", "best_ask": "0.074"}, {"asset_id": "88974018596292149808429781178652275726321690424741016969103219910461493638995", "price": "0.016", "size": "32", "side": "BUY", "hash": "ff198a249cdb283781be5f39dc1f5e14120595e4", "best_bid": "0.926", "best_ask": "1"}], "timestamp": "1769384091402", "event_type": "price_change"}}
{"_local_timestamp": "2026-01-25T23:34:52.580496+00:00", "data": {"market": "0x889818d306dfdf2411bd4635f57d6e045ecc16cd5a7ed65e70d9d1aff15cb205", "price_changes": [{"asset_id": "39897325357078737066187771434610669644965963106025070943483748059770650153056", "price": "0.985", "size": "0", "side": "SELL", "hash": "738af291be0af7110b89612abd894c486cbf1397", "best_bid": "0", "best_ask": "0.074"}, {"asset_id": "88974018596292149808429781178652275726321690424741016969103219910461493638995", "price": "0.015", "size": "0", "side": "BUY", "hash": "a0f3b77604d25e157f007272658c11e2f35c17c3", "best_bid": "0.926", "best_ask": "1"}], "timestamp": "1769384092516", "event_type": "price_change"}}
{"_local_timestamp": "2026-01-25T23:34:52.630928+00:00", "data": {"market": "0x889818d306dfdf2411bd4635f57d6e045ecc16cd5a7ed65e70d9d1aff15cb205", "price_changes": [{"asset_id": "39897325357078737066187771434610669644965963106025070943483748059770650153056", "price": "0.983", "size": "18.41", "side": "SELL", "hash": "2ca5c5e2db6e071d123939ccc344037019aea903", "best_bid": "0", "best_ask": "0.074"}, {"asset_id": "88974018596292149808429781178652275726321690424741016969103219910461493638995", "price": "0.017", "size": "18.41", "side": "BUY", "hash": "7926f81d884c84429a03bc7957e389e8e62b94ab", "best_bid": "0.926", "best_ask": "1"}], "timestamp": "1769384092563", "event_type": "price_change"}}
{"_local_timestamp": "2026-01-25T23:34:52.756906+00:00", "data": {"market": "0x889818d306dfdf2411bd4635f57d6e045ecc16cd5a7ed65e70d9d1aff15cb205", "price_changes": [{"asset_id": "39897325357078737066187771434610669644965963106025070943483748059770650153056", "price": "0.984", "size": "0", "side": "SELL", "hash": "616dfacb6854a4915adcf00e6dadbf74ba2532e5", "best_bid": "0", "best_ask": "0.074"}, {"asset_id": "88974018596292149808429781178652275726321690424741016969103219910461493638995", "price": "0.016", "size": "0", "side": "BUY", "hash": "0fc003d5b64b74d7650486acfcf19f8769fcf5d6", "best_bid": "0.926", "best_ask": "1"}], "timestamp": "1769384092689", "event_type": "price_change"}}
{"_local_timestamp": "2026-01-25T23:34:52.794497+00:00", "data": {"market": "0x889818d306dfdf2411bd4635f57d6e045ecc16cd5a7ed65e70d9d1aff15cb205", "price_changes": [{"asset_id": "39897325357078737066187771434610669644965963106025070943483748059770650153056", "price": "0.982", "size": "32", "side": "SELL", "hash": "2f1344f1ab7a3de98d3f39756033152392210d2f", "best_bid": "0", "best_ask": "0.074"}, {"asset_id": "88974018596292149808429781178652275726321690424741016969103219910461493638995", "price": "0.018", "size": "32", "side": "BUY", "hash": "8baccea4dea0aa529564125c109b94ead675da2f", "best_bid": "0.926", "best_ask": "1"}], "timestamp": "1769384092727", "event_type": "price_change"}}
{"_local_timestamp": "2026-01-25T23:34:53.913237+00:00", "data": {"market": "0x889818d306dfdf2411bd4635f57d6e045ecc16cd5a7ed65e70d9d1aff15cb205", "price_changes": [{"asset_id": "39897325357078737066187771434610669644965963106025070943483748059770650153056", "price": "0.983", "size": "0", "side": "SELL", "hash": "c4d3bebc57fd5dfc48b08667665ed4c9f18ec421", "best_bid": "0", "best_ask": "0.074"}, {"asset_id": "88974018596292149808429781178652275726321690424741016969103219910461493638995", "price": "0.017", "size": "0", "side": "BUY", "hash": "20a5ab2a53b0dc2c1178da7b76f16d60836c2a59", "best_bid": "0.926", "best_ask": "1"}], "timestamp": "1769384093847", "event_type": "price_change"}}
{"_local_timestamp": "2026-01-25T23:34:53.969086+00:00", "data": {"market": "0x889818d306dfdf2411bd4635f57d6e045ecc16cd5a7ed65e70d9d1aff15cb205", "price_changes": [{"asset_id": "39897325357078737066187771434610669644965963106025070943483748059770650153056", "price": "0.981", "size": "18.41", "side": "SELL", "hash": "f2561da25e46004a844df01cd1a5dac3382d40c6", "best_bid": "0", "best_ask": "0.074"}, {"asset_id": "88974018596292149808429781178652275726321690424741016969103219910461493638995", "price": "0.019", "size": "18.41", "side": "BUY", "hash": "95cf42dca7af10cfaf8710403a6dc9f07df708a0", "best_bid": "0.926", "best_ask": "1"}], "timestamp": "1769384093901", "event_type": "price_change"}}
{"_local_timestamp": "2026-01-25T23:34:55.218263+00:00", "data": {"market": "0x889818d306dfdf2411bd4635f57d6e045ecc16cd5a7ed65e70d9d1aff15cb205", "price_changes": [{"asset_id": "39897325357078737066187771434610669644965963106025070943483748059770650153056", "price": "0.982", "size": "0", "side": "SELL", "hash": "f737a29fa5ecdfe570899f617f21284fc649a5a9", "best_bid": "0", "best_ask": "0.074"}, {"asset_id": "88974018596292149808429781178652275726321690424741016969103219910461493638995", "price": "0.018", "size": "0", "side": "BUY", "hash": "e84285960463f8ca0fc45f3df0b5ce3948ce7f05", "best_bid": "0.926", "best_ask": "1"}], "timestamp": "1769384095152", "event_type": "price_change"}}
{"_local_timestamp": "2026-01-25T23:34:55.298691+00:00", "data": {"market": "0x889818d306dfdf2411bd4635f57d6e045ecc16cd5a7ed65e70d9d1aff15cb205", "price_changes": [{"asset_id": "39897325357078737066187771434610669644965963106025070943483748059770650153056", "price": "0.98", "size": "32", "side": "SELL", "hash": "1820d704d0cacfe4818376bab8e320ebdf398ce9", "best_bid": "0", "best_ask": "0.074"}, {"asset_id": "88974018596292149808429781178652275726321690424741016969103219910461493638995", "price": "0.02", "size": "32", "side": "BUY", "hash": "654b72f9f32ef3e01b5591515edd6e2373725d33", "best_bid": "0.926", "best_ask": "1"}], "timestamp": "1769384095213", "event_type": "price_change"}}
{"_local_timestamp": "2026-01-25T23:34:55.432745+00:00", "data": {"market": "0x889818d306dfdf2411bd4635f57d6e045ecc16cd5a7ed65e70d9d1aff15cb205", "price_changes": [{"asset_id": "39897325357078737066187771434610669644965963106025070943483748059770650153056", "price": "0.981", "size": "0", "side": "SELL", "hash": "273952d1a9ff9368cd7ca03393451298b331405e", "best_bid": "0", "best_ask": "0.074"}, {"asset_id": "88974018596292149808429781178652275726321690424741016969103219910461493638995", "price": "0.019", "size": "0", "side": "BUY", "hash": "21da42e048175874641fcda662af1a7d960b26ea", "best_bid": "0.926", "best_ask": "1"}], "timestamp": "1769384095340", "event_type": "price_change"}}
{"_local_timestamp": "2026-01-25T23:34:55.472735+00:00", "data": {"market": "0x889818d306dfdf2411bd4635f57d6e045ecc16cd5a7ed65e70d9d1aff15cb205", "price_changes": [{"asset_id": "39897325357078737066187771434610669644965963106025070943483748059770650153056", "price": "0.989", "size": "18.41", "side": "SELL", "hash": "1dcd4d9facf18f61612fb1f174fde656c5798449", "best_bid": "0", "best_ask": "0.074"}, {"asset_id": "88974018596292149808429781178652275726321690424741016969103219910461493638995", "price": "0.011", "size": "18.41", "side": "BUY", "hash": "b92ac932dfd7dd619810a85c9de7d52b428a6d31", "best_bid": "0.926", "best_ask": "1"}], "timestamp": "1769384095402", "event_type": "price_change"}}
{"_local_timestamp": "2026-01-25T23:34:56.419373+00:00", "data": {"market": "0x889818d306dfdf2411bd4635f57d6e045ecc16cd5a7ed65e70d9d1aff15cb205", "price_changes": [{"asset_id": "39897325357078737066187771434610669644965963106025070943483748059770650153056", "price": "0.98", "size": "0", "side": "SELL", "hash": "8e52ddc73a6929b2d285778f7e99bd265147435e", "best_bid": "0", "best_ask": "0.074"}, {"asset_id": "88974018596292149808429781178652275726321690424741016969103219910461493638995", "price": "0.02", "size": "0", "side": "BUY", "hash": "601d9f5052887231d685d3b02c69c47ed192d3a4", "best_bid": "0.926", "best_ask": "1"}], "timestamp": "1769384096353", "event_type": "price_change"}}
{"_local_timestamp": "2026-01-25T23:34:56.458392+00:00", "data": {"market": "0x889818d306dfdf2411bd4635f57d6e045ecc16cd5a7ed65e70d9d1aff15cb205", "price_changes": [{"asset_id": "39897325357078737066187771434610669644965963106025070943483748059770650153056", "price": "0.988", "size": "32", "side": "SELL", "hash": "5810d36de92193a87840b4f90694f3e4d7b8d2c7", "best_bid": "0", "best_ask": "0.074"}, {"asset_id": "88974018596292149808429781178652275726321690424741016969103219910461493638995", "price": "0.012", "size": "32", "side": "BUY", "hash": "0d43a1207adf697fbc29dbf55d6def4e07af4af5", "best_bid": "0.926", "best_ask": "1"}], "timestamp": "1769384096389", "event_type": "price_change"}}
{"_local_timestamp": "2026-01-25T23:34:56.761260+00:00", "data": {"market": "0x889818d306dfdf2411bd4635f57d6e045ecc16cd5a7ed65e70d9d1aff15cb205", "price_changes": [{"asset_id": "39897325357078737066187771434610669644965963106025070943483748059770650153056", "price": "0.989", "size": "0", "side": "SELL", "hash": "ec22fcff16db9a141c26bac7144d3bb9d71359d1", "best_bid": "0", "best_ask": "0.074"}, {"asset_id": "88974018596292149808429781178652275726321690424741016969103219910461493638995", "price": "0.011", "size": "0", "side": "BUY", "hash": "2555471e055544695c975e45492fe129f26cdbe8", "best_bid": "0.926", "best_ask": "1"}], "timestamp": "1769384096693", "event_type": "price_change"}}
{"_local_timestamp": "2026-01-25T23:34:56.797235+00:00", "data": {"market": "0x889818d306dfdf2411bd4635f57d6e045ecc16cd5a7ed65e70d9d1aff15cb205", "price_changes": [{"asset_id": "39897325357078737066187771434610669644965963106025070943483748059770650153056", "price": "0.987", "size": "18.41", "side": "SELL", "hash": "6d9885193a2b0a337455477eb9f65ed83a0ed5d5", "best_bid": "0", "best_ask": "0.074"}, {"asset_id": "88974018596292149808429781178652275726321690424741016969103219910461493638995", "price": "0.013", "size": "18.41", "side": "BUY", "hash": "12a8bb82d4b2662773b8e17b3ccbe3291f3f925e", "best_bid": "0.926", "best_ask": "1"}], "timestamp": "1769384096734", "event_type": "price_change"}}
{"_local_timestamp": "2026-01-25T23:34:57.690712+00:00", "data": {"market": "0x889818d306dfdf2411bd4635f57d6e045ecc16cd5a7ed65e70d9d1aff15cb205", "price_changes": [{"asset_id": "39897325357078737066187771434610669644965963106025070943483748059770650153056", "price": "0.988", "size": "0", "side": "SELL", "hash": "0b6578fd2e4372c9e92961472cfa15344e808b23", "best_bid": "0", "best_ask": "0.074"}, {"asset_id": "88974018596292149808429781178652275726321690424741016969103219910461493638995", "price": "0.012", "size": "0", "side": "BUY", "hash": "906742964232b50e959c89e260392c88f79fda66", "best_bid": "0.926", "best_ask": "1"}], "timestamp": "1769384097621", "event_type": "price_change"}}
{"_local_timestamp": "2026-01-25T23:34:57.721262+00:00", "data": {"market": "0x889818d306dfdf2411bd4635f57d6e045ecc16cd5a7ed65e70d9d1aff15cb205", "price_changes": [{"asset_id": "39897325357078737066187771434610669644965963106025070943483748059770650153056", "price": "0.986", "size": "32", "side": "SELL", "hash": "c5f33fddd22c6929c0c0c477bf91b24bf87ada2e", "best_bid": "0", "best_ask": "0.074"}, {"asset_id": "88974018596292149808429781178652275726321690424741016969103219910461493638995", "price": "0.014", "size": "32", "side": "BUY", "hash": "2c95c096cad8562d415afb78b860b2a1740e7dbf", "best_bid": "0.926", "best_ask": "1"}], "timestamp": "1769384097648", "event_type": "price_change"}}
{"_local_timestamp": "2026-01-25T23:34:58.168698+00:00", "data": {"market": "0x889818d306dfdf2411bd4635f57d6e045ecc16cd5a7ed65e70d9d1aff15cb205", "price_changes": [{"asset_id": "39897325357078737066187771434610669644965963106025070943483748059770650153056", "price": "0.987", "size": "0", "side": "SELL", "hash": "429d3420efc2fad8a69a5831370b98d92a8a1278", "best_bid": "0", "best_ask": "0.074"}, {"asset_id": "88974018596292149808429781178652275726321690424741016969103219910461493638995", "price": "0.013", "size": "0", "side": "BUY", "hash": "53c332a8ad818de92717e29dbb04e07de6dc32c3", "best_bid": "0.926", "best_ask": "1"}], "timestamp": "1769384098104", "event_type": "price_change"}}
{"_local_timestamp": "2026-01-25T23:34:58.217223+00:00", "data": {"market": "0x889818d306dfdf2411bd4635f57d6e045ecc16cd5a7ed65e70d9d1aff15cb205", "price_changes": [{"asset_id": "39897325357078737066187771434610669644965963106025070943483748059770650153056", "price": "0.985", "size": "18.41", "side": "SELL", "hash": "e9a57dd4b794c53d4408fc8f5898bf6388f7d2c4", "best_bid": "0", "best_ask": "0.074"}, {"asset_id": "88974018596292149808429781178652275726321690424741016969103219910461493638995", "price": "0.015", "size": "18.41", "side": "BUY", "hash": "b857a23cbcdb3674701961d77b4ad840321888e8", "best_bid": "0.926", "best_ask": "1"}], "timestamp": "1769384098152", "event_type": "price_change"}}
{"_local_timestamp": "2026-01-25T23:34:58.828581+00:00", "data": {"market": "0x889818d306dfdf2411bd4635f57d6e045ecc16cd5a7ed65e70d9d1aff15cb205", "price_changes": [{"asset_id": "39897325357078737066187771434610669644965963106025070943483748059770650153056", "price": "0.986", "size": "0", "side": "SELL", "hash": "595bd55a3bea22c14e4fcdea92a23477e7c77338", "best_bid": "0", "best_ask": "0.074"}, {"asset_id": "88974018596292149808429781178652275726321690424741016969103219910461493638995", "price": "0.014", "size": "0", "side": "BUY", "hash": "37e84e5e7189901b056e304c46ad719df4dbb91c", "best_bid": "0.926", "best_ask": "1"}], "timestamp": "1769384098763", "event_type": "price_change"}}
{"_local_timestamp": "2026-01-25T23:34:58.874212+00:00", "data": {"market": "0x889818d306dfdf2411bd4635f57d6e045ecc16cd5a7ed65e70d9d1aff15cb205", "price_changes": [{"asset_id": "39897325357078737066187771434610669644965963106025070943483748059770650153056", "price": "0.984", "size": "32", "side": "SELL", "hash": "fa70c32f09d4c9f3337dceaccb00763ba259fa88", "best_bid": "0", "best_ask": "0.074"}, {"asset_id": "88974018596292149808429781178652275726321690424741016969103219910461493638995", "price": "0.016", "size": "32", "side": "BUY", "hash": "f875c942d5077689030b44ca64a035adaf35f12c", "best_bid": "0.926", "best_ask": "1"}], "timestamp": "1769384098807", "event_type": "price_change"}}
{"_local_timestamp": "2026-01-25T23:34:59.480635+00:00", "data": {"market": "0x889818d306dfdf2411bd4635f57d6e045ecc16cd5a7ed65e70d9d1aff15cb205", "price_changes": [{"asset_id": "39897325357078737066187771434610669644965963106025070943483748059770650153056", "price": "0.985", "size": "0", "side": "SELL", "hash": "febb1c2861459cf4131aed58ff3ecea5b15fc812", "best_bid": "0", "best_ask": "0.074"}, {"asset_id": "88974018596292149808429781178652275726321690424741016969103219910461493638995", "price": "0.015", "size": "0", "side": "BUY", "hash": "9a412696cc0f93744226bc9c2089c9598fbb2d06", "best_bid": "0.926", "best_ask": "1"}], "timestamp": "1769384099418", "event_type": "price_change"}}
{"_local_timestamp": "2026-01-25T23:34:59.544666+00:00", "data": {"market": "0x889818d306dfdf2411bd4635f57d6e045ecc16cd5a7ed65e70d9d1aff15cb205", "price_changes": [{"asset_id": "39897325357078737066187771434610669644965963106025070943483748059770650153056", "price": "0.983", "size": "18.41", "side": "SELL", "hash": "c4e1abe12d012f8e3d8ce9cfb6497194766c3383", "best_bid": "0", "best_ask": "0.074"}, {"asset_id": "88974018596292149808429781178652275726321690424741016969103219910461493638995", "price": "0.017", "size": "18.41", "side": "BUY", "hash": "69bb3acaa9275f651e7395f718641b802f42e699", "best_bid": "0.926", "best_ask": "1"}], "timestamp": "1769384099479", "event_type": "price_change"}}
{"_local_timestamp": "2026-01-25T23:35:00.035648+00:00", "data": {"market": "0x889818d306dfdf2411bd4635f57d6e045ecc16cd5a7ed65e70d9d1aff15cb205", "price_changes": [{"asset_id": "39897325357078737066187771434610669644965963106025070943483748059770650153056", "price": "0.984", "size": "0", "side": "SELL", "hash": "6843fd17c509fc9bad9e9e183b437e03879fb260", "best_bid": "0", "best_ask": "0.074"}, {"asset_id": "88974018596292149808429781178652275726321690424741016969103219910461493638995", "price": "0.016", "size": "0", "side": "BUY", "hash": "e59a8004a215e06c4badcbe0d073ce0caf2534eb", "best_bid": "0.926", "best_ask": "1"}], "timestamp": "1769384099966", "event_type": "price_change"}}
{"_local_timestamp": "2026-01-25T23:35:00.078191+00:00", "data": {"market": "0x889818d306dfdf2411bd4635f57d6e045ecc16cd5a7ed65e70d9d1aff15cb205", "price_changes": [{"asset_id": "39897325357078737066187771434610669644965963106025070943483748059770650153056", "price": "0.982", "size": "32", "side": "SELL", "hash": "a8f529f71566cc151da2055d69b3a1d6a71da63d", "best_bid": "0", "best_ask": "0.074"}, {"asset_id": "88974018596292149808429781178652275726321690424741016969103219910461493638995", "price": "0.018", "size": "32", "side": "BUY", "hash": "de2e13123b68cadc4374558458de95a22ae8698e", "best_bid": "0.926", "best_ask": "1"}], "timestamp": "1769384100008", "event_type": "price_change"}}
{"_local_timestamp": "2026-01-25T23:35:00.904873+00:00", "data": {"market": "0x889818d306dfdf2411bd4635f57d6e045ecc16cd5a7ed65e70d9d1aff15cb205", "price_changes": [{"asset_id": "39897325357078737066187771434610669644965963106025070943483748059770650153056", "price": "0.983", "size": "0", "side": "SELL", "hash": "e6d72114ff8d512e8765f1dfdd4fbe24a21c1fc7", "best_bid": "0", "best_ask": "0.074"}, {"asset_id": "88974018596292149808429781178652275726321690424741016969103219910461493638995", "price": "0.017", "size": "0", "side": "BUY", "hash": "8b2aadc453511f2700da9c7ac09c37319d35119e", "best_bid": "0.926", "best_ask": "1"}], "timestamp": "1769384100824", "event_type": "price_change"}}
{"_local_timestamp": "2026-01-25T23:35:00.990053+00:00", "data": {"market": "0x889818d306dfdf2411bd4635f57d6e045ecc16cd5a7ed65e70d9d1aff15cb205", "price_changes": [{"asset_id": "39897325357078737066187771434610669644965963106025070943483748059770650153056", "price": "0.981", "size": "18.41", "side": "SELL", "hash": "e218529f48a9101d96f64aff43e2bf3566c9c89b", "best_bid": "0", "best_ask": "0.074"}, {"asset_id": "88974018596292149808429781178652275726321690424741016969103219910461493638995", "price": "0.019", "size": "18.41", "side": "BUY", "hash": "be165a934060892afd6c179683857cd21859f262", "best_bid": "0.926", "best_ask": "1"}], "timestamp": "1769384100896", "event_type": "price_change"}}
{"_local_timestamp": "2026-01-25T23:35:01.262527+00:00", "data": {"market": "0x889818d306dfdf2411bd4635f57d6e045ecc16cd5a7ed65e70d9d1aff15cb205", "price_changes": [{"asset_id": "39897325357078737066187771434610669644965963106025070943483748059770650153056", "price": "0.982", "size": "0", "side": "SELL", "hash": "a7152f926828ba3b7142453d0bd712267bb9a72a", "best_bid": "0", "best_ask": "0.074"}, {"asset_id": "88974018596292149808429781178652275726321690424741016969103219910461493638995", "price": "0.018", "size": "0", "side": "BUY", "hash": "a0d833f05105fd4ddf769e03d610a47a87966104", "best_bid": "0.926", "best_ask": "1"}], "timestamp": "1769384101156", "event_type": "price_change"}}
{"_local_timestamp": "2026-01-25T23:35:01.284508+00:00", "data": {"market": "0x889818d306dfdf2411bd4635f57d6e045ecc16cd5a7ed65e70d9d1aff15cb205", "price_changes": [{"asset_id": "39897325357078737066187771434610669644965963106025070943483748059770650153056", "price": "0.98", "size": "32", "side": "SELL", "hash": "d56a6d6f56a52a5553fcc290c90153175e06ac12", "best_bid": "0", "best_ask": "0.074"}, {"asset_id": "88974018596292149808429781178652275726321690424741016969103219910461493638995", "price": "0.02", "size": "32", "side": "BUY", "hash": "7b20ebd8fd712c8909be0c562037454cfa3eceab", "best_bid": "0.926", "best_ask": "1"}], "timestamp": "1769384101185", "event_type": "price_change"}}
{"_local_timestamp": "2026-01-25T23:35:02.534720+00:00", "data": {"market": "0x889818d306dfdf2411bd4635f57d6e045ecc16cd5a7ed65e70d9d1aff15cb205", "price_changes": [{"asset_id": "39897325357078737066187771434610669644965963106025070943483748059770650153056", "price": "0.981", "size": "0", "side": "SELL", "hash": "266707946e41ad70cb107f5eef7a8636b238205f", "best_bid": "0", "best_ask": "0.074"}, {"asset_id": "88974018596292149808429781178652275726321690424741016969103219910461493638995", "price": "0.019", "size": "0", "side": "BUY", "hash": "ac829f4e3f3c67d3f7cccc031f8632752c3002e8", "best_bid": "0.926", "best_ask": "1"}], "timestamp": "1769384102390", "event_type": "price_change"}}
{"_local_timestamp": "2026-01-25T23:35:02.593035+00:00", "data": {"market": "0x889818d306dfdf2411bd4635f57d6e045ecc16cd5a7ed65e70d9d1aff15cb205", "price_changes": [{"asset_id": "39897325357078737066187771434610669644965963106025070943483748059770650153056", "price": "0.979", "size": "18.41", "side": "SELL", "hash": "489a9614babf643ba6139e7e15c2d7e6710b757f", "best_bid": "0", "best_ask": "0.074"}, {"asset_id": "88974018596292149808429781178652275726321690424741016969103219910461493638995", "price": "0.021", "size": "18.41", "side": "BUY", "hash": "e82a1bc5168a5599eabc273a14f36d4759363266", "best_bid": "0.926", "best_ask": "1"}], "timestamp": "1769384102448", "event_type": "price_change"}}
{"_local_timestamp": "2026-01-25T23:35:03.748994+00:00", "data": {"market": "0x889818d306dfdf2411bd4635f57d6e045ecc16cd5a7ed65e70d9d1aff15cb205", "price_changes": [{"asset_id": "39897325357078737066187771434610669644965963106025070943483748059770650153056", "price": "0.98", "size": "0", "side": "SELL", "hash": "e7fe116e36eb0c21cac603cc75a34779b0aabfa9", "best_bid": "0", "best_ask": "0.074"}, {"asset_id": "88974018596292149808429781178652275726321690424741016969103219910461493638995", "price": "0.02", "size": "0", "side": "BUY", "hash": "4e5b01655c0641f0961a57d26ea43a8d908b1f8d", "best_bid": "0.926", "best_ask": "1"}], "timestamp": "1769384103608", "event_type": "price_change"}}
{"_local_timestamp": "2026-01-25T23:35:03.792603+00:00", "data": {"market": "0x889818d306dfdf2411bd4635f57d6e045ecc16cd5a7ed65e70d9d1aff15cb205", "price_changes": [{"asset_id": "39897325357078737066187771434610669644965963106025070943483748059770650153056", "price": "0.978", "size": "32", "side": "SELL", "hash": "c5f526e975c111d727b52fc41fdb3cfaaf753c30", "best_bid": "0", "best_ask": "0.074"}, {"asset_id": "88974018596292149808429781178652275726321690424741016969103219910461493638995", "price": "0.022", "size": "32", "side": "BUY", "hash": "5de9d3407625a85b6cbb7162ff8d6116bc8425ee", "best_bid": "0.926", "best_ask": "1"}], "timestamp": "1769384103659", "event_type": "price_change"}}
{"_local_timestamp": "2026-01-25T23:35:03.903580+00:00", "data": {"market": "0x889818d306dfdf2411bd4635f57d6e045ecc16cd5a7ed65e70d9d1aff15cb205", "price_changes": [{"asset_id": "39897325357078737066187771434610669644965963106025070943483748059770650153056", "price": "0.979", "size": "0", "side": "SELL", "hash": "2f32ac5cfea6806e521368e63ae296e59a1702c0", "best_bid": "0", "best_ask": "0.074"}, {"asset_id": "88974018596292149808429781178652275726321690424741016969103219910461493638995", "price": "0.021", "size": "0", "side": "BUY", "hash": "6ce10b4fef4d22b25a9a1f02e32695d82759fda1", "best_bid": "0.926", "best_ask": "1"}], "timestamp": "1769384103777", "event_type": "price_change"}}
{"_local_timestamp": "2026-01-25T23:35:03.952382+00:00", "data": {"market": "0x889818d306dfdf2411bd4635f57d6e045ecc16cd5a7ed65e70d9d1aff15cb205", "price_changes": [{"asset_id": "39897325357078737066187771434610669644965963106025070943483748059770650153056", "price": "0.989", "size": "18.41", "side": "SELL", "hash": "44f36350f7f21f01c45680d155a9638d35309a5a", "best_bid": "0", "best_ask": "0.074"}, {"asset_id": "88974018596292149808429781178652275726321690424741016969103219910461493638995", "price": "0.011", "size": "18.41", "side": "BUY", "hash": "dddc01a2f070d2f0e6d6dc8fa449cd3955e29f6e", "best_bid": "0.926", "best_ask": "1"}], "timestamp": "1769384103825", "event_type": "price_change"}}
{"_local_timestamp": "2026-01-25T23:35:04.930322+00:00", "data": {"market": "0x889818d306dfdf2411bd4635f57d6e045ecc16cd5a7ed65e70d9d1aff15cb205", "price_changes": [{"asset_id": "39897325357078737066187771434610669644965963106025070943483748059770650153056", "price": "0.978", "size": "0", "side": "SELL", "hash": "f7131feeb8c86d6500b2217592fdbc13a5bfaf91", "best_bid": "0", "best_ask": "0.074"}, {"asset_id": "88974018596292149808429781178652275726321690424741016969103219910461493638995", "price": "0.022", "size": "0", "side": "BUY", "hash": "6378201f27410c797dfec650758e5ae384fcd12b", "best_bid": "0.926", "best_ask": "1"}], "timestamp": "1769384104779", "event_type": "price_change"}}
{"_local_timestamp": "2026-01-25T23:35:04.956127+00:00", "data": {"market": "0x889818d306dfdf2411bd4635f57d6e045ecc16cd5a7ed65e70d9d1aff15cb205", "price_changes": [{"asset_id": "39897325357078737066187771434610669644965963106025070943483748059770650153056", "price": "0.988", "size": "32", "side": "SELL", "hash": "7ec528e5f27917551f449269e2bf1e43b834aef1", "best_bid": "0", "best_ask": "0.074"}, {"asset_id": "88974018596292149808429781178652275726321690424741016969103219910461493638995", "price": "0.012", "size": "32", "side": "BUY", "hash": "b320903873a6cf68ca4b7ef038cf4f45523d92ec", "best_bid": "0.926", "best_ask": "1"}], "timestamp": "1769384104812", "event_type": "price_change"}}
{"_local_timestamp": "2026-01-25T23:35:05.412566+00:00", "data": {"market": "0x889818d306dfdf2411bd4635f57d6e045ecc16cd5a7ed65e70d9d1aff15cb205", "price_changes": [{"asset_id": "39897325357078737066187771434610669644965963106025070943483748059770650153056", "price": "0.989", "size": "0", "side": "SELL", "hash": "252dd8f748bcce633a3f03af696fb4ee7f28cccf", "best_bid": "0", "best_ask": "0.074"}, {"asset_id": "88974018596292149808429781178652275726321690424741016969103219910461493638995", "price": "0.011", "size": "0", "side": "BUY", "hash": "694cee39d80b7f295678d9a56398ff9669b62c7b", "best_bid": "0.926", "best_ask": "1"}], "timestamp": "1769384105243", "event_type": "price_change"}}
{"_local_timestamp": "2026-01-25T23:35:05.461189+00:00", "data": {"market": "0x889818d306dfdf2411bd4635f57d6e045ecc16cd5a7ed65e70d9d1aff15cb205", "price_changes": [{"asset_id": "39897325357078737066187771434610669644965963106025070943483748059770650153056", "price": "0.987", "size": "18.41", "side": "SELL", "hash": "0780d4e3bb42ab49b595eb1abfd63b9263aae698", "best_bid": "0", "best_ask": "0.074"}, {"asset_id": "88974018596292149808429781178652275726321690424741016969103219910461493638995", "price": "0.013", "size": "18.41", "side": "BUY", "hash": "e56cef20cdf7254954e57ce0a88c480088512efa", "best_bid": "0.926", "best_ask": "1"}], "timestamp": "1769384105295", "event_type": "price_change"}}
{"_local_timestamp": "2026-01-25T23:35:06.264010+00:00", "data": {"market": "0x889818d306dfdf2411bd4635f57d6e045ecc16cd5a7ed65e70d9d1aff15cb205", "price_changes": [{"asset_id": "39897325357078737066187771434610669644965963106025070943483748059770650153056", "price": "0.988", "size": "0", "side": "SELL", "hash": "ccfa1169a64620dba38728e03be39177d8b9d3c6", "best_bid": "0", "best_ask": "0.074"}, {"asset_id": "88974018596292149808429781178652275726321690424741016969103219910461493638995", "price": "0.012", "size": "0", "side": "BUY", "hash": "50446af4f12b3eea855ce1e509ce53bea247f10a", "best_bid": "0.926", "best_ask": "1"}], "timestamp": "1769384106049", "event_type": "price_change"}}
{"_local_timestamp": "2026-01-25T23:35:06.286191+00:00", "data": {"market": "0x889818d306dfdf2411bd4635f57d6e045ecc16cd5a7ed65e70d9d1aff15cb205", "price_changes": [{"asset_id": "39897325357078737066187771434610669644965963106025070943483748059770650153056", "price": "0.986", "size": "32", "side": "SELL", "hash": "6ac2e6001dee30bdaa1b11252c71cab09b5054a6", "best_bid": "0", "best_ask": "0.074"}, {"asset_id": "88974018596292149808429781178652275726321690424741016969103219910461493638995", "price": "0.014", "size": "32", "side": "BUY", "hash": "a6189530ef2038fcd461410b62c3550a04e2eac5", "best_bid": "0.926", "best_ask": "1"}], "timestamp": "1769384106087", "event_type": "price_change"}}
{"_local_timestamp": "2026-01-25T23:35:06.817692+00:00", "data": {"market": "0x889818d306dfdf2411bd4635f57d6e045ecc16cd5a7ed65e70d9d1aff15cb205", "price_changes": [{"asset_id": "39897325357078737066187771434610669644965963106025070943483748059770650153056", "price": "0.987", "size": "0", "side": "SELL", "hash": "861d42be9c80c17a090c2672e78aa58057c1211e", "best_bid": "0", "best_ask": "0.074"}, {"asset_id": "88974018596292149808429781178652275726321690424741016969103219910461493638995", "price": "0.013", "size": "0", "side": "BUY", "hash": "1bc59142194de807f684ce0ae5a5da64c33e33b2", "best_bid": "0.926", "best_ask": "1"}], "timestamp": "1769384106637", "event_type": "price_change"}}
{"_local_timestamp": "2026-01-25T23:35:06.864619+00:00", "data": {"market": "0x889818d306dfdf2411bd4635f57d6e045ecc16cd5a7ed65e70d9d1aff15cb205", "price_changes": [{"asset_id": "39897325357078737066187771434610669644965963106025070943483748059770650153056", "price": "0.985", "size": "18.41", "side": "SELL", "hash": "1b9af02f5e601eb7f74d74ed13895b823c6830d4", "best_bid": "0", "best_ask": "0.074"}, {"asset_id": "88974018596292149808429781178652275726321690424741016969103219910461493638995", "price": "0.015", "size": "18.41", "side": "BUY", "hash": "ac2212563d62f1c55d34edd168455a89fb62cb65", "best_bid": "0.926", "best_ask": "1"}], "timestamp": "1769384106680", "event_type": "price_change"}}
{"_local_timestamp": "2026-01-25T23:35:07.422016+00:00", "data": {"market": "0x889818d306dfdf2411bd4635f57d6e045ecc16cd5a7ed65e70d9d1aff15cb205", "price_changes": [{"asset_id": "39897325357078737066187771434610669644965963106025070943483748059770650153056", "price": "0.986", "size": "0", "side": "SELL", "hash": "2cee9bd08df49ebd7791ff5d13576ce1f4139e04", "best_bid": "0", "best_ask": "0.074"}, {"asset_id": "88974018596292149808429781178652275726321690424741016969103219910461493638995", "price": "0.014", "size": "0", "side": "BUY", "hash": "017e4cf2232a345fc9d6c662594e463388d46fa7", "best_bid": "0.926", "best_ask": "1"}], "timestamp": "1769384107226", "event_type": "price_change"}}
{"_local_timestamp": "2026-01-25T23:35:07.503872+00:00", "data": {"market": "0x889818d306dfdf2411bd4635f57d6e045ecc16cd5a7ed65e70d9d1aff15cb205", "price_changes": [{"asset_id": "39897325357078737066187771434610669644965963106025070943483748059770650153056", "price": "0.984", "size": "32", "side": "SELL", "hash": "a44cabf11c86d12305bbc5716060c764483f34cd", "best_bid": "0", "best_ask": "0.074"}, {"asset_id": "88974018596292149808429781178652275726321690424741016969103219910461493638995", "price": "0.016", "size": "32", "side": "BUY", "hash": "2a6cf8cad2001e775583e4feee461ef23a2271e6", "best_bid": "0.926", "best_ask": "1"}], "timestamp": "1769384107257", "event_type": "price_change"}}
{"_local_timestamp": "2026-01-25T23:35:08.321702+00:00", "data": {"market": "0x889818d306dfdf2411bd4635f57d6e045ecc16cd5a7ed65e70d9d1aff15cb205", "price_changes": [{"asset_id": "39897325357078737066187771434610669644965963106025070943483748059770650153056", "price": "0.985", "size": "0", "side": "SELL", "hash": "96104428ea80e5b6c1732e598224dd3acd32fc0b", "best_bid": "0", "best_ask": "0.074"}, {"asset_id": "88974018596292149808429781178652275726321690424741016969103219910461493638995", "price": "0.015", "size": "0", "side": "BUY", "hash": "fe2b4c15218e14e10e068193495742d94b52cb53", "best_bid": "0.926", "best_ask": "1"}], "timestamp": "1769384108118", "event_type": "price_change"}}
{"_local_timestamp": "2026-01-25T23:35:08.372164+00:00", "data": {"market": "0x889818d306dfdf2411bd4635f57d6e045ecc16cd5a7ed65e70d9d1aff15cb205", "price_changes": [{"asset_id": "39897325357078737066187771434610669644965963106025070943483748059770650153056", "price": "0.983", "size": "18.41", "side": "SELL", "hash": "607e85c271adb1a71850aba2ca7b89ca9043f4af", "best_bid": "0", "best_ask": "0.074"}, {"asset_id": "88974018596292149808429781178652275726321690424741016969103219910461493638995", "price": "0.017", "size": "18.41", "side": "BUY", "hash": "e9cbbc941115e4bc0d3928809ed3c8099c182193", "best_bid": "0.926", "best_ask": "1"}], "timestamp": "1769384108177", "event_type": "price_change"}}
{"_local_timestamp": "2026-01-25T23:35:08.597704+00:00", "data": {"market": "0x889818d306dfdf2411bd4635f57d6e045ecc16cd5a7ed65e70d9d1aff15cb205", "price_changes": [{"asset_id": "39897325357078737066187771434610669644965963106025070943483748059770650153056", "price": "0.984", "size": "0", "side": "SELL", "hash": "88872fa0a135d8cfe728ee903043ed9d2a1b6ea6", "best_bid": "0", "best_ask": "0.074"}, {"asset_id": "88974018596292149808429781178652275726321690424741016969103219910461493638995", "price": "0.016", "size": "0", "side": "BUY", "hash": "c4d8443fb5ade368918778c807161a66b311a599", "best_bid": "0.926", "best_ask": "1"}], "timestamp": "1769384108378", "event_type": "price_change"}}
{"_local_timestamp": "2026-01-25T23:35:08.618805+00:00", "data": {"market": "0x889818d306dfdf2411bd4635f57d6e045ecc16cd5a7ed65e70d9d1aff15cb205", "price_changes": [{"asset_id": "39897325357078737066187771434610669644965963106025070943483748059770650153056", "price": "0.982", "size": "32", "side": "SELL", "hash": "a51e4cfe5e7d3a25e7508a01773daeae3e43db61", "best_bid": "0", "best_ask": "0.074"}, {"asset_id": "88974018596292149808429781178652275726321690424741016969103219910461493638995", "price": "0.018", "size": "32", "side": "BUY", "hash": "5f8c20ce90bfd6e5337a95174d15bebf8a7c1e32", "best_bid": "0.926", "best_ask": "1"}], "timestamp": "1769384108410", "event_type": "price_change"}}
{"_local_timestamp": "2026-01-25T23:35:11.131018+00:00", "data": {"market": "0x889818d306dfdf2411bd4635f57d6e045ecc16cd5a7ed65e70d9d1aff15cb205", "price_changes": [{"asset_id": "39897325357078737066187771434610669644965963106025070943483748059770650153056", "price": "0.983", "size": "0", "side": "SELL", "hash": "d72462323b24f15b1dcea0fffbea2c7b616a6ab6", "best_bid": "0", "best_ask": "0.074"}, {"asset_id": "88974018596292149808429781178652275726321690424741016969103219910461493638995", "price": "0.017", "size": "0", "side": "BUY", "hash": "0cf0f36678b307d424ba37307435b761cd9346a1", "best_bid": "0.926", "best_ask": "1"}], "timestamp": "1769384110873", "event_type": "price_change"}}
{"_local_timestamp": "2026-01-25T23:35:11.163442+00:00", "data": {"market": "0x889818d306dfdf2411bd4635f57d6e045ecc16cd5a7ed65e70d9d1aff15cb205", "price_changes": [{"asset_id": "39897325357078737066187771434610669644965963106025070943483748059770650153056", "price": "0.981", "size": "18.41", "side": "SELL", "hash": "ee69a61bc2cfe4fde96e99c24c674bb607f9590d", "best_bid": "0", "best_ask": "0.074"}, {"asset_id": "88974018596292149808429781178652275726321690424741016969103219910461493638995", "price": "0.019", "size": "18.41", "side": "BUY", "hash": "544101f5fa8f522ded1ef7afe3aa85fd71e6c98b", "best_bid": "0.926", "best_ask": "1"}], "timestamp": "1769384110938", "event_type": "price_change"}}
{"_local_timestamp": "2026-01-25T23:35:12.342772+00:00", "data": {"market": "0x889818d306dfdf2411bd4635f57d6e045ecc16cd5a7ed65e70d9d1aff15cb205", "price_changes": [{"asset_id": "39897325357078737066187771434610669644965963106025070943483748059770650153056", "price": "0.982", "size": "0", "side": "SELL", "hash": "b1f0ec49fedb679569deb7d012bd18e9e12bb724", "best_bid": "0", "best_ask": "0.074"}, {"asset_id": "88974018596292149808429781178652275726321690424741016969103219910461493638995", "price": "0.018", "size": "0", "side": "BUY", "hash": "d6688eead23b297fa67130994fd3b892925caf35", "best_bid": "0.926", "best_ask": "1"}], "timestamp": "1769384112153", "event_type": "price_change"}}
{"_local_timestamp": "2026-01-25T23:35:12.367705+00:00", "data": {"market": "0x889818d306dfdf2411bd4635f57d6e045ecc16cd5a7ed65e70d9d1aff15cb205", "price_changes": [{"asset_id": "39897325357078737066187771434610669644965963106025070943483748059770650153056", "price": "0.98", "size": "32", "side": "SELL", "hash": "b2e47c4f68c24146ae9e0f75c66405089d6577e8", "best_bid": "0", "best_ask": "0.074"}, {"asset_id": "88974018596292149808429781178652275726321690424741016969103219910461493638995", "price": "0.02", "size": "32", "side": "BUY", "hash": "ad3d56430b5f2263c93c83c67bc49c06615fe059", "best_bid": "0.926", "best_ask": "1"}], "timestamp": "1769384112184", "event_type": "price_change"}}
{"_local_timestamp": "2026-01-25T23:35:12.553110+00:00", "data": {"market": "0x889818d306dfdf2411bd4635f57d6e045ecc16cd5a7ed65e70d9d1aff15cb205", "price_changes": [{"asset_id": "39897325357078737066187771434610669644965963106025070943483748059770650153056", "price": "0.981", "size": "0", "side": "SELL", "hash": "5d3240941ae97f583539128d153e482fc1f905ec", "best_bid": "0", "best_ask": "0.074"}, {"asset_id": "88974018596292149808429781178652275726321690424741016969103219910461493638995", "price": "0.019", "size": "0", "side": "BUY", "hash": "66a349e08121a3addeb2a894cd0145e4b5084549", "best_bid": "0.926", "best_ask": "1"}], "timestamp": "1769384112371", "event_type": "price_change"}}
{"_local_timestamp": "2026-01-25T23:35:12.623071+00:00", "data": {"market": "0x889818d306dfdf2411bd4635f57d6e045ecc16cd5a7ed65e70d9d1aff15cb205", "price_changes": [{"asset_id": "39897325357078737066187771434610669644965963106025070943483748059770650153056", "price": "0.979", "size": "18.41", "side": "SELL", "hash": "5379cc9e35b17742ebd7598e1c40caf38c47847a", "best_bid": "0", "best_ask": "0.074"}, {"asset_id": "88974018596292149808429781178652275726321690424741016969103219910461493638995", "price": "0.021", "size": "18.41", "side": "BUY", "hash": "2f51a941a08ec560b236c8fdaeef8523b9a61616", "best_bid": "0.926", "best_ask": "1"}], "timestamp": "1769384112433", "event_type": "price_change"}}
{"_local_timestamp": "2026-01-25T23:35:13.594484+00:00", "data": {"market": "0x889818d306dfdf2411bd4635f57d6e045ecc16cd5a7ed65e70d9d1aff15cb205", "price_changes": [{"asset_id": "39897325357078737066187771434610669644965963106025070943483748059770650153056", "price": "0.98", "size": "0", "side": "SELL", "hash": "db8a0fed2c670a77780bf787c8f2c794a7821447", "best_bid": "0", "best_ask": "0.074"}, {"asset_id": "88974018596292149808429781178652275726321690424741016969103219910461493638995", "price": "0.02", "size": "0", "side": "BUY", "hash": "101b592e18ca4969d46e6bd18946efecff529962", "best_bid": "0.926", "best_ask": "1"}], "timestamp": "1769384113315", "event_type": "price_change"}}
{"_local_timestamp": "2026-01-25T23:35:13.624478+00:00", "data": {"market": "0x889818d306dfdf2411bd4635f57d6e045ecc16cd5a7ed65e70d9d1aff15cb205", "price_changes": [{"asset_id": "39897325357078737066187771434610669644965963106025070943483748059770650153056", "price": "0.978", "size": "32", "side": "SELL", "hash": "6bf55793edb341487ae0c3f0fcaa5ee7c6f17fc9", "best_bid": "0", "best_ask": "0.074"}, {"asset_id": "88974018596292149808429781178652275726321690424741016969103219910461493638995", "price": "0.022", "size": "32", "side": "BUY", "hash": "92560cf2df94a51e5c7ebde3ce000bc5e5d2a758", "best_bid": "0.926", "best_ask": "1"}], "timestamp": "1769384113349", "event_type": "price_change"}}
{"_local_timestamp": "2026-01-25T23:35:13.979963+00:00", "data": {"market": "0x889818d306dfdf2411bd4635f57d6e045ecc16cd5a7ed65e70d9d1aff15cb205", "price_changes": [{"asset_id": "39897325357078737066187771434610669644965963106025070943483748059770650153056", "price": "0.979", "size": "0", "side": "SELL", "hash": "342f69b27a5e4211df874e47acbdf3464768953d", "best_bid": "0", "best_ask": "0.074"}, {"asset_id": "88974018596292149808429781178652275726321690424741016969103219910461493638995", "price": "0.021", "size": "0", "side": "BUY", "hash": "f15cdee3d059a07b7a1e713feb7d16cb7accdf05", "best_bid": "0.926", "best_ask": "1"}], "timestamp": "1769384113764", "event_type": "price_change"}}
{"_local_timestamp": "2026-01-25T23:35:14.026865+00:00", "data": {"market": "0x889818d306dfdf2411bd4635f57d6e045ecc16cd5a7ed65e70d9d1aff15cb205", "price_changes": [{"asset_id": "39897325357078737066187771434610669644965963106025070943483748059770650153056", "price": "0.977", "size": "18.41", "side": "SELL", "hash": "821910a416f4e8a71b3b6d4156db5e476f47b745", "best_bid": "0", "best_ask": "0.074"}, {"asset_id": "88974018596292149808429781178652275726321690424741016969103219910461493638995", "price": "0.023", "size": "18.41", "side": "BUY", "hash": "c4d6ba9aa977030051eb4bdeb048e4ba44d74a03", "best_bid": "0.926", "best_ask": "1"}], "timestamp": "1769384113823", "event_type": "price_change"}}
{"_local_timestamp": "2026-01-25T23:35:14.787163+00:00", "data": {"market": "0x889818d306dfdf2411bd4635f57d6e045ecc16cd5a7ed65e70d9d1aff15cb205", "price_changes": [{"asset_id": "39897325357078737066187771434610669644965963106025070943483748059770650153056", "price": "0.978", "size": "0", "side": "SELL", "hash": "e527151107f2a902f728e6dbfad50dcf944da6c9", "best_bid": "0", "best_ask": "0.074"}, {"asset_id": "88974018596292149808429781178652275726321690424741016969103219910461493638995", "price": "0.022", "size": "0", "side": "BUY", "hash": "42f0766ff923724fa7c39b8282540fe63e62531b", "best_bid": "0.926", "best_ask": "1"}], "timestamp": "1769384114583", "event_type": "price_change"}}
{"_local_timestamp": "2026-01-25T23:35:14.815668+00:00", "data": {"market": "0x889818d306dfdf2411bd4635f57d6e045ecc16cd5a7ed65e70d9d1aff15cb205", "price_changes": [{"asset_id": "39897325357078737066187771434610669644965963106025070943483748059770650153056", "price": "0.976", "size": "32", "side": "SELL", "hash": "61b62f56b678b302b8f6f7551fc1854e02ac05fa", "best_bid": "0", "best_ask": "0.074"}, {"asset_id": "88974018596292149808429781178652275726321690424741016969103219910461493638995", "price": "0.024", "size": "32", "side": "BUY", "hash": "e0d8cf5ed88a53fec3a42be6e633392755ffdacf", "best_bid": "0.926", "best_ask": "1"}], "timestamp": "1769384114618", "event_type": "price_change"}}
{"_local_timestamp": "2026-01-25T23:35:15.479706+00:00", "data": {"market": "0x889818d306dfdf2411bd4635f57d6e045ecc16cd5a7ed65e70d9d1aff15cb205", "price_changes": [{"asset_id": "39897325357078737066187771434610669644965963106025070943483748059770650153056", "price": "0.977", "size": "0", "side": "SELL", "hash": "458b353df37f12e7ffbf4d31a1c74f32e401034f", "best_bid": "0", "best_ask": "0.074"}, {"asset_id": "88974018596292149808429781178652275726321690424741016969103219910461493638995", "price": "0.023", "size": "0", "side": "BUY", "hash": "509eadaeaf18f902d4c3cfc323b904d0b9984f88", "best_bid": "0.926", "best_ask": "1"}], "timestamp": "1769384115265", "event_type": "price_change"}}
{"_local_timestamp": "2026-01-25T23:35:15.532799+00:00", "data": {"market": "0x889818d306dfdf2411bd4635f57d6e045ecc16cd5a7ed65e70d9d1aff15cb205", "price_changes": [{"asset_id": "39897325357078737066187771434610669644965963106025070943483748059770650153056", "price": "0.975", "size": "18.41", "side": "SELL", "hash": "8f68a841395a2b299159870e73fdf83a2e22f1ce", "best_bid": "0", "best_ask": "0.074"}, {"asset_id": "88974018596292149808429781178652275726321690424741016969103219910461493638995", "price": "0.025", "size": "18.41", "side": "BUY", "hash": "49d0f3a8d6928d8b39226cfb645b1cbdb657dddb", "best_bid": "0.926", "best_ask": "1"}], "timestamp": "1769384115313", "event_type": "price_change"}}
{"_local_timestamp": "2026-01-25T23:35:15.958942+00:00", "data": {"market": "0x889818d306dfdf2411bd4635f57d6e045ecc16cd5a7ed65e70d9d1aff15cb205", "price_changes": [{"asset_id": "39897325357078737066187771434610669644965963106025070943483748059770650153056", "price": "0.976", "size": "0", "side": "SELL", "hash": "11c286de19dfbc5ae9c1f0092a344d1dc3cdb1fd", "best_bid": "0", "best_ask": "0.074"}, {"asset_id": "88974018596292149808429781178652275726321690424741016969103219910461493638995", "price": "0.024", "size": "0", "side": "BUY", "hash": "deb60bcb038027d16e4a8b218fc3056f034b72fc", "best_bid": "0.926", "best_ask": "1"}], "timestamp": "1769384115741", "event_type": "price_change"}}
{"_local_timestamp": "2026-01-25T23:35:15.988341+00:00", "data": {"market": "0x889818d306dfdf2411bd4635f57d6e045ecc16cd5a7ed65e70d9d1aff15cb205", "price_changes": [{"asset_id": "39897325357078737066187771434610669644965963106025070943483748059770650153056", "price": "0.974", "size": "32", "side": "SELL", "hash": "254dac7328de042ed6fee98afe76b8e4330bc14b", "best_bid": "0", "best_ask": "0.074"}, {"asset_id": "88974018596292149808429781178652275726321690424741016969103219910461493638995", "price": "0.026", "size": "32", "side": "BUY", "hash": "6d31af2e05163dc6d2de6e08b7dc355ae8c494bc", "best_bid": "0.926", "best_ask": "1"}], "timestamp": "1769384115769", "event_type": "price_change"}}
{"_local_timestamp": "2026-01-25T23:35:16.781607+00:00", "data": {"market": "0x889818d306dfdf2411bd4635f57d6e045ecc16cd5a7ed65e70d9d1aff15cb205", "price_changes": [{"asset_id": "39897325357078737066187771434610669644965963106025070943483748059770650153056", "price": "0.975", "size": "0", "side": "SELL", "hash": "dde360bbdf0bd02d5bd3c13543560b0e7b1957b1", "best_bid": "0", "best_ask": "0.074"}, {"asset_id": "88974018596292149808429781178652275726321690424741016969103219910461493638995", "price": "0.025", "size": "0", "side": "BUY", "hash": "b30a00b1c1c6d1548ea2310d67a92b1e9ee5689d", "best_bid": "0.926", "best_ask": "1"}], "timestamp": "1769384116583", "event_type": "price_change"}}
{"_local_timestamp": "2026-01-25T23:35:16.822809+00:00", "data": {"market": "0x889818d306dfdf2411bd4635f57d6e045ecc16cd5a7ed65e70d9d1aff15cb205", "price_changes": [{"asset_id": "39897325357078737066187771434610669644965963106025070943483748059770650153056", "price": "0.973", "size": "18.41", "side": "SELL", "hash": "ffe357984e2ee3c6ac95ecd32ba7c4aef2d3a95d", "best_bid": "0", "best_ask": "0.074"}, {"asset_id": "88974018596292149808429781178652275726321690424741016969103219910461493638995", "price": "0.027", "size": "18.41", "side": "BUY", "hash": "1ec8506e1ebae2e8494d8cdb468638ffb91108c7", "best_bid": "0.926", "best_ask": "1"}], "timestamp": "1769384116626", "event_type": "price_change"}}
{"_local_timestamp": "2026-01-25T23:35:17.240219+00:00", "data": {"market": "0x889818d306dfdf2411bd4635f57d6e045ecc16cd5a7ed65e70d9d1aff15cb205", "price_changes": [{"asset_id": "39897325357078737066187771434610669644965963106025070943483748059770650153056", "price": "0.974", "size": "0", "side": "SELL", "hash": "9c8d3d11332e2dbfcd69ab3bda69b9b3aa9e025c", "best_bid": "0", "best_ask": "0.074"}, {"asset_id": "88974018596292149808429781178652275726321690424741016969103219910461493638995", "price": "0.026", "size": "0", "side": "BUY", "hash": "39db6c1d07835cc92705b23f984eb92218fcce8c", "best_bid": "0.926", "best_ask": "1"}], "timestamp": "1769384117028", "event_type": "price_change"}}
{"_local_timestamp": "2026-01-25T23:35:17.272067+00:00", "data": {"market": "0x889818d306dfdf2411bd4635f57d6e045ecc16cd5a7ed65e70d9d1aff15cb205", "price_changes": [{"asset_id": "39897325357078737066187771434610669644965963106025070943483748059770650153056", "price": "0.972", "size": "32", "side": "SELL", "hash": "fd7b31d548d943544e1197800cfb08ad056af1eb", "best_bid": "0", "best_ask": "0.074"}, {"asset_id": "88974018596292149808429781178652275726321690424741016969103219910461493638995", "price": "0.028", "size": "32", "side": "BUY", "hash": "980e3d84d5c5de464d1a3295860a95d992a4e2a1", "best_bid": "0.926", "best_ask": "1"}], "timestamp": "1769384117060", "event_type": "price_change"}}
{"_local_timestamp": "2026-01-25T23:35:18.222541+00:00", "data": {"market": "0x889818d306dfdf2411bd4635f57d6e045ecc16cd5a7ed65e70d9d1aff15cb205", "price_changes": [{"asset_id": "39897325357078737066187771434610669644965963106025070943483748059770650153056", "price": "0.973", "size": "0", "side": "SELL", "hash": "4373cba8cb20c5c75b07efcc5ce954f17812b1b3", "best_bid": "0", "best_ask": "0.074"}, {"asset_id": "88974018596292149808429781178652275726321690424741016969103219910461493638995", "price": "0.027", "size": "0", "side": "BUY", "hash": "fb16e96c72ead78a3c824022183b4cfae66f2932", "best_bid": "0.926", "best_ask": "1"}], "timestamp": "1769384117988", "event_type": "price_change"}}
{"_local_timestamp": "2026-01-25T23:35:18.268799+00:00", "data": {"market": "0x889818d306dfdf2411bd4635f57d6e045ecc16cd5a7ed65e70d9d1aff15cb205", "price_changes": [{"asset_id": "39897325357078737066187771434610669644965963106025070943483748059770650153056", "price": "0.971", "size": "18.41", "side": "SELL", "hash": "02bce8614bfa540378f48cb75ba71fb9aae79806", "best_bid": "0", "best_ask": "0.074"}, {"asset_id": "88974018596292149808429781178652275726321690424741016969103219910461493638995", "price": "0.029", "size": "18.41", "side": "BUY", "hash": "1f4cb59d10b5d970919f257381c22fdcaa246ceb", "best_bid": "0.926", "best_ask": "1"}], "timestamp": "1769384118038", "event_type": "price_change"}}
{"_local_timestamp": "2026-01-25T23:35:18.397414+00:00", "data": {"market": "0x889818d306dfdf2411bd4635f57d6e045ecc16cd5a7ed65e70d9d1aff15cb205", "price_changes": [{"asset_id": "39897325357078737066187771434610669644965963106025070943483748059770650153056", "price": "0.972", "size": "0", "side": "SELL", "hash": "1a4f8f2a545ffca6b6295caf57d42901b36bda82", "best_bid": "0", "best_ask": "0.074"}, {"asset_id": "88974018596292149808429781178652275726321690424741016969103219910461493638995", "price": "0.028", "size": "0", "side": "BUY", "hash": "c155dd9c31b9cf1e29db14b86433d21123fdc1c8", "best_bid": "0.926", "best_ask": "1"}], "timestamp": "1769384118191", "event_type": "price_change"}}
{"_local_timestamp": "2026-01-25T23:35:18.419477+00:00", "data": {"market": "0x889818d306dfdf2411bd4635f57d6e045ecc16cd5a7ed65e70d9d1aff15cb205", "price_changes": [{"asset_id": "39897325357078737066187771434610669644965963106025070943483748059770650153056", "price": "0.97", "size": "32", "side": "SELL", "hash": "cfc321f810f9ad12e028567124ae7efed2fc6073", "best_bid": "0", "best_ask": "0.074"}, {"asset_id": "88974018596292149808429781178652275726321690424741016969103219910461493638995", "price": "0.03", "size": "32", "side": "BUY", "hash": "dda036b15d2e6a8d98858ee945e3e7af7fbf0811", "best_bid": "0.926", "best_ask": "1"}], "timestamp": "1769384118222", "event_type": "price_change"}}
{"_local_timestamp": "2026-01-25T23:35:19.554536+00:00", "data": {"market": "0x889818d306dfdf2411bd4635f57d6e045ecc16cd5a7ed65e70d9d1aff15cb205", "price_changes": [{"asset_id": "39897325357078737066187771434610669644965963106025070943483748059770650153056", "price": "0.971", "size": "0", "side": "SELL", "hash": "009b4ce31af2459123594a1f18208ffe9097193c", "best_bid": "0", "best_ask": "0.074"}, {"asset_id": "88974018596292149808429781178652275726321690424741016969103219910461493638995", "price": "0.029", "size": "0", "side": "BUY", "hash": "b6cfbcb036b750ca8b5d765bb7f674b262bb7e02", "best_bid": "0.926", "best_ask": "1"}], "timestamp": "1769384119343", "event_type": "price_change"}}
{"_local_timestamp": "2026-01-25T23:35:19.593530+00:00", "data": {"market": "0x889818d306dfdf2411bd4635f57d6e045ecc16cd5a7ed65e70d9d1aff15cb205", "price_changes": [{"asset_id": "39897325357078737066187771434610669644965963106025070943483748059770650153056", "price": "0.969", "size": "18.41", "side": "SELL", "hash": "81da33e08eabab41563ac4f36ccf62886f28a0bb", "best_bid": "0", "best_ask": "0.074"}, {"asset_id": "88974018596292149808429781178652275726321690424741016969103219910461493638995", "price": "0.031", "size": "18.41", "side": "BUY", "hash": "edd2b6decb9d9af5cdbc8d6b2ba298557a4f00a7", "best_bid": "0.926", "best_ask": "1"}], "timestamp": "1769384119391", "event_type": "price_change"}}
{"_local_timestamp": "2026-01-25T23:35:20.847396+00:00", "data": {"market": "0x889818d306dfdf2411bd4635f57d6e045ecc16cd5a7ed65e70d9d1aff15cb205", "price_changes": [{"asset_id": "39897325357078737066187771434610669644965963106025070943483748059770650153056", "price": "0.97", "size": "0", "side": "SELL", "hash": "8d3a49c1b9ae7fbe13bb7df948f780dd783c1c32", "best_bid": "0", "best_ask": "0.074"}, {"asset_id": "88974018596292149808429781178652275726321690424741016969103219910461493638995", "price": "0.03", "size": "0", "side": "BUY", "hash": "9ce28494070ac49ba581f97c915655763fe579b9", "best_bid": "0.926", "best_ask": "1"}], "timestamp": "1769384120626", "event_type": "price_change"}}
{"_local_timestamp": "2026-01-25T23:35:20.877453+00:00", "data": {"market": "0x889818d306dfdf2411bd4635f57d6e045ecc16cd5a7ed65e70d9d1aff15cb205", "price_changes": [{"asset_id": "39897325357078737066187771434610669644965963106025070943483748059770650153056", "price": "0.968", "size": "32", "side": "SELL", "hash": "ce0cbb8b29290c557cf15d5b147ca221d6713f0c", "best_bid": "0", "best_ask": "0.074"}, {"asset_id": "88974018596292149808429781178652275726321690424741016969103219910461493638995", "price": "0.032", "size": "32", "side": "BUY", "hash": "59d4e1bd202ca968cfb53723dda315954e5b9200", "best_bid": "0.926", "best_ask": "1"}], "timestamp": "1769384120660", "event_type": "price_change"}}
{"_local_timestamp": "2026-01-25T23:35:22.294547+00:00", "data": {"market": "0x889818d306dfdf2411bd4635f57d6e045ecc16cd5a7ed65e70d9d1aff15cb205", "price_changes": [{"asset_id": "39897325357078737066187771434610669644965963106025070943483748059770650153056", "price": "0.969", "size": "0", "side": "SELL", "hash": "df83f21f86429c84fef71a0bcfaa19c8df451018", "best_bid": "0", "best_ask": "0.074"}, {"asset_id": "88974018596292149808429781178652275726321690424741016969103219910461493638995", "price": "0.031", "size": "0", "side": "BUY", "hash": "61bd549f2140eec7123204d780f832ec52f17bdd", "best_bid": "0.926", "best_ask": "1"}], "timestamp": "1769384122069", "event_type": "price_change"}}
{"_local_timestamp": "2026-01-25T23:35:22.313881+00:00", "data": {"market": "0x889818d306dfdf2411bd4635f57d6e045ecc16cd5a7ed65e70d9d1aff15cb205", "price_changes": [{"asset_id": "39897325357078737066187771434610669644965963106025070943483748059770650153056", "price": "0.967", "size": "18.41", "side": "SELL", "hash": "0999f135fbe785db2ba9602f294a68f3e9da92c2", "best_bid": "0", "best_ask": "0.074"}, {"asset_id": "88974018596292149808429781178652275726321690424741016969103219910461493638995", "price": "0.033", "size": "18.41", "side": "BUY", "hash": "b2e9e64c94e4b85153211d7e23bac6cf3ab2b369", "best_bid": "0.926", "best_ask": "1"}], "timestamp": "1769384122107", "event_type": "price_change"}}
{"_local_timestamp": "2026-01-25T23:35:23.273863+00:00", "data": {"market": "0x889818d306dfdf2411bd4635f57d6e045ecc16cd5a7ed65e70d9d1aff15cb205", "price_changes": [{"asset_id": "39897325357078737066187771434610669644965963106025070943483748059770650153056", "price": "0.968", "size": "0", "side": "SELL", "hash": "e5bcf7363b918d00fb9fb728013884104aed6fd4", "best_bid": "0", "best_ask": "0.074"}, {"asset_id": "88974018596292149808429781178652275726321690424741016969103219910461493638995", "price": "0.032", "size": "0", "side": "BUY", "hash": "467f292c9c89d7d6750d977c843d5719eda72814", "best_bid": "0.926", "best_ask": "1"}], "timestamp": "1769384123030", "event_type": "price_change"}}
{"_local_timestamp": "2026-01-25T23:35:23.294472+00:00", "data": {"market": "0x889818d306dfdf2411bd4635f57d6e045ecc16cd5a7ed65e70d9d1aff15cb205", "price_changes": [{"asset_id": "39897325357078737066187771434610669644965963106025070943483748059770650153056", "price": "0.966", "size": "32", "side": "SELL", "hash": "117f9a95003361aae61a6fe370e494df440e2368", "best_bid": "0", "best_ask": "0.074"}, {"asset_id": "88974018596292149808429781178652275726321690424741016969103219910461493638995", "price": "0.034", "size": "32", "side": "BUY", "hash": "8ac33e19bab024984beabce928fb7b71e05669d6", "best_bid": "0.926", "best_ask": "1"}], "timestamp": "1769384123062", "event_type": "price_change"}}
{"_local_timestamp": "2026-01-25T23:35:23.586844+00:00", "data": {"market": "0x889818d306dfdf2411bd4635f57d6e045ecc16cd5a7ed65e70d9d1aff15cb205", "price_changes": [{"asset_id": "39897325357078737066187771434610669644965963106025070943483748059770650153056", "price": "0.967", "size": "0", "side": "SELL", "hash": "57e3b816f273ec9eb76befd8cde555982ed2c1b5", "best_bid": "0", "best_ask": "0.074"}, {"asset_id": "88974018596292149808429781178652275726321690424741016969103219910461493638995", "price": "0.033", "size": "0", "side": "BUY", "hash": "f744c0c8af0f33c0566d992130825d93b74e5607", "best_bid": "0.926", "best_ask": "1"}], "timestamp": "1769384123390", "event_type": "price_change"}}
{"_local_timestamp": "2026-01-25T23:35:23.677540+00:00", "data": {"market": "0x889818d306dfdf2411bd4635f57d6e045ecc16cd5a7ed65e70d9d1aff15cb205", "price_changes": [{"asset_id": "39897325357078737066187771434610669644965963106025070943483748059770650153056", "price": "0.965", "size": "18.41", "side": "SELL", "hash": "1c10099121e81d2af7e9ea907e95b8f0ed2bddff", "best_bid": "0", "best_ask": "0.074"}, {"asset_id": "88974018596292149808429781178652275726321690424741016969103219910461493638995", "price": "0.035", "size": "18.41", "side": "BUY", "hash": "44391b9f3a9967b74541a9960ecc1e4c37a0a5db", "best_bid": "0.926", "best_ask": "1"}], "timestamp": "1769384123474", "event_type": "price_change"}}
{"_local_timestamp": "2026-01-25T23:35:24.550017+00:00", "data": {"market": "0x889818d306dfdf2411bd4635f57d6e045ecc16cd5a7ed65e70d9d1aff15cb205", "price_changes": [{"asset_id": "39897325357078737066187771434610669644965963106025070943483748059770650153056", "price": "0.966", "size": "0", "side": "SELL", "hash": "18d5c9527db34a40f66c13b980fc5d76afad70c3", "best_bid": "0", "best_ask": "0.074"}, {"asset_id": "88974018596292149808429781178652275726321690424741016969103219910461493638995", "price": "0.034", "size": "0", "side": "BUY", "hash": "0ede556632aa70beef29bedbf1c91103c76e2ee0", "best_bid": "0.926", "best_ask": "1"}], "timestamp": "1769384124211", "event_type": "price_change"}}
{"_local_timestamp": "2026-01-25T23:35:24.598719+00:00", "data": {"market": "0x889818d306dfdf2411bd4635f57d6e045ecc16cd5a7ed65e70d9d1aff15cb205", "price_changes": [{"asset_id": "39897325357078737066187771434610669644965963106025070943483748059770650153056", "price": "0.964", "size": "32", "side": "SELL", "hash": "af3081e6fb8668cdf60f5dd9bf0841d318865a97", "best_bid": "0", "best_ask": "0.074"}, {"asset_id": "88974018596292149808429781178652275726321690424741016969103219910461493638995", "price": "0.036", "size": "32", "side": "BUY", "hash": "9d8f5b6fb34133a45b9082c7639d6b8435ad9a0d", "best_bid": "0.926", "best_ask": "1"}], "timestamp": "1769384124243", "event_type": "price_change"}}
{"_local_timestamp": "2026-01-25T23:35:26.588081+00:00", "data": {"market": "0x889818d306dfdf2411bd4635f57d6e045ecc16cd5a7ed65e70d9d1aff15cb205", "price_changes": [{"asset_id": "39897325357078737066187771434610669644965963106025070943483748059770650153056", "price": "0.965", "size": "0", "side": "SELL", "hash": "f4ddd6555b55d023f4c93067f8bd6c50347deead", "best_bid": "0", "best_ask": "0.074"}, {"asset_id": "88974018596292149808429781178652275726321690424741016969103219910461493638995", "price": "0.035", "size": "0", "side": "BUY", "hash": "c1dd6e8f5df7d001cbea4479bd8c472ad6f1cbc8", "best_bid": "0.926", "best_ask": "1"}], "timestamp": "1769384126373", "event_type": "price_change"}}
{"_local_timestamp": "2026-01-25T23:35:26.699333+00:00", "data": {"market": "0x889818d306dfdf2411bd4635f57d6e045ecc16cd5a7ed65e70d9d1aff15cb205", "price_changes": [{"asset_id": "39897325357078737066187771434610669644965963106025070943483748059770650153056", "price": "0.963", "size": "18.41", "side": "SELL", "hash": "02d5603fe9b447a7642c5ccdf2e5d75b48c37758", "best_bid": "0", "best_ask": "0.074"}, {"asset_id": "88974018596292149808429781178652275726321690424741016969103219910461493638995", "price": "0.037", "size": "18.41", "side": "BUY", "hash": "3fe8164f9665e34887875bd174600a4cefa6b839", "best_bid": "0.926", "best_ask": "1"}], "timestamp": "1769384126485", "event_type": "price_change"}}
{"_local_timestamp": "2026-01-25T23:35:27.076338+00:00", "data": {"market": "0x889818d306dfdf2411bd4635f57d6e045ecc16cd5a7ed65e70d9d1aff15cb205", "price_changes": [{"asset_id": "39897325357078737066187771434610669644965963106025070943483748059770650153056", "price": "0.964", "size": "0", "side": "SELL", "hash": "853a00e3cc181e3b64d0f64c3c018a914db99b70", "best_bid": "0", "best_ask": "0.074"}, {"asset_id": "88974018596292149808429781178652275726321690424741016969103219910461493638995", "price": "0.036", "size": "0", "side": "BUY", "hash": "03d7b7fbc23fd32b240ef81f3c72bacd43aa951c", "best_bid": "0.926", "best_ask": "1"}], "timestamp": "1769384126630", "event_type": "price_change"}}
{"_local_timestamp": "2026-01-25T23:35:27.076760+00:00", "data": {"market": "0x889818d306dfdf2411bd4635f57d6e045ecc16cd5a7ed65e70d9d1aff15cb205", "price_changes": [{"asset_id": "39897325357078737066187771434610669644965963106025070943483748059770650153056", "price": "0.962", "size": "32", "side": "SELL", "hash": "e5088234c7d32425eea32d6eee79474a9385eeb2", "best_bid": "0", "best_ask": "0.074"}, {"asset_id": "88974018596292149808429781178652275726321690424741016969103219910461493638995", "price": "0.038", "size": "32", "side": "BUY", "hash": "c6af71b4c0cc32237cc17c94aac8c608dd67c63f", "best_bid": "0.926", "best_ask": "1"}], "timestamp": "1769384126663", "event_type": "price_change"}}
{"_local_timestamp": "2026-01-25T23:35:28.051839+00:00", "data": {"market": "0x889818d306dfdf2411bd4635f57d6e045ecc16cd5a7ed65e70d9d1aff15cb205", "price_changes": [{"asset_id": "39897325357078737066187771434610669644965963106025070943483748059770650153056", "price": "0.963", "size": "0", "side": "SELL", "hash": "acfd44c0aec4f9842a666a75767a7664f1e79215", "best_bid": "0", "best_ask": "0.074"}, {"asset_id": "88974018596292149808429781178652275726321690424741016969103219910461493638995", "price": "0.037", "size": "0", "side": "BUY", "hash": "27b8c03c2c4305b570145c8542b4a6370e7363cc", "best_bid": "0.926", "best_ask": "1"}], "timestamp": "1769384127829", "event_type": "price_change"}}
{"_local_timestamp": "2026-01-25T23:35:28.090546+00:00", "data": {"market": "0x889818d306dfdf2411bd4635f57d6e045ecc16cd5a7ed65e70d9d1aff15cb205", "price_changes": [{"asset_id": "39897325357078737066187771434610669644965963106025070943483748059770650153056", "price": "0.961", "size": "18.41", "side": "SELL", "hash": "545b22ce605b0bf93bee9d08611a8f85499a952e", "best_bid": "0", "best_ask": "0.074"}, {"asset_id": "88974018596292149808429781178652275726321690424741016969103219910461493638995", "price": "0.039", "size": "18.41", "side": "BUY", "hash": "aeabb705972410e2cfd34859fd1e7d5929a6f08d", "best_bid": "0.926", "best_ask": "1"}], "timestamp": "1769384127871", "event_type": "price_change"}}
{"_local_timestamp": "2026-01-25T23:35:29.263195+00:00", "data": {"market": "0x889818d306dfdf2411bd4635f57d6e045ecc16cd5a7ed65e70d9d1aff15cb205", "price_changes": [{"asset_id": "39897325357078737066187771434610669644965963106025070943483748059770650153056", "price": "0.962", "size": "0", "side": "SELL", "hash": "856429468ce5063917781ddbd4a79ca8c221a123", "best_bid": "0", "best_ask": "0.074"}, {"asset_id": "88974018596292149808429781178652275726321690424741016969103219910461493638995", "price": "0.038", "size": "0", "side": "BUY", "hash": "902518e9d6f888c06ecd4a65ab80e13585ae55ac", "best_bid": "0.926", "best_ask": "1"}], "timestamp": "1769384129047", "event_type": "price_change"}}
{"_local_timestamp": "2026-01-25T23:35:29.751297+00:00", "data": {"market": "0x889818d306dfdf2411bd4635f57d6e045ecc16cd5a7ed65e70d9d1aff15cb205", "price_changes": [{"asset_id": "39897325357078737066187771434610669644965963106025070943483748059770650153056", "price": "0.96", "size": "32", "side": "SELL", "hash": "df3e3312acec7064c727c714f0e4feb3031529f4", "best_bid": "0", "best_ask": "0.074"}, {"asset_id": "88974018596292149808429781178652275726321690424741016969103219910461493638995", "price": "0.04", "size": "32", "side": "BUY", "hash": "f6157fbdda715b75a6bb73a5c7c6a8ceb0d2db5e", "best_bid": "0.926", "best_ask": "1"}], "timestamp": "1769384129074", "event_type": "price_change"}}
{"_local_timestamp": "2026-01-25T23:35:29.751622+00:00", "data": {"market": "0x889818d306dfdf2411bd4635f57d6e045ecc16cd5a7ed65e70d9d1aff15cb205", "price_changes": [{"asset_id": "39897325357078737066187771434610669644965963106025070943483748059770650153056", "price": "0.961", "size": "0", "side": "SELL", "hash": "21d47a0200e3bb845d0762018dac8b6a4d6f6aab", "best_bid": "0", "best_ask": "0.074"}, {"asset_id": "88974018596292149808429781178652275726321690424741016969103219910461493638995", "price": "0.039", "size": "0", "side": "BUY", "hash": "6586f83d55955c9f531b0256f7e468688fa0fee7", "best_bid": "0.926", "best_ask": "1"}], "timestamp": "1769384129252", "event_type": "price_change"}}
{"_local_timestamp": "2026-01-25T23:35:29.751882+00:00", "data": {"market": "0x889818d306dfdf2411bd4635f57d6e045ecc16cd5a7ed65e70d9d1aff15cb205", "price_changes": [{"asset_id": "39897325357078737066187771434610669644965963106025070943483748059770650153056", "price": "0.959", "size": "18.41", "side": "SELL", "hash": "79cd7149177ddb21f8931d9d28c40040e6dafe4d", "best_bid": "0", "best_ask": "0.074"}, {"asset_id": "88974018596292149808429781178652275726321690424741016969103219910461493638995", "price": "0.041", "size": "18.41", "side": "BUY", "hash": "e2b7f10dd0a289be0e25f1c16ad05f5a07a4548f", "best_bid": "0.926", "best_ask": "1"}], "timestamp": "1769384129302", "event_type": "price_change"}}
{"_local_timestamp": "2026-01-25T23:35:30.442321+00:00", "data": {"market": "0x889818d306dfdf2411bd4635f57d6e045ecc16cd5a7ed65e70d9d1aff15cb205", "price_changes": [{"asset_id": "39897325357078737066187771434610669644965963106025070943483748059770650153056", "price": "0.96", "size": "0", "side": "SELL", "hash": "ec007bedc7d58a138f6f815d3d38316dc8285a3a", "best_bid": "0", "best_ask": "0.074"}, {"asset_id": "88974018596292149808429781178652275726321690424741016969103219910461493638995", "price": "0.04", "size": "0", "side": "BUY", "hash": "7af108d4a9526be3c8f6a8d953f4f5c9907cdf9c", "best_bid": "0.926", "best_ask": "1"}], "timestamp": "1769384130224", "event_type": "price_change"}}
{"_local_timestamp": "2026-01-25T23:35:30.483747+00:00", "data": {"market": "0x889818d306dfdf2411bd4635f57d6e045ecc16cd5a7ed65e70d9d1aff15cb205", "price_changes": [{"asset_id": "39897325357078737066187771434610669644965963106025070943483748059770650153056", "price": "0.958", "size": "32", "side": "SELL", "hash": "14f2a46e1a57bb73958c4f9ef8ce26759e0149e7", "best_bid": "0", "best_ask": "0.074"}, {"asset_id": "88974018596292149808429781178652275726321690424741016969103219910461493638995", "price": "0.042", "size": "32", "side": "BUY", "hash": "3e048ef6bf502eb500836cfb65f0fb413c36291b", "best_bid": "0.926", "best_ask": "1"}], "timestamp": "1769384130258", "event_type": "price_change"}}
{"_local_timestamp": "2026-01-25T23:35:30.802176+00:00", "data": {"market": "0x889818d306dfdf2411bd4635f57d6e045ecc16cd5a7ed65e70d9d1aff15cb205", "price_changes": [{"asset_id": "39897325357078737066187771434610669644965963106025070943483748059770650153056", "price": "0.959", "size": "0", "side": "SELL", "hash": "5c87523c7bc1d75e31978e644f9afa5ddba91473", "best_bid": "0", "best_ask": "0.074"}, {"asset_id": "88974018596292149808429781178652275726321690424741016969103219910461493638995", "price": "0.041", "size": "0", "side": "BUY", "hash": "c4e69f3a580d9fdd35ef49e2c0ff440e2a7d7697", "best_bid": "0.926", "best_ask": "1"}], "timestamp": "1769384130582", "event_type": "price_change"}}
{"_local_timestamp": "2026-01-25T23:35:30.852393+00:00", "data": {"market": "0x889818d306dfdf2411bd4635f57d6e045ecc16cd5a7ed65e70d9d1aff15cb205", "price_changes": [{"asset_id": "39897325357078737066187771434610669644965963106025070943483748059770650153056", "price": "0.957", "size": "18.41", "side": "SELL", "hash": "252c5f53f8b962e7db816a5f3add53d6533f5da4", "best_bid": "0", "best_ask": "0.074"}, {"asset_id": "88974018596292149808429781178652275726321690424741016969103219910461493638995", "price": "0.043", "size": "18.41", "side": "BUY", "hash": "caec0e52f0523a5621ac8d3c68651761dea1d454", "best_bid": "0.926", "best_ask": "1"}], "timestamp": "1769384130622", "event_type": "price_change"}}
{"_local_timestamp": "2026-01-25T23:35:31.636087+00:00", "data": {"market": "0x889818d306dfdf2411bd4635f57d6e045ecc16cd5a7ed65e70d9d1aff15cb205", "price_changes": [{"asset_id": "39897325357078737066187771434610669644965963106025070943483748059770650153056", "price": "0.958", "size": "0", "side": "SELL", "hash": "a3b0a03824735a18702a31590c6ca602ce7d01cd", "best_bid": "0", "best_ask": "0.074"}, {"asset_id": "88974018596292149808429781178652275726321690424741016969103219910461493638995", "price": "0.042", "size": "0", "side": "BUY", "hash": "99f644403916c7f743a62cc9d88fae955921d132", "best_bid": "0.926", "best_ask": "1"}], "timestamp": "1769384131360", "event_type": "price_change"}}
{"_local_timestamp": "2026-01-25T23:35:31.659890+00:00", "data": {"market": "0x889818d306dfdf2411bd4635f57d6e045ecc16cd5a7ed65e70d9d1aff15cb205", "price_changes": [{"asset_id": "39897325357078737066187771434610669644965963106025070943483748059770650153056", "price": "0.956", "size": "32", "side": "SELL", "hash": "f8423499ed1302417977c96f82f0b0b2a2025314", "best_bid": "0", "best_ask": "0.074"}, {"asset_id": "88974018596292149808429781178652275726321690424741016969103219910461493638995", "price": "0.044", "size": "32", "side": "BUY", "hash": "1391027de61a1fb47ba5885a8f8be95001970ea4", "best_bid": "0.926", "best_ask": "1"}], "timestamp": "1769384131392", "event_type": "price_change"}}
{"_local_timestamp": "2026-01-25T23:35:32.342247+00:00", "data": {"market": "0x889818d306dfdf2411bd4635f57d6e045ecc16cd5a7ed65e70d9d1aff15cb205", "price_changes": [{"asset_id": "39897325357078737066187771434610669644965963106025070943483748059770650153056", "price": "0.957", "size": "0", "side": "SELL", "hash": "a218d8a27a95d42d161b970d9de2685e40f4e7f6", "best_bid": "0", "best_ask": "0.074"}, {"asset_id": "88974018596292149808429781178652275726321690424741016969103219910461493638995", "price": "0.043", "size": "0", "side": "BUY", "hash": "d013d56bfec422f5176aa3452087c94c2e8b2f36", "best_bid": "0.926", "best_ask": "1"}], "timestamp": "1769384132109", "event_type": "price_change"}}
{"_local_timestamp": "2026-01-25T23:35:32.396430+00:00", "data": {"market": "0x889818d306dfdf2411bd4635f57d6e045ecc16cd5a7ed65e70d9d1aff15cb205", "price_changes": [{"asset_id": "39897325357078737066187771434610669644965963106025070943483748059770650153056", "price": "0.955", "size": "18.41", "side": "SELL", "hash": "917611dadfe70ace524870167feb4a7718900d07", "best_bid": "0", "best_ask": "0.074"}, {"asset_id": "88974018596292149808429781178652275726321690424741016969103219910461493638995", "price": "0.045", "size": "18.41", "side": "BUY", "hash": "5139c4b94724add5e414b60f7bad8bf996154793", "best_bid": "0.926", "best_ask": "1"}], "timestamp": "1769384132167", "event_type": "price_change"}}
{"_local_timestamp": "2026-01-25T23:35:32.835132+00:00", "data": {"market": "0x889818d306dfdf2411bd4635f57d6e045ecc16cd5a7ed65e70d9d1aff15cb205", "price_changes": [{"asset_id": "39897325357078737066187771434610669644965963106025070943483748059770650153056", "price": "0.956", "size": "0", "side": "SELL", "hash": "8b5b0481352d37bf64ff141e1a4843ed89711dbd", "best_bid": "0", "best_ask": "0.074"}, {"asset_id": "88974018596292149808429781178652275726321690424741016969103219910461493638995", "price": "0.044", "size": "0", "side": "BUY", "hash": "2d69abdce43c2e788483c371c8e2f89c2183cbf6", "best_bid": "0.926", "best_ask": "1"}], "timestamp": "1769384132603", "event_type": "price_change"}}
{"_local_timestamp": "2026-01-25T23:35:32.860476+00:00", "data": {"market": "0x889818d306dfdf2411bd4635f57d6e045ecc16cd5a7ed65e70d9d1aff15cb205", "price_changes": [{"asset_id": "39897325357078737066187771434610669644965963106025070943483748059770650153056", "price": "0.954", "size": "32", "side": "SELL", "hash": "2cf8b12f9c47f075a3903fa4dc93af8c169429e9", "best_bid": "0", "best_ask": "0.074"}, {"asset_id": "88974018596292149808429781178652275726321690424741016969103219910461493638995", "price": "0.046", "size": "32", "side": "BUY", "hash": "56fbe2d9d9a13a6d811959adcda2df3da9c73016", "best_bid": "0.926", "best_ask": "1"}], "timestamp": "1769384132634", "event_type": "price_change"}}
{"_local_timestamp": "2026-01-25T23:35:33.703525+00:00", "data": {"market": "0x889818d306dfdf2411bd4635f57d6e045ecc16cd5a7ed65e70d9d1aff15cb205", "price_changes": [{"asset_id": "39897325357078737066187771434610669644965963106025070943483748059770650153056", "price": "0.955", "size": "0", "side": "SELL", "hash": "8278fd605da52e11967c8401fcb2eda10a445f2c", "best_bid": "0", "best_ask": "0.074"}, {"asset_id": "88974018596292149808429781178652275726321690424741016969103219910461493638995", "price": "0.045", "size": "0", "side": "BUY", "hash": "12c0f4d7f43699e44f2ebc22148a5f385021bf6f", "best_bid": "0.926", "best_ask": "1"}], "timestamp": "1769384133480", "event_type": "price_change"}}
