{"_local_timestamp": "2026-01-25T23:33:26.531844+00:00", "data": [{"market": "0x9f10dc0de2c776515b68a8f043d53b8298691f0699fd803ad3323aeb2b9b6d81", "asset_id": "82546853770676842488406296113498113599226244548764931066702963655178443243352", "timestamp": "1769383593725", "hash": "45e0d32341ef8ea718b252a4e37406a47a3499cc", "bids": [{"price": "0.01", "size": "76.82"}, {"price": "0.02", "size": "8.34"}, {"price": "0.03", "size": "5.47"}], "asks": [{"price": "0.99", "size": "37.51"}, {"price": "0.98", "size": "600"}, {"price": "0.97", "size": "10.97"}, {"price": "0.95", "size": "600"}, {"price": "0.94", "size": "7.93"}, {"price": "0.9", "size": "626.75"}, {"price": "0.89", "size": "5"}], "event_type": "book", "last_trade_price": ""}, {"market": "0x9f10dc0de2c776515b68a8f043d53b8298691f0699fd803ad3323aeb2b9b6d81", "asset_id": "49336734615337604723446887924763490553447671469048506801246930094615530719349", "timestamp": "1769383593725", "hash": "cbeebbace3c066f95fe464621699f6318b5eb6da", "bids": [{"price": "0.01", "size": "37.51"}, {"price": "0.02", "size": "600"}, {"price": "0.03", "size": "10.97"}, {"price": "0.05", "size": "600"}, {"price": "0.06", "size": "7.93"}, {"price": "0.1", "size": "626.75"}, {"price": "0.11", "size": "5"}], "asks": [{"price": "0.99", "size": "76.82"}, {"price": "0.98", "size": "8.34"}, {"price": "0.97", "size": "5.47"}], "event_type": "book", "last_trade_price": ""}]}
{"_local_timestamp": "2026-01-25T23:35:14.363385+00:00", "data": {"market": "0x9f10dc0de2c776515b68a8f043d53b8298691f0699fd803ad3323aeb2b9b6d81", "price_changes": [{"asset_id": "49336734615337604723446887924763490553447671469048506801246930094615530719349", "price": "0.01", "size": "26.37", "side": "BUY", "hash": "478ce407027b259c348d35638f3009efe95e205e", "best_bid": "0.1", "best_ask": "0.97"}, {"asset_id": "82546853770676842488406296113498113599226244548764931066702963655178443243352", "price": "0.99", "size": "26.37", "side": "SELL", "hash": "2f34dd4ddb463cedbe7e55d52f4a54a449d3946d", "best_bid": "0.03", "best_ask": "0.9"}], "timestamp": "1769384114294", "event_type": "price_change"}}
{"_local_timestamp": "2026-01-25T23:35:14.364527+00:00", "data": {"market": "0x9f10dc0de2c776515b68a8f043d53b8298691f0699fd803ad3323aeb2b9b6d81", "price_changes": [{"asset_id": "49336734615337604723446887924763490553447671469048506801246930094615530719349", "price": "0.11", "size": "0", "side": "BUY", "hash": "478ce407027b259c348d35638f3009efe95e205e", "best_bid": "0.1", "best_ask": "0.97"}, {"asset_id": "82546853770676842488406296113498113599226244548764931066702963655178443243352", "price": "0.89", "size": "0", "side": "SELL", "hash": "2f34dd4ddb463cedbe7e55d52f4a54a449d3946d", "best_bid": "0.03", "best_ask": "0.9"}], "timestamp": "1769384114294", "event_type": "price_change"}}
{"_local_timestamp": "2026-01-25T23:35:17.086171+00:00", "data": {"market": "0x9f10dc0de2c776515b68a8f043d53b8298691f0699fd803ad3323aeb2b9b6d81", "price_changes": [{"asset_id": "49336734615337604723446887924763490553447671469048506801246930094615530719349", "price": "0.01", "size": "37.51", "side": "BUY", "hash": "a1223ef581959eb7c81f1398b6e5c7f84168ec6f", "best_bid": "0.1", "best_ask": "0.97"}, {"asset_id": "82546853770676842488406296113498113599226244548764931066702963655178443243352", "price": "0.99", "size": "37.51", "side": "SELL", "hash": "5f7d51fcd1a0002f7910ae169c84ad2840ba6b59", "best_bid": "0.03", "best_ask": "0.9"}], "timestamp": "1769384117015", "event_type": "price_change"}}
{"_local_timestamp": "2026-01-25T23:35:17.086691+00:00", "data": {"market": "0x9f10dc0de2c776515b68a8f043d53b8298691f0699fd803ad3323aeb2b9b6d81", "price_changes": [{"asset_id": "49336734615337604723446887924763490553447671469048506801246930094615530719349", "price": "0.11", "size": "5", "side": "BUY", "hash": "a7ae365ea4f40550a5d6d36f1e8cd8726a1c1108", "best_bid": "0.11", "best_ask": "0.97"}, {"asset_id": "82546853770676842488406296113498113599226244548764931066702963655178443243352", "price": "0.89", "size": "5", "side": "SELL", "hash": "7a42d12603432acbdbc18a7ac8f52605178a02be", "best_bid": "0.03", "best_ask": "0.89"}], "timestamp": "1769384117016", "event_type": "price_change"}}
{"_local_timestamp": "2026-01-25T23:36:59.227244+00:00", "data": {"market": "0x9f10dc0de2c776515b68a8f043d53b8298691f0699fd803ad3323aeb2b9b6d81", "price_changes": [{"asset_id": "49336734615337604723446887924763490553447671469048506801246930094615530719349", "price": "0.01", "size": "26.37", "side": "BUY", "hash": "2483c801ecdf1d6cd291db36e8112375581dc08d", "best_bid": "0.1", "best_ask": "0.97"}, {"asset_id": "82546853770676842488406296113498113599226244548764931066702963655178443243352", "price": "0.99", "size": "26.37", "side": "SELL", "hash": "c1767186ae92593c369bcdeb38361e57119e034a", "best_bid": "0.03", "best_ask": "0.9"}], "timestamp": "1769384219154", "event_type": "price_change"}}
{"_local_timestamp": "2026-01-25T23:36:59.227907+00:00", "data": {"market": "0x9f10dc0de2c776515b68a8f043d53b8298691f0699fd803ad3323aeb2b9b6d81", "price_changes": [{"asset_id": "49336734615337604723446887924763490553447671469048506801246930094615530719349", "price": "0.11", "size": "0", "side": "BUY", "hash": "2483c801ecdf1d6cd291db36e8112375581dc08d", "best_bid": "0.1", "best_ask": "0.97"}, {"asset_id": "82546853770676842488406296113498113599226244548764931066702963655178443243352", "price": "0.89", "size": "0", "side": "SELL", "hash": "c1767186ae92593c369bcdeb38361e57119e034a", "best_bid": "0.03", "best_ask": "0.9"}], "timestamp": "1769384219154", "event_type": "price_change"}}
{"_local_timestamp": "2026-01-25T23:36:59.664648+00:00", "data": {"market": "0x9f10dc0de2c776515b68a8f043d53b8298691f0699fd803ad3323aeb2b9b6d81", "price_changes": [{"asset_id": "49336734615337604723446887924763490553447671469048506801246930094615530719349", "price": "0.01", "size": "37.51", "side": "BUY", "hash": "fa4ebd35e8c029117fc85003849e266cc11826b3", "best_bid": "0.1", "best_ask": "0.97"}, {"asset_id": "82546853770676842488406296113498113599226244548764931066702963655178443243352", "price": "0.99", "size": "37.51", "side": "SELL", "hash": "51b3970877858d951c349b776ab93a62e4d4dc97", "best_bid": "0.03", "best_ask": "0.9"}], "timestamp": "1769384219597", "event_type": "price_change"}}
{"_local_timestamp": "2026-01-25T23:36:59.665047+00:00", "data": {"market": "0x9f10dc0de2c776515b68a8f043d53b8298691f0699fd803ad3323aeb2b9b6d81", "price_changes": [{"asset_id": "49336734615337604723446887924763490553447671469048506801246930094615530719349", "price": "0.11", "size": "5", "side": "BUY", "hash": "b4df0afb0684cfcb2f730da95b8178910e4e74a2", "best_bid": "0.11", "best_ask": "0.97"}, {"asset_id": "82546853770676842488406296113498113599226244548764931066702963655178443243352", "price": "0.89", "size": "5", "side": "SELL", "hash": "104d831835096c4f8d5570c61f21c9e10f95bc83", "best_bid": "0.03", "best_ask": "0.89"}], "timestamp": "1769384219598", "event_type": "price_change"}}
