{"_local_timestamp": "2026-01-25T23:33:58.688102+00:00", "data": [{"market": "0xa55cb5ef47b120e20225dfac4260a852ff2d66b1029be84140826358dd17d57f", "asset_id": "72393438098466972297597674006747034220924966382899877769423450749463824041513", "timestamp": "1769384033583", "hash": "1ac508914bde65023f3f6c0df821b7e078f39b4e", "bids": [{"price": "0.001", "size": "100009"}, {"price": "0.002", "size": "55000"}, {"price": "0.008", "size": "155"}, {"price": "0.01", "size": "19200"}, {"price": "0.011", "size": "55710"}, {"price": "0.02", "size": "1000"}, {"price": "0.031", "size": "12000"}, {"price": "0.04", "size": "2000"}, {"price": "0.05", "size": "600"}, {"price": "0.08", "size": "155"}, {"price": "0.097", "size": "100"}, {"price": "0.099", "size": "100"}, {"price": "0.1", "size": "700"}, {"price": "0.101", "size": "10700"}, {"price": "0.102", "size": "5000"}, {"price": "0.11", "size": "3000"}, {"price": "0.111", "size": "4400"}, {"price": "0.143", "size": "400"}, {"price": "0.47", "size": "100"}, {"price": "0.49", "size": "100"}, {"price": "0.497", "size": "100"}, {"price": "0.499", "size": "500"}, {"price": "0.5", "size": "440"}, {"price": "0.75", "size": "60"}, {"price": "0.767", "size": "60"}, {"price": "0.768", "size": "53"}, {"price": "0.769", "size": "60"}, {"price": "0.77", "size": "60"}, {"price": "0.771", "size": "22.27"}, {"price": "0.99", "size": "70.7"}, {"price": "0.991", "size": "622.54"}, {"price": "0.992", "size": "50.4"}, {"price": "0.993", "size": "45.31"}, {"price": "0.994", "size": "40.24"}, {"price": "0.995", "size": "35.17"}, {"price": "0.996", "size": "35.13"}, {"price": "0.997", "size": "25.07"}, {"price": "0.998", "size": "520.04"}, {"price": "0.999", "size": "114718.14"}], "asks": [], "event_type": "book", "last_trade_price": "0.999"}, {"market": "0xa55cb5ef47b120e20225dfac4260a852ff2d66b1029be84140826358dd17d57f", "asset_id": "112772951724658729290014487768777270812018717251551412726994926163223979407893", "timestamp": "1769384033583", "hash": "114a5bbf395359235dc52dfb777762e4c72a0942", "bids": [], "asks": [{"price": "0.999", "size": "100009"}, {"price": "0.998", "size": "55000"}, {"price": "0.992", "size": "155"}, {"price": "0.99", "size": "19200"}, {"price": "0.989", "size": "55710"}, {"price": "0.98", "size": "1000"}, {"price": "0.969", "size": "12000"}, {"price": "0.96", "size": "2000"}, {"price": "0.95", "size": "600"}, {"price": "0.92", "size": "155"}, {"price": "0.903", "size": "100"}, {"price": "0.901", "size": "100"}, {"price": "0.9", "size": "700"}, {"price": "0.899", "size": "10700"}, {"price": "0.898", "size": "5000"}, {"price": "0.89", "size": "3000"}, {"price": "0.889", "size": "4400"}, {"price": "0.857", "size": "400"}, {"price": "0.53", "size": "100"}, {"price": "0.51", "size": "100"}, {"price": "0.503", "size": "100"}, {"price": "0.501", "size": "500"}, {"price": "0.5", "size": "440"}, {"price": "0.25", "size": "60"}, {"price": "0.233", "size": "60"}, {"price": "0.232", "size": "53"}, {"price": "0.231", "size": "60"}, {"price": "0.23", "size": "60"}, {"price": "0.229", "size": "22.27"}, {"price": "0.01", "size": "70.7"}, {"price": "0.009", "size": "622.54"}, {"price": "0.008", "size": "50.4"}, {"price": "0.007", "size": "45.31"}, {"price": "0.006", "size": "40.24"}, {"price": "0.005", "size": "35.17"}, {"price": "0.004", "size": "35.13"}, {"price": "0.003", "size": "25.07"}, {"price": "0.002", "size": "520.04"}, {"price": "0.001", "size": "114718.14"}], "event_type": "book", "last_trade_price": "0.999"}]}
{"_local_timestamp": "2026-01-25T23:34:07.969345+00:00", "data": {"market": "0xa55cb5ef47b120e20225dfac4260a852ff2d66b1029be84140826358dd17d57f", "price_changes": [{"asset_id": "72393438098466972297597674006747034220924966382899877769423450749463824041513", "price": "0.999", "size": "110364.14", "side": "BUY", "hash": "2882e719a05db49e8622bbb004849b272c817cf4", "best_bid": "0.999", "best_ask": "1"}, {"asset_id": "112772951724658729290014487768777270812018717251551412726994926163223979407893", "price": "0.001", "size": "110364.14", "side": "SELL", "hash": "60f4dd4fd5657a64a42f6f46ffffde63a7627d8b", "best_bid": "0", "best_ask": "0.001"}], "timestamp": "1769384047888", "event_type": "price_change"}}
{"_local_timestamp": "2026-01-25T23:34:08.671419+00:00", "data": {"market": "0xa55cb5ef47b120e20225dfac4260a852ff2d66b1029be84140826358dd17d57f", "price_changes": [{"asset_id": "72393438098466972297597674006747034220924966382899877769423450749463824041513", "price": "0.999", "size": "105371.14", "side": "BUY", "hash": "019ec44e4218b47aa5a3ef78ece0f525f32bacec", "best_bid": "0.999", "best_ask": "1"}, {"asset_id": "112772951724658729290014487768777270812018717251551412726994926163223979407893", "price": "0.001", "size": "105371.14", "side": "SELL", "hash": "878e75669c6ebea918919abf65a83666d80616e5", "best_bid": "0", "best_ask": "0.001"}], "timestamp": "1769384048563", "event_type": "price_change"}}
{"_local_timestamp": "2026-01-25T23:34:09.303231+00:00", "data": {"market": "0xa55cb5ef47b120e20225dfac4260a852ff2d66b1029be84140826358dd17d57f", "price_changes": [{"asset_id": "72393438098466972297597674006747034220924966382899877769423450749463824041513", "price": "0.999", "size": "95380.14", "side": "BUY", "hash": "2a792311e77deca1a4dc2ef1a99b42629617d9dd", "best_bid": "0.999", "best_ask": "1"}, {"asset_id": "112772951724658729290014487768777270812018717251551412726994926163223979407893", "price": "0.001", "size": "95380.14", "side": "SELL", "hash": "c6b673e824a92eeabfed25e9604e69cdfacb56a6", "best_bid": "0", "best_ask": "0.001"}], "timestamp": "1769384049210", "event_type": "price_change"}}
{"_local_timestamp": "2026-01-25T23:34:11.203923+00:00", "data": {"market": "0xa55cb5ef47b120e20225dfac4260a852ff2d66b1029be84140826358dd17d57f", "price_changes": [{"asset_id": "72393438098466972297597674006747034220924966382899877769423450749463824041513", "price": "0.999", "size": "97880.14", "side": "BUY", "hash": "65f30558efea8a19288f2c6b22782bc13d86995c", "best_bid": "0.999", "best_ask": "1"}, {"asset_id": "112772951724658729290014487768777270812018717251551412726994926163223979407893", "price": "0.001", "size": "97880.14", "side": "SELL", "hash": "67d1fa18894337df3050269bd9f6f85e8a299ef5", "best_bid": "0", "best_ask": "0.001"}], "timestamp": "1769384051122", "event_type": "price_change"}}
{"_local_timestamp": "2026-01-25T23:34:12.442751+00:00", "data": {"market": "0xa55cb5ef47b120e20225dfac4260a852ff2d66b1029be84140826358dd17d57f", "price_changes": [{"asset_id": "72393438098466972297597674006747034220924966382899877769423450749463824041513", "price": "0.999", "size": "98504.14", "side": "BUY", "hash": "98923a1c6c5dd7887a242087c7873e628d0aace2", "best_bid": "0.999", "best_ask": "1"}, {"asset_id": "112772951724658729290014487768777270812018717251551412726994926163223979407893", "price": "0.001", "size": "98504.14", "side": "SELL", "hash": "c3e6fe4ec5394bba930356e20059423628262d25", "best_bid": "0", "best_ask": "0.001"}], "timestamp": "1769384052358", "event_type": "price_change"}}
{"_local_timestamp": "2026-01-25T23:34:13.573438+00:00", "data": {"market": "0xa55cb5ef47b120e20225dfac4260a852ff2d66b1029be84140826358dd17d57f", "price_changes": [{"asset_id": "72393438098466972297597674006747034220924966382899877769423450749463824041513", "price": "0.999", "size": "98659.14", "side": "BUY", "hash": "d5722aea300dc4a9db21df9ee95e39c7beefdb20", "best_bid": "0.999", "best_ask": "1"}, {"asset_id": "112772951724658729290014487768777270812018717251551412726994926163223979407893", "price": "0.001", "size": "98659.14", "side": "SELL", "hash": "64f1d5ee166f29aa4b098f9401b588ff1a838641", "best_bid": "0", "best_ask": "0.001"}], "timestamp": "1769384053417", "event_type": "price_change"}}
{"_local_timestamp": "2026-01-25T23:34:14.919551+00:00", "data": {"market": "0xa55cb5ef47b120e20225dfac4260a852ff2d66b1029be84140826358dd17d57f", "price_changes": [{"asset_id": "72393438098466972297597674006747034220924966382899877769423450749463824041513", "price": "0.999", "size": "98697.14", "side": "BUY", "hash": "3f57ab0fbd457bf13f1613f6a805fcdb92a150c7", "best_bid": "0.999", "best_ask": "1"}, {"asset_id": "112772951724658729290014487768777270812018717251551412726994926163223979407893", "price": "0.001", "size": "98697.14", "side": "SELL", "hash": "67ec3bc1ed9a2fd1d87b0197ff9ec207760a5cbb", "best_bid": "0", "best_ask": "0.001"}], "timestamp": "1769384054846", "event_type": "price_change"}}
