{"_local_timestamp": "2026-01-25T23:34:02.533990+00:00", "data": [{"market": "0x32d2851a3f98acaa7f598da8ad25f9b7f5e2fd3b9b96184a9379c110f2cea521", "asset_id": "7640511833954185040436896906639276581167678753883742585713674516230332913876", "timestamp": "1769384001967", "hash": "f5f505f97c5fb403a52c89b26537949f16b3896e", "bids": [{"price": "0.01", "size": "1294.36"}, {"price": "0.02", "size": "158.86"}, {"price": "0.03", "size": "12.17"}, {"price": "0.05", "size": "51"}, {"price": "0.06", "size": "5.23"}, {"price": "0.71", "size": "50"}], "asks": [{"price": "0.99", "size": "594.55"}, {"price": "0.98", "size": "863.75"}, {"price": "0.97", "size": "300"}, {"price": "0.96", "size": "6.23"}, {"price": "0.94", "size": "10.97"}, {"price": "0.91", "size": "50"}], "event_type": "book", "last_trade_price": ""}, {"market": "0x32d2851a3f98acaa7f598da8ad25f9b7f5e2fd3b9b96184a9379c110f2cea521", "asset_id": "2674367043091855449550208454045623085077256798154312821230183709514144464554", "timestamp": "1769384001967", "hash": "95f7a93d784562d393ee331365e545b712d47de6", "bids": [{"price": "0.01", "size": "594.55"}, {"price": "0.02", "size": "863.75"}, {"price": "0.03", "size": "300"}, {"price": "0.04", "size": "6.23"}, {"price": "0.06", "size": "10.97"}, {"price": "0.09", "size": "50"}], "asks": [{"price": "0.99", "size": "1294.36"}, {"price": "0.98", "size": "158.86"}, {"price": "0.97", "size": "12.17"}, {"price": "0.95", "size": "51"}, {"price": "0.94", "size": "5.23"}, {"price": "0.29", "size": "50"}], "event_type": "book", "last_trade_price": ""}]}
{"_local_timestamp": "2026-01-25T23:35:42.798055+00:00", "data": {"market": "0x32d2851a3f98acaa7f598da8ad25f9b7f5e2fd3b9b96184a9379c110f2cea521", "price_changes": [{"asset_id": "7640511833954185040436896906639276581167678753883742585713674516230332913876", "price": "0.01", "size": "1285.01", "side": "BUY", "hash": "06c8da6ef88affd1b91630bb7d4ef51fb452ae04", "best_bid": "0.71", "best_ask": "0.91"}, {"asset_id": "2674367043091855449550208454045623085077256798154312821230183709514144464554", "price": "0.99", "size": "1285.01", "side": "SELL", "hash": "3402c9b95b84b91520b25f6a0ffd2fcc9339e57f", "best_bid": "0.09", "best_ask": "0.29"}], "timestamp": "1769384142726", "event_type": "price_change"}}
{"_local_timestamp": "2026-01-25T23:35:42.799107+00:00", "data": {"market": "0x32d2851a3f98acaa7f598da8ad25f9b7f5e2fd3b9b96184a9379c110f2cea521", "price_changes": [{"asset_id": "7640511833954185040436896906639276581167678753883742585713674516230332913876", "price": "0.03", "size": "0", "side": "BUY", "hash": "06c8da6ef88affd1b91630bb7d4ef51fb452ae04", "best_bid": "0.71", "best_ask": "0.91"}, {"asset_id": "2674367043091855449550208454045623085077256798154312821230183709514144464554", "price": "0.97", "size": "0", "side": "SELL", "hash": "3402c9b95b84b91520b25f6a0ffd2fcc9339e57f", "best_bid": "0.09", "best_ask": "0.29"}], "timestamp": "1769384142726", "event_type": "price_change"}}
{"_local_timestamp": "2026-01-25T23:35:44.810687+00:00", "data": {"market": "0x32d2851a3f98acaa7f598da8ad25f9b7f5e2fd3b9b96184a9379c110f2cea521", "price_changes": [{"asset_id": "2674367043091855449550208454045623085077256798154312821230183709514144464554", "price": "0.01", "size": "587.09", "side": "BUY", "hash": "adc04e1c46ecc384c9563532946d06ca5c707f24", "best_bid": "0.09", "best_ask": "0.29"}, {"asset_id": "7640511833954185040436896906639276581167678753883742585713674516230332913876", "price": "0.99", "size": "587.09", "side": "SELL", "hash": "e5f5ad0407b3090fd52f375c238d50006de99ea8", "best_bid": "0.71", "best_ask": "0.91"}], "timestamp": "1769384144747", "event_type": "price_change"}}
{"_local_timestamp": "2026-01-25T23:35:44.811034+00:00", "data": {"market": "0x32d2851a3f98acaa7f598da8ad25f9b7f5e2fd3b9b96184a9379c110f2cea521", "price_changes": [{"asset_id": "2674367043091855449550208454045623085077256798154312821230183709514144464554", "price": "0.06", "size": "5.47", "side": "BUY", "hash": "adc04e1c46ecc384c9563532946d06ca5c707f24", "best_bid": "0.09", "best_ask": "0.29"}, {"asset_id": "7640511833954185040436896906639276581167678753883742585713674516230332913876", "price": "0.94", "size": "5.47", "side": "SELL", "hash": "e5f5ad0407b3090fd52f375c238d50006de99ea8", "best_bid": "0.71", "best_ask": "0.91"}], "timestamp": "1769384144747", "event_type": "price_change"}}
{"_local_timestamp": "2026-01-25T23:35:45.816141+00:00", "data": {"market": "0x32d2851a3f98acaa7f598da8ad25f9b7f5e2fd3b9b96184a9379c110f2cea521", "price_changes": [{"asset_id": "7640511833954185040436896906639276581167678753883742585713674516230332913876", "price": "0.06", "size": "12.87", "side": "BUY", "hash": "2cb1ae64ed2c6e462784c5f0ab76b85a328f5972", "best_bid": "0.71", "best_ask": "0.91"}, {"asset_id": "2674367043091855449550208454045623085077256798154312821230183709514144464554", "price": "0.94", "size": "12.87", "side": "SELL", "hash": "c8b051775efd35c2288c114f141b172b18b4c801", "best_bid": "0.09", "best_ask": "0.29"}], "timestamp": "1769384145750", "event_type": "price_change"}}
{"_local_timestamp": "2026-01-25T23:35:46.122891+00:00", "data": {"market": "0x32d2851a3f98acaa7f598da8ad25f9b7f5e2fd3b9b96184a9379c110f2cea521", "price_changes": [{"asset_id": "2674367043091855449550208454045623085077256798154312821230183709514144464554", "price": "0.04", "size": "16.35", "side": "BUY", "hash": "b58c1b764f4fc61ed9e9c7ae8b84f35b35df1ba3", "best_bid": "0.09", "best_ask": "0.29"}, {"asset_id": "7640511833954185040436896906639276581167678753883742585713674516230332913876", "price": "0.96", "size": "16.35", "side": "SELL", "hash": "eadf02da649f428a4da97e0193ed0f3ae66da7d9", "best_bid": "0.71", "best_ask": "0.91"}], "timestamp": "1769384146047", "event_type": "price_change"}}
{"_local_timestamp": "2026-01-25T23:35:48.536267+00:00", "data": {"market": "0x32d2851a3f98acaa7f598da8ad25f9b7f5e2fd3b9b96184a9379c110f2cea521", "price_changes": [{"asset_id": "2674367043091855449550208454045623085077256798154312821230183709514144464554", "price": "0.06", "size": "0", "side": "BUY", "hash": "78f2bc93e23c18e9742d77be8821da1238bcc376", "best_bid": "0.09", "best_ask": "0.29"}, {"asset_id": "7640511833954185040436896906639276581167678753883742585713674516230332913876", "price": "0.94", "size": "0", "side": "SELL", "hash": "a5f4d6c40e118328def6f0f17e868af578bda327", "best_bid": "0.71", "best_ask": "0.91"}], "timestamp": "1769384148457", "event_type": "price_change"}}
{"_local_timestamp": "2026-01-25T23:35:48.559333+00:00", "data": {"market": "0x32d2851a3f98acaa7f598da8ad25f9b7f5e2fd3b9b96184a9379c110f2cea521", "price_changes": [{"asset_id": "2674367043091855449550208454045623085077256798154312821230183709514144464554", "price": "0.05", "size": "5.47", "side": "BUY", "hash": "68d38286b1af93d294b22f68e6cf0aeb3a3a675a", "best_bid": "0.09", "best_ask": "0.29"}, {"asset_id": "7640511833954185040436896906639276581167678753883742585713674516230332913876", "price": "0.95", "size": "5.47", "side": "SELL", "hash": "4b559816827fb25a13a5db188978ac590c232fbb", "best_bid": "0.71", "best_ask": "0.91"}], "timestamp": "1769384148495", "event_type": "price_change"}}
{"_local_timestamp": "2026-01-25T23:37:12.096349+00:00", "data": {"market": "0x32d2851a3f98acaa7f598da8ad25f9b7f5e2fd3b9b96184a9379c110f2cea521", "price_changes": [{"asset_id": "2674367043091855449550208454045623085077256798154312821230183709514144464554", "price": "0.09", "size": "0", "side": "BUY", "hash": "07ce515d95255578a016f0a5a535daf03baf368c", "best_bid": "0.05", "best_ask": "0.29"}, {"asset_id": "7640511833954185040436896906639276581167678753883742585713674516230332913876", "price": "0.91", "size": "0", "side": "SELL", "hash": "0bad58ee3f3a06cb952dabb4c343b572423a76c8", "best_bid": "0.71", "best_ask": "0.95"}], "timestamp": "1769384232001", "event_type": "price_change"}}
{"_local_timestamp": "2026-01-25T23:37:12.110473+00:00", "data": {"market": "0x32d2851a3f98acaa7f598da8ad25f9b7f5e2fd3b9b96184a9379c110f2cea521", "price_changes": [{"asset_id": "7640511833954185040436896906639276581167678753883742585713674516230332913876", "price": "0.71", "size": "0", "side": "BUY", "hash": "27410560f7ec0cd4d4d9f1904594d13834e896ed", "best_bid": "0.06", "best_ask": "0.95"}, {"asset_id": "2674367043091855449550208454045623085077256798154312821230183709514144464554", "price": "0.29", "size": "0", "side": "SELL", "hash": "c0eadc0a554fe551cfc24153f960a7e8e22205fb", "best_bid": "0.05", "best_ask": "0.94"}], "timestamp": "1769384232004", "event_type": "price_change"}}
