{"_local_timestamp": "2026-01-25T23:33:58.786676+00:00", "data": [{"market": "0xe2553292ba7396276d6b2bc829bb96a90a58f8c6dfb815dd796087c80493dee2", "asset_id": "95296754554547298534105985170386507020054139082362405919559733180379536838666", "timestamp": "1769383789827", "hash": "877b3b11f1ad6e714b75018e20c35659359f00a6", "bids": [{"price": "0.001", "size": "10"}, {"price": "0.01", "size": "2200"}, {"price": "0.02", "size": "1800"}, {"price": "0.05", "size": "1700"}, {"price": "0.08", "size": "900"}, {"price": "0.14", "size": "400"}, {"price": "0.141", "size": "35.06"}, {"price": "0.292", "size": "12.58"}, {"price": "0.293", "size": "10.63"}, {"price": "0.99", "size": "100"}, {"price": "0.995", "size": "140"}, {"price": "0.996", "size": "39.99"}, {"price": "0.997", "size": "189.37"}], "asks": [], "event_type": "book", "last_trade_price": "0.001"}, {"market": "0xe2553292ba7396276d6b2bc829bb96a90a58f8c6dfb815dd796087c80493dee2", "asset_id": "46606044875771953867528031811801398278076513519136840986852470052106370444587", "timestamp": "1769383789827", "hash": "dc1203904e4addf91b010ebc68aca7c48271c81f", "bids": [], "asks": [{"price": "0.999", "size": "10"}, {"price": "0.99", "size": "2200"}, {"price": "0.98", "size": "1800"}, {"price": "0.95", "size": "1700"}, {"price": "0.92", "size": "900"}, {"price": "0.86", "size": "400"}, {"price": "0.859", "size": "35.06"}, {"price": "0.708", "size": "12.58"}, {"price": "0.707", "size": "10.63"}, {"price": "0.01", "size": "100"}, {"price": "0.005", "size": "140"}, {"price": "0.004", "size": "39.99"}, {"price": "0.003", "size": "189.37"}], "event_type": "book", "last_trade_price": "0.001"}]}
{"_local_timestamp": "2026-01-25T23:34:59.377404+00:00", "data": {"market": "0xe2553292ba7396276d6b2bc829bb96a90a58f8c6dfb815dd796087c80493dee2", "price_changes": [{"asset_id": "46606044875771953867528031811801398278076513519136840986852470052106370444587", "price": "0.708", "size": "0", "side": "SELL", "hash": "a8ccf6eb03ba5aabf15175ee3742de97ecd9beaf", "best_bid": "0", "best_ask": "0.003"}, {"asset_id": "95296754554547298534105985170386507020054139082362405919559733180379536838666", "price": "0.292", "size": "0", "side": "BUY", "hash": "39bc39164606e603902fd74dd6d2ce09e184e6a0", "best_bid": "0.997", "best_ask": "1"}], "timestamp": "1769384099294", "event_type": "price_change"}}
{"_local_timestamp": "2026-01-25T23:35:00.896161+00:00", "data": {"market": "0xe2553292ba7396276d6b2bc829bb96a90a58f8c6dfb815dd796087c80493dee2", "price_changes": [{"asset_id": "46606044875771953867528031811801398278076513519136840986852470052106370444587", "price": "0.707", "size": "0", "side": "SELL", "hash": "8dce9bc288f607e0c16715af397138686666590c", "best_bid": "0", "best_ask": "0.003"}, {"asset_id": "95296754554547298534105985170386507020054139082362405919559733180379536838666", "price": "0.293", "size": "0", "side": "BUY", "hash": "b9d125347b5dcff6c77c824df7863e3e995aadc2", "best_bid": "0.997", "best_ask": "1"}], "timestamp": "1769384100824", "event_type": "price_change"}}
{"_local_timestamp": "2026-01-25T23:35:00.965381+00:00", "data": {"market": "0xe2553292ba7396276d6b2bc829bb96a90a58f8c6dfb815dd796087c80493dee2", "price_changes": [{"asset_id": "46606044875771953867528031811801398278076513519136840986852470052106370444587", "price": "0.858", "size": "10.63", "side": "SELL", "hash": "8c79c4419f481296dd6572fe1cf2d1fd598a8630", "best_bid": "0", "best_ask": "0.003"}, {"asset_id": "95296754554547298534105985170386507020054139082362405919559733180379536838666", "price": "0.142", "size": "10.63", "side": "BUY", "hash": "21d1c4940d7861fb295ab7d986addb92ee015cb1", "best_bid": "0.997", "best_ask": "1"}], "timestamp": "1769384100896", "event_type": "price_change"}}
{"_local_timestamp": "2026-01-25T23:35:01.557037+00:00", "data": {"market": "0xe2553292ba7396276d6b2bc829bb96a90a58f8c6dfb815dd796087c80493dee2", "price_changes": [{"asset_id": "46606044875771953867528031811801398278076513519136840986852470052106370444587", "price": "0.706", "size": "12.58", "side": "SELL", "hash": "3252dee7685971ffe3b57158bbde108568b77b8c", "best_bid": "0", "best_ask": "0.003"}, {"asset_id": "95296754554547298534105985170386507020054139082362405919559733180379536838666", "price": "0.294", "size": "12.58", "side": "BUY", "hash": "2439b0d5d0de7813ab08bdfbf3343e4ffb1e00ce", "best_bid": "0.997", "best_ask": "1"}], "timestamp": "1769384101489", "event_type": "price_change"}}
{"_local_timestamp": "2026-01-25T23:35:02.556011+00:00", "data": {"market": "0xe2553292ba7396276d6b2bc829bb96a90a58f8c6dfb815dd796087c80493dee2", "price_changes": [{"asset_id": "46606044875771953867528031811801398278076513519136840986852470052106370444587", "price": "0.858", "size": "0", "side": "SELL", "hash": "1fdc2eb7321bd28e4c29783c8977a0fa070a283e", "best_bid": "0", "best_ask": "0.003"}, {"asset_id": "95296754554547298534105985170386507020054139082362405919559733180379536838666", "price": "0.142", "size": "0", "side": "BUY", "hash": "f0e1f0ddc19dc212b66c46ae55dfd8c240f1aa63", "best_bid": "0.997", "best_ask": "1"}], "timestamp": "1769384102390", "event_type": "price_change"}}
{"_local_timestamp": "2026-01-25T23:35:02.556330+00:00", "data": {"market": "0xe2553292ba7396276d6b2bc829bb96a90a58f8c6dfb815dd796087c80493dee2", "price_changes": [{"asset_id": "46606044875771953867528031811801398278076513519136840986852470052106370444587", "price": "0.705", "size": "10.63", "side": "SELL", "hash": "6634967c2246f194c986f569523da9e2225b0512", "best_bid": "0", "best_ask": "0.003"}, {"asset_id": "95296754554547298534105985170386507020054139082362405919559733180379536838666", "price": "0.295", "size": "10.63", "side": "BUY", "hash": "623cd5a1dc7fb2f8c424715eec7a0eea045b1958", "best_bid": "0.997", "best_ask": "1"}], "timestamp": "1769384102448", "event_type": "price_change"}}
