{"_local_timestamp": "2026-01-25T23:34:06.949047+00:00", "data": [{"market": "0x9b3432e989e48d27f66d747901ccf574c1b181c4a6a86c5b57c195aed135bc59", "asset_id": "5130309043192799999933644817228338805128523784510822154717928819585795504613", "timestamp": "1769384046447", "hash": "475ec5dd043c2961f43bcfc890e1b58d305fb4eb", "bids": [{"price": "0.001", "size": "3025.12"}, {"price": "0.002", "size": "250"}, {"price": "0.003", "size": "28.93"}, {"price": "0.01", "size": "285"}, {"price": "0.02", "size": "150"}, {"price": "0.021", "size": "14.9"}, {"price": "0.05", "size": "40"}, {"price": "0.06", "size": "66"}, {"price": "0.078", "size": "300"}, {"price": "0.088", "size": "200"}, {"price": "0.095", "size": "125"}, {"price": "0.102", "size": "75"}, {"price": "0.103", "size": "37"}, {"price": "0.104", "size": "5.67"}, {"price": "0.368", "size": "7.96"}, {"price": "0.369", "size": "35.23"}, {"price": "0.37", "size": "29.72"}, {"price": "0.407", "size": "50"}, {"price": "0.408", "size": "29.05"}, {"price": "0.949", "size": "25"}], "asks": [{"price": "0.999", "size": "5881.99"}, {"price": "0.998", "size": "33.5"}, {"price": "0.997", "size": "77"}, {"price": "0.996", "size": "60.5"}, {"price": "0.99", "size": "230"}, {"price": "0.988", "size": "57"}, {"price": "0.987", "size": "18.48"}, {"price": "0.98", "size": "150"}, {"price": "0.979", "size": "300"}, {"price": "0.978", "size": "9.3"}, {"price": "0.976", "size": "200"}, {"price": "0.974", "size": "125"}, {"price": "0.972", "size": "75"}], "event_type": "book", "last_trade_price": "0.051"}, {"market": "0x9b3432e989e48d27f66d747901ccf574c1b181c4a6a86c5b57c195aed135bc59", "asset_id": "24358210787676305697341608050830551906447237235735968811847994703558824459476", "timestamp": "1769384046447", "hash": "8edd9b16523cd2a34654262f3581251415ae3f3a", "bids": [{"price": "0.001", "size": "5881.99"}, {"price": "0.002", "size": "33.5"}, {"price": "0.003", "size": "77"}, {"price": "0.004", "size": "60.5"}, {"price": "0.01", "size": "230"}, {"price": "0.012", "size": "57"}, {"price": "0.013", "size": "18.48"}, {"price": "0.02", "size": "150"}, {"price": "0.021", "size": "300"}, {"price": "0.022", "size": "9.3"}, {"price": "0.024", "size": "200"}, {"price": "0.026", "size": "125"}, {"price": "0.028", "size": "75"}], "asks": [{"price": "0.999", "size": "3025.12"}, {"price": "0.998", "size": "250"}, {"price": "0.997", "size": "28.93"}, {"price": "0.99", "size": "285"}, {"price": "0.98", "size": "150"}, {"price": "0.979", "size": "14.9"}, {"price": "0.95", "size": "40"}, {"price": "0.94", "size": "66"}, {"price": "0.922", "size": "300"}, {"price": "0.912", "size": "200"}, {"price": "0.905", "size": "125"}, {"price": "0.898", "size": "75"}, {"price": "0.897", "size": "37"}, {"price": "0.896", "size": "5.67"}, {"price": "0.632", "size": "7.96"}, {"price": "0.631", "size": "35.23"}, {"price": "0.63", "size": "29.72"}, {"price": "0.593", "size": "50"}, {"price": "0.592", "size": "29.05"}, {"price": "0.051", "size": "25"}], "event_type": "book", "last_trade_price": "0.051"}]}
{"_local_timestamp": "2026-01-25T23:34:07.665194+00:00", "data": {"market": "0x9b3432e989e48d27f66d747901ccf574c1b181c4a6a86c5b57c195aed135bc59", "price_changes": [{"asset_id": "24358210787676305697341608050830551906447237235735968811847994703558824459476", "price": "0.593", "size": "0", "side": "SELL", "hash": "22b3888bee176777cea822870d39259832f0131c", "best_bid": "0.028", "best_ask": "0.051"}, {"asset_id": "5130309043192799999933644817228338805128523784510822154717928819585795504613", "price": "0.407", "size": "0", "side": "BUY", "hash": "36b6ff444511cbc00cd7c7b58148340157e51cff", "best_bid": "0.949", "best_ask": "0.972"}], "timestamp": "1769384047601", "event_type": "price_change"}}
{"_local_timestamp": "2026-01-25T23:34:07.704806+00:00", "data": {"market": "0x9b3432e989e48d27f66d747901ccf574c1b181c4a6a86c5b57c195aed135bc59", "price_changes": [{"asset_id": "24358210787676305697341608050830551906447237235735968811847994703558824459476", "price": "0.591", "size": "50", "side": "SELL", "hash": "3046faca0fd5eaf72753a8e0ae92b31157a8fbf1", "best_bid": "0.028", "best_ask": "0.051"}, {"asset_id": "5130309043192799999933644817228338805128523784510822154717928819585795504613", "price": "0.409", "size": "50", "side": "BUY", "hash": "285ef7f89039a3e37ca1b86d71dac1a170c290ca", "best_bid": "0.949", "best_ask": "0.972"}], "timestamp": "1769384047634", "event_type": "price_change"}}
{"_local_timestamp": "2026-01-25T23:34:09.325752+00:00", "data": {"market": "0x9b3432e989e48d27f66d747901ccf574c1b181c4a6a86c5b57c195aed135bc59", "price_changes": [{"asset_id": "24358210787676305697341608050830551906447237235735968811847994703558824459476", "price": "0.592", "size": "0", "side": "SELL", "hash": "d5116be1fb4dcdd776d465dc6cfd9865eba5af63", "best_bid": "0.028", "best_ask": "0.051"}, {"asset_id": "5130309043192799999933644817228338805128523784510822154717928819585795504613", "price": "0.408", "size": "0", "side": "BUY", "hash": "e7de44b1dd17c555bdeac23ac05c5bcb7fba427f", "best_bid": "0.949", "best_ask": "0.972"}], "timestamp": "1769384049225", "event_type": "price_change"}}
{"_local_timestamp": "2026-01-25T23:34:09.340617+00:00", "data": {"market": "0x9b3432e989e48d27f66d747901ccf574c1b181c4a6a86c5b57c195aed135bc59", "price_changes": [{"asset_id": "24358210787676305697341608050830551906447237235735968811847994703558824459476", "price": "0.59", "size": "29.05", "side": "SELL", "hash": "ee777c7526c5410f29216c97501ca9f410f3f9b0", "best_bid": "0.028", "best_ask": "0.051"}, {"asset_id": "5130309043192799999933644817228338805128523784510822154717928819585795504613", "price": "0.41", "size": "29.05", "side": "BUY", "hash": "c51d75599b4ac4e351b0eda83bd8e5dd3a3516da", "best_bid": "0.949", "best_ask": "0.972"}], "timestamp": "1769384049266", "event_type": "price_change"}}
{"_local_timestamp": "2026-01-25T23:34:10.110079+00:00", "data": {"market": "0x9b3432e989e48d27f66d747901ccf574c1b181c4a6a86c5b57c195aed135bc59", "price_changes": [{"asset_id": "24358210787676305697341608050830551906447237235735968811847994703558824459476", "price": "0.591", "size": "0", "side": "SELL", "hash": "0d78cb4390aefcaa6234370125f116be0bc51481", "best_bid": "0.028", "best_ask": "0.051"}, {"asset_id": "5130309043192799999933644817228338805128523784510822154717928819585795504613", "price": "0.409", "size": "0", "side": "BUY", "hash": "36e839d9be92bbf2f9bd06478ea1ec3926eee424", "best_bid": "0.949", "best_ask": "0.972"}], "timestamp": "1769384050040", "event_type": "price_change"}}
{"_local_timestamp": "2026-01-25T23:34:10.147229+00:00", "data": {"market": "0x9b3432e989e48d27f66d747901ccf574c1b181c4a6a86c5b57c195aed135bc59", "price_changes": [{"asset_id": "24358210787676305697341608050830551906447237235735968811847994703558824459476", "price": "0.589", "size": "50", "side": "SELL", "hash": "5865f0ff4f6e9843f7863aba13126bc5ff9fad07", "best_bid": "0.028", "best_ask": "0.051"}, {"asset_id": "5130309043192799999933644817228338805128523784510822154717928819585795504613", "price": "0.411", "size": "50", "side": "BUY", "hash": "beee15a426a1df2f3a1c6a01fca1ba8707c7335f", "best_bid": "0.949", "best_ask": "0.972"}], "timestamp": "1769384050078", "event_type": "price_change"}}
{"_local_timestamp": "2026-01-25T23:34:10.663735+00:00", "data": {"market": "0x9b3432e989e48d27f66d747901ccf574c1b181c4a6a86c5b57c195aed135bc59", "price_changes": [{"asset_id": "24358210787676305697341608050830551906447237235735968811847994703558824459476", "price": "0.59", "size": "0", "side": "SELL", "hash": "e65304ebf62fcf85649ed921c20dc3f8c514f13b", "best_bid": "0.028", "best_ask": "0.051"}, {"asset_id": "5130309043192799999933644817228338805128523784510822154717928819585795504613", "price": "0.41", "size": "0", "side": "BUY", "hash": "e6438e22f7bdc2e30b055d4ead8a66608eca62d1", "best_bid": "0.949", "best_ask": "0.972"}], "timestamp": "1769384050589", "event_type": "price_change"}}
{"_local_timestamp": "2026-01-25T23:34:10.712054+00:00", "data": {"market": "0x9b3432e989e48d27f66d747901ccf574c1b181c4a6a86c5b57c195aed135bc59", "price_changes": [{"asset_id": "24358210787676305697341608050830551906447237235735968811847994703558824459476", "price": "0.588", "size": "29.05", "side": "SELL", "hash": "6547d2f78294c8abab31d7ce02eb110570de0178", "best_bid": "0.028", "best_ask": "0.051"}, {"asset_id": "5130309043192799999933644817228338805128523784510822154717928819585795504613", "price": "0.412", "size": "29.05", "side": "BUY", "hash": "df7ecbeb088b497d22e61a237df150f502f7aa1c", "best_bid": "0.949", "best_ask": "0.972"}], "timestamp": "1769384050642", "event_type": "price_change"}}
{"_local_timestamp": "2026-01-25T23:34:11.285721+00:00", "data": {"market": "0x9b3432e989e48d27f66d747901ccf574c1b181c4a6a86c5b57c195aed135bc59", "price_changes": [{"asset_id": "24358210787676305697341608050830551906447237235735968811847994703558824459476", "price": "0.589", "size": "0", "side": "SELL", "hash": "9bf0b62edd3028116cb006e24e00d2a96437726a", "best_bid": "0.028", "best_ask": "0.051"}, {"asset_id": "5130309043192799999933644817228338805128523784510822154717928819585795504613", "price": "0.411", "size": "0", "side": "BUY", "hash": "890fa4d015c3ef0efb3dc2ef610a19f3006cecb8", "best_bid": "0.949", "best_ask": "0.972"}], "timestamp": "1769384051219", "event_type": "price_change"}}
{"_local_timestamp": "2026-01-25T23:34:11.313092+00:00", "data": {"market": "0x9b3432e989e48d27f66d747901ccf574c1b181c4a6a86c5b57c195aed135bc59", "price_changes": [{"asset_id": "24358210787676305697341608050830551906447237235735968811847994703558824459476", "price": "0.587", "size": "50", "side": "SELL", "hash": "d3ff487df27302310a0f1d0f35a6a2ff8c4e3a7e", "best_bid": "0.028", "best_ask": "0.051"}, {"asset_id": "5130309043192799999933644817228338805128523784510822154717928819585795504613", "price": "0.413", "size": "50", "side": "BUY", "hash": "5bfae276d0375fc60681b07a46e63433f7708a20", "best_bid": "0.949", "best_ask": "0.972"}], "timestamp": "1769384051250", "event_type": "price_change"}}
{"_local_timestamp": "2026-01-25T23:34:12.373408+00:00", "data": {"market": "0x9b3432e989e48d27f66d747901ccf574c1b181c4a6a86c5b57c195aed135bc59", "price_changes": [{"asset_id": "24358210787676305697341608050830551906447237235735968811847994703558824459476", "price": "0.588", "size": "0", "side": "SELL", "hash": "9f4307bc72200a56aeb74d47286ddcc71ce6f490", "best_bid": "0.028", "best_ask": "0.051"}, {"asset_id": "5130309043192799999933644817228338805128523784510822154717928819585795504613", "price": "0.412", "size": "0", "side": "BUY", "hash": "7fe71f452d2c281b1aed6b997be8e8563c2bc9ab", "best_bid": "0.949", "best_ask": "0.972"}], "timestamp": "1769384052300", "event_type": "price_change"}}
{"_local_timestamp": "2026-01-25T23:34:12.473292+00:00", "data": {"market": "0x9b3432e989e48d27f66d747901ccf574c1b181c4a6a86c5b57c195aed135bc59", "price_changes": [{"asset_id": "24358210787676305697341608050830551906447237235735968811847994703558824459476", "price": "0.586", "size": "29.05", "side": "SELL", "hash": "394ad9063e4636e19808a7dd9d5b0362d2232636", "best_bid": "0.028", "best_ask": "0.051"}, {"asset_id": "5130309043192799999933644817228338805128523784510822154717928819585795504613", "price": "0.414", "size": "29.05", "side": "BUY", "hash": "5feb63f715dc7b0555916d0f0b8afaee956bebc0", "best_bid": "0.949", "best_ask": "0.972"}], "timestamp": "1769384052376", "event_type": "price_change"}}
{"_local_timestamp": "2026-01-25T23:34:12.479556+00:00", "data": {"market": "0x9b3432e989e48d27f66d747901ccf574c1b181c4a6a86c5b57c195aed135bc59", "price_changes": [{"asset_id": "24358210787676305697341608050830551906447237235735968811847994703558824459476", "price": "0.587", "size": "0", "side": "SELL", "hash": "e483b5d08fd69793eb378ab79a673199ec9fa67f", "best_bid": "0.028", "best_ask": "0.051"}, {"asset_id": "5130309043192799999933644817228338805128523784510822154717928819585795504613", "price": "0.413", "size": "0", "side": "BUY", "hash": "8ffddb436d21b88c5799532f6733956f6fa50078", "best_bid": "0.949", "best_ask": "0.972"}], "timestamp": "1769384052378", "event_type": "price_change"}}
{"_local_timestamp": "2026-01-25T23:34:12.495842+00:00", "data": {"market": "0x9b3432e989e48d27f66d747901ccf574c1b181c4a6a86c5b57c195aed135bc59", "price_changes": [{"asset_id": "24358210787676305697341608050830551906447237235735968811847994703558824459476", "price": "0.629", "size": "50", "side": "SELL", "hash": "7d3aacb14d97271c8defaf5e30a31f79e1cd3efa", "best_bid": "0.028", "best_ask": "0.051"}, {"asset_id": "5130309043192799999933644817228338805128523784510822154717928819585795504613", "price": "0.371", "size": "50", "side": "BUY", "hash": "16ad495c1bbe6d5199ffbe4d7bd1ea08c3105400", "best_bid": "0.949", "best_ask": "0.972"}], "timestamp": "1769384052406", "event_type": "price_change"}}
{"_local_timestamp": "2026-01-25T23:34:13.693368+00:00", "data": {"market": "0x9b3432e989e48d27f66d747901ccf574c1b181c4a6a86c5b57c195aed135bc59", "price_changes": [{"asset_id": "24358210787676305697341608050830551906447237235735968811847994703558824459476", "price": "0.629", "size": "0", "side": "SELL", "hash": "8085db7d36cd052e3e582780c505c1098072fbc9", "best_bid": "0.028", "best_ask": "0.051"}, {"asset_id": "5130309043192799999933644817228338805128523784510822154717928819585795504613", "price": "0.371", "size": "0", "side": "BUY", "hash": "610a8622ef02c7475f8a1989551ceb7ffc38c658", "best_bid": "0.949", "best_ask": "0.972"}], "timestamp": "1769384053626", "event_type": "price_change"}}
{"_local_timestamp": "2026-01-25T23:34:13.733540+00:00", "data": {"market": "0x9b3432e989e48d27f66d747901ccf574c1b181c4a6a86c5b57c195aed135bc59", "price_changes": [{"asset_id": "24358210787676305697341608050830551906447237235735968811847994703558824459476", "price": "0.585", "size": "50", "side": "SELL", "hash": "25e16443ddf11872605156de9cb992b4d536a226", "best_bid": "0.028", "best_ask": "0.051"}, {"asset_id": "5130309043192799999933644817228338805128523784510822154717928819585795504613", "price": "0.415", "size": "50", "side": "BUY", "hash": "e0ff021fa1b6906539e6c80a888505a38c794b03", "best_bid": "0.949", "best_ask": "0.972"}], "timestamp": "1769384053655", "event_type": "price_change"}}
{"_local_timestamp": "2026-01-25T23:34:13.777428+00:00", "data": {"market": "0x9b3432e989e48d27f66d747901ccf574c1b181c4a6a86c5b57c195aed135bc59", "price_changes": [{"asset_id": "24358210787676305697341608050830551906447237235735968811847994703558824459476", "price": "0.586", "size": "0", "side": "SELL", "hash": "98c3d6c6441a2c1f4db33fed7ca7c220c0ef2840", "best_bid": "0.028", "best_ask": "0.051"}, {"asset_id": "5130309043192799999933644817228338805128523784510822154717928819585795504613", "price": "0.414", "size": "0", "side": "BUY", "hash": "7600e6402bef7749c2a4268f2872492c7e0186e5", "best_bid": "0.949", "best_ask": "0.972"}], "timestamp": "1769384053706", "event_type": "price_change"}}
{"_local_timestamp": "2026-01-25T23:34:13.832333+00:00", "data": {"market": "0x9b3432e989e48d27f66d747901ccf574c1b181c4a6a86c5b57c195aed135bc59", "price_changes": [{"asset_id": "24358210787676305697341608050830551906447237235735968811847994703558824459476", "price": "0.628", "size": "29.05", "side": "SELL", "hash": "baa282f689eec6caad781a5c625ab5493d01f458", "best_bid": "0.028", "best_ask": "0.051"}, {"asset_id": "5130309043192799999933644817228338805128523784510822154717928819585795504613", "price": "0.372", "size": "29.05", "side": "BUY", "hash": "f3700468a2230ceeb9bfe69b8f4fa9f355c1e2bd", "best_bid": "0.949", "best_ask": "0.972"}], "timestamp": "1769384053759", "event_type": "price_change"}}
{"_local_timestamp": "2026-01-25T23:34:14.835904+00:00", "data": {"market": "0x9b3432e989e48d27f66d747901ccf574c1b181c4a6a86c5b57c195aed135bc59", "price_changes": [{"asset_id": "24358210787676305697341608050830551906447237235735968811847994703558824459476", "price": "0.585", "size": "0", "side": "SELL", "hash": "5beb2130a8d86c4c763c94f5e6c54550c84f73f2", "best_bid": "0.028", "best_ask": "0.051"}, {"asset_id": "5130309043192799999933644817228338805128523784510822154717928819585795504613", "price": "0.415", "size": "0", "side": "BUY", "hash": "fc5023aaf23ae881036a972327f8aca1a4c6f066", "best_bid": "0.949", "best_ask": "0.972"}], "timestamp": "1769384054770", "event_type": "price_change"}}
{"_local_timestamp": "2026-01-25T23:34:14.865661+00:00", "data": {"market": "0x9b3432e989e48d27f66d747901ccf574c1b181c4a6a86c5b57c195aed135bc59", "price_changes": [{"asset_id": "24358210787676305697341608050830551906447237235735968811847994703558824459476", "price": "0.627", "size": "50", "side": "SELL", "hash": "de673681dfe9a72d022ea3ab51c37ceee111f847", "best_bid": "0.028", "best_ask": "0.051"}, {"asset_id": "5130309043192799999933644817228338805128523784510822154717928819585795504613", "price": "0.373", "size": "50", "side": "BUY", "hash": "5e471c0098fe7ff7a14a3ad4b39bb7233600bc95", "best_bid": "0.949", "best_ask": "0.972"}], "timestamp": "1769384054796", "event_type": "price_change"}}
{"_local_timestamp": "2026-01-25T23:34:15.122777+00:00", "data": {"market": "0x9b3432e989e48d27f66d747901ccf574c1b181c4a6a86c5b57c195aed135bc59", "price_changes": [{"asset_id": "24358210787676305697341608050830551906447237235735968811847994703558824459476", "price": "0.628", "size": "0", "side": "SELL", "hash": "60dd1bcf9be5f0d2040240ec444fbc77ed48abc7", "best_bid": "0.028", "best_ask": "0.051"}, {"asset_id": "5130309043192799999933644817228338805128523784510822154717928819585795504613", "price": "0.372", "size": "0", "side": "BUY", "hash": "788304f6826b1ad376497e83b16a3e5e4cbbce85", "best_bid": "0.949", "best_ask": "0.972"}], "timestamp": "1769384055047", "event_type": "price_change"}}
{"_local_timestamp": "2026-01-25T23:34:15.166987+00:00", "data": {"market": "0x9b3432e989e48d27f66d747901ccf574c1b181c4a6a86c5b57c195aed135bc59", "price_changes": [{"asset_id": "24358210787676305697341608050830551906447237235735968811847994703558824459476", "price": "0.626", "size": "29.05", "side": "SELL", "hash": "e42087a07e1e1d96b6751cdcac9b4f5c9397aa48", "best_bid": "0.028", "best_ask": "0.051"}, {"asset_id": "5130309043192799999933644817228338805128523784510822154717928819585795504613", "price": "0.374", "size": "29.05", "side": "BUY", "hash": "4ba8184555ddf3c4318ba333554e0e6e0a69327b", "best_bid": "0.949", "best_ask": "0.972"}], "timestamp": "1769384055097", "event_type": "price_change"}}
{"_local_timestamp": "2026-01-25T23:34:16.127406+00:00", "data": {"market": "0x9b3432e989e48d27f66d747901ccf574c1b181c4a6a86c5b57c195aed135bc59", "price_changes": [{"asset_id": "24358210787676305697341608050830551906447237235735968811847994703558824459476", "price": "0.627", "size": "0", "side": "SELL", "hash": "48d8e09c3fa5e761eadd1544c030f068663550c7", "best_bid": "0.028", "best_ask": "0.051"}, {"asset_id": "5130309043192799999933644817228338805128523784510822154717928819585795504613", "price": "0.373", "size": "0", "side": "BUY", "hash": "27e74048c2fcadb006d34be0c82e0460291d024b", "best_bid": "0.949", "best_ask": "0.972"}], "timestamp": "1769384056042", "event_type": "price_change"}}
{"_local_timestamp": "2026-01-25T23:34:16.149121+00:00", "data": {"market": "0x9b3432e989e48d27f66d747901ccf574c1b181c4a6a86c5b57c195aed135bc59", "price_changes": [{"asset_id": "24358210787676305697341608050830551906447237235735968811847994703558824459476", "price": "0.625", "size": "50", "side": "SELL", "hash": "ef31aefc7a9e9f9af1cc7b19fd71ce2598a6575e", "best_bid": "0.028", "best_ask": "0.051"}, {"asset_id": "5130309043192799999933644817228338805128523784510822154717928819585795504613", "price": "0.375", "size": "50", "side": "BUY", "hash": "049e2ffcca3eb24df0f1b89e9cb3fc7aaa64ffbb", "best_bid": "0.949", "best_ask": "0.972"}], "timestamp": "1769384056072", "event_type": "price_change"}}
{"_local_timestamp": "2026-01-25T23:34:16.529593+00:00", "data": {"market": "0x9b3432e989e48d27f66d747901ccf574c1b181c4a6a86c5b57c195aed135bc59", "price_changes": [{"asset_id": "24358210787676305697341608050830551906447237235735968811847994703558824459476", "price": "0.626", "size": "0", "side": "SELL", "hash": "9341389a3d89c5c1377d2fbfb199eabfb3c3017b", "best_bid": "0.028", "best_ask": "0.051"}, {"asset_id": "5130309043192799999933644817228338805128523784510822154717928819585795504613", "price": "0.374", "size": "0", "side": "BUY", "hash": "b3ab8b7ed3102ba7047b09f7067f53cdf6850909", "best_bid": "0.949", "best_ask": "0.972"}], "timestamp": "1769384056463", "event_type": "price_change"}}
{"_local_timestamp": "2026-01-25T23:34:16.580134+00:00", "data": {"market": "0x9b3432e989e48d27f66d747901ccf574c1b181c4a6a86c5b57c195aed135bc59", "price_changes": [{"asset_id": "24358210787676305697341608050830551906447237235735968811847994703558824459476", "price": "0.624", "size": "29.05", "side": "SELL", "hash": "9052a88f5322aaf60cc4c4d6354f704327e0d40b", "best_bid": "0.028", "best_ask": "0.051"}, {"asset_id": "5130309043192799999933644817228338805128523784510822154717928819585795504613", "price": "0.376", "size": "29.05", "side": "BUY", "hash": "8be9fc7f56966f61906e2d75f7d94558449c09d5", "best_bid": "0.949", "best_ask": "0.972"}], "timestamp": "1769384056516", "event_type": "price_change"}}
{"_local_timestamp": "2026-01-25T23:34:17.282076+00:00", "data": {"market": "0x9b3432e989e48d27f66d747901ccf574c1b181c4a6a86c5b57c195aed135bc59", "price_changes": [{"asset_id": "24358210787676305697341608050830551906447237235735968811847994703558824459476", "price": "0.625", "size": "0", "side": "SELL", "hash": "3c722c24ac0c7ba88f94854fb5497ad0db1fbb48", "best_bid": "0.028", "best_ask": "0.051"}, {"asset_id": "5130309043192799999933644817228338805128523784510822154717928819585795504613", "price": "0.375", "size": "0", "side": "BUY", "hash": "771ef09cb77b3ce0923c41d9e3baf640af346105", "best_bid": "0.949", "best_ask": "0.972"}], "timestamp": "1769384057209", "event_type": "price_change"}}
{"_local_timestamp": "2026-01-25T23:34:17.313166+00:00", "data": {"market": "0x9b3432e989e48d27f66d747901ccf574c1b181c4a6a86c5b57c195aed135bc59", "price_changes": [{"asset_id": "24358210787676305697341608050830551906447237235735968811847994703558824459476", "price": "0.623", "size": "50", "side": "SELL", "hash": "ea5ac7b9a53e7fd3d671d0db8c811b8d27582e3b", "best_bid": "0.028", "best_ask": "0.051"}, {"asset_id": "5130309043192799999933644817228338805128523784510822154717928819585795504613", "price": "0.377", "size": "50", "side": "BUY", "hash": "25b4feafb754cba20ec02e6fa8e893c71d93f2a7", "best_bid": "0.949", "best_ask": "0.972"}], "timestamp": "1769384057241", "event_type": "price_change"}}
{"_local_timestamp": "2026-01-25T23:34:17.874450+00:00", "data": {"market": "0x9b3432e989e48d27f66d747901ccf574c1b181c4a6a86c5b57c195aed135bc59", "price_changes": [{"asset_id": "24358210787676305697341608050830551906447237235735968811847994703558824459476", "price": "0.624", "size": "0", "side": "SELL", "hash": "667eac48f68630c3342d30c97f0eb189ecb94623", "best_bid": "0.028", "best_ask": "0.051"}, {"asset_id": "5130309043192799999933644817228338805128523784510822154717928819585795504613", "price": "0.376", "size": "0", "side": "BUY", "hash": "462f6abf8ff33e46ee4855efe126f0bb775fa17e", "best_bid": "0.949", "best_ask": "0.972"}], "timestamp": "1769384057804", "event_type": "price_change"}}
{"_local_timestamp": "2026-01-25T23:34:17.927151+00:00", "data": {"market": "0x9b3432e989e48d27f66d747901ccf574c1b181c4a6a86c5b57c195aed135bc59", "price_changes": [{"asset_id": "24358210787676305697341608050830551906447237235735968811847994703558824459476", "price": "0.622", "size": "29.05", "side": "SELL", "hash": "bb4e951f8f38e9de551f573955876a4795900d91", "best_bid": "0.028", "best_ask": "0.051"}, {"asset_id": "5130309043192799999933644817228338805128523784510822154717928819585795504613", "price": "0.378", "size": "29.05", "side": "BUY", "hash": "6323d26ddb18f20d924361ec92eeaabbed3d03a7", "best_bid": "0.949", "best_ask": "0.972"}], "timestamp": "1769384057853", "event_type": "price_change"}}
{"_local_timestamp": "2026-01-25T23:34:18.439616+00:00", "data": {"market": "0x9b3432e989e48d27f66d747901ccf574c1b181c4a6a86c5b57c195aed135bc59", "price_changes": [{"asset_id": "24358210787676305697341608050830551906447237235735968811847994703558824459476", "price": "0.623", "size": "0", "side": "SELL", "hash": "5533f1c10103a3b38bcfe30c0fc5cc8126cdf166", "best_bid": "0.028", "best_ask": "0.051"}, {"asset_id": "5130309043192799999933644817228338805128523784510822154717928819585795504613", "price": "0.377", "size": "0", "side": "BUY", "hash": "a2ec08a0e7e4cb8727d5fd2a737b8b904976aeae", "best_bid": "0.949", "best_ask": "0.972"}], "timestamp": "1769384058371", "event_type": "price_change"}}
{"_local_timestamp": "2026-01-25T23:34:18.471649+00:00", "data": {"market": "0x9b3432e989e48d27f66d747901ccf574c1b181c4a6a86c5b57c195aed135bc59", "price_changes": [{"asset_id": "24358210787676305697341608050830551906447237235735968811847994703558824459476", "price": "0.621", "size": "50", "side": "SELL", "hash": "13cdd798b500cc8616790bee69719cb8eb8d0570", "best_bid": "0.028", "best_ask": "0.051"}, {"asset_id": "5130309043192799999933644817228338805128523784510822154717928819585795504613", "price": "0.379", "size": "50", "side": "BUY", "hash": "5c3d37495a0851e167922cb6c0260ccc16aa4c3a", "best_bid": "0.949", "best_ask": "0.972"}], "timestamp": "1769384058408", "event_type": "price_change"}}
{"_local_timestamp": "2026-01-25T23:34:22.373096+00:00", "data": {"market": "0x9b3432e989e48d27f66d747901ccf574c1b181c4a6a86c5b57c195aed135bc59", "price_changes": [{"asset_id": "24358210787676305697341608050830551906447237235735968811847994703558824459476", "price": "0.622", "size": "0", "side": "SELL", "hash": "00797cf23a90d4e142b8b3692955e45b494a8138", "best_bid": "0.028", "best_ask": "0.051"}, {"asset_id": "5130309043192799999933644817228338805128523784510822154717928819585795504613", "price": "0.378", "size": "0", "side": "BUY", "hash": "a8688462a1bc746c84e745dcd85d3fdd92fdc20e", "best_bid": "0.949", "best_ask": "0.972"}], "timestamp": "1769384062289", "event_type": "price_change"}}
{"_local_timestamp": "2026-01-25T23:34:22.428502+00:00", "data": {"market": "0x9b3432e989e48d27f66d747901ccf574c1b181c4a6a86c5b57c195aed135bc59", "price_changes": [{"asset_id": "24358210787676305697341608050830551906447237235735968811847994703558824459476", "price": "0.62", "size": "29.05", "side": "SELL", "hash": "76989cc6dc43b19dd22775ee35868fa4e5815b6f", "best_bid": "0.028", "best_ask": "0.051"}, {"asset_id": "5130309043192799999933644817228338805128523784510822154717928819585795504613", "price": "0.38", "size": "29.05", "side": "BUY", "hash": "ba6c5da6c0a0abf419c313500ecc981b2db82441", "best_bid": "0.949", "best_ask": "0.972"}], "timestamp": "1769384062341", "event_type": "price_change"}}
{"_local_timestamp": "2026-01-25T23:34:23.375693+00:00", "data": {"market": "0x9b3432e989e48d27f66d747901ccf574c1b181c4a6a86c5b57c195aed135bc59", "price_changes": [{"asset_id": "24358210787676305697341608050830551906447237235735968811847994703558824459476", "price": "0.621", "size": "0", "side": "SELL", "hash": "46c3300dac2c75b025b6da78cdc092452fa26491", "best_bid": "0.028", "best_ask": "0.051"}, {"asset_id": "5130309043192799999933644817228338805128523784510822154717928819585795504613", "price": "0.379", "size": "0", "side": "BUY", "hash": "7bae63a25f0f051825947c60903cb7717cb046b7", "best_bid": "0.949", "best_ask": "0.972"}], "timestamp": "1769384063298", "event_type": "price_change"}}
{"_local_timestamp": "2026-01-25T23:34:23.394258+00:00", "data": {"market": "0x9b3432e989e48d27f66d747901ccf574c1b181c4a6a86c5b57c195aed135bc59", "price_changes": [{"asset_id": "24358210787676305697341608050830551906447237235735968811847994703558824459476", "price": "0.619", "size": "50", "side": "SELL", "hash": "4fe094c1aeb45b216601e5d15d4f624510d82e70", "best_bid": "0.028", "best_ask": "0.051"}, {"asset_id": "5130309043192799999933644817228338805128523784510822154717928819585795504613", "price": "0.381", "size": "50", "side": "BUY", "hash": "1b67dfa47214d35c7f97b909a68109ac05a7955c", "best_bid": "0.949", "best_ask": "0.972"}], "timestamp": "1769384063327", "event_type": "price_change"}}
{"_local_timestamp": "2026-01-25T23:34:25.049052+00:00", "data": {"market": "0x9b3432e989e48d27f66d747901ccf574c1b181c4a6a86c5b57c195aed135bc59", "price_changes": [{"asset_id": "24358210787676305697341608050830551906447237235735968811847994703558824459476", "price": "0.62", "size": "0", "side": "SELL", "hash": "b5eddc69ea828b49bffe6af3aee634d00bde5ab9", "best_bid": "0.028", "best_ask": "0.051"}, {"asset_id": "5130309043192799999933644817228338805128523784510822154717928819585795504613", "price": "0.38", "size": "0", "side": "BUY", "hash": "035b370a0b987c857a1af88a98bed92780fcb15d", "best_bid": "0.949", "best_ask": "0.972"}], "timestamp": "1769384064970", "event_type": "price_change"}}
{"_local_timestamp": "2026-01-25T23:34:25.094983+00:00", "data": {"market": "0x9b3432e989e48d27f66d747901ccf574c1b181c4a6a86c5b57c195aed135bc59", "price_changes": [{"asset_id": "24358210787676305697341608050830551906447237235735968811847994703558824459476", "price": "0.618", "size": "29.05", "side": "SELL", "hash": "6e3c93163ce4612685703c0a648997f3d51f453a", "best_bid": "0.028", "best_ask": "0.051"}, {"asset_id": "5130309043192799999933644817228338805128523784510822154717928819585795504613", "price": "0.382", "size": "29.05", "side": "BUY", "hash": "04bf1ce6dfd79f12d1b643776e3ab461fd0c6f89", "best_bid": "0.949", "best_ask": "0.972"}], "timestamp": "1769384065019", "event_type": "price_change"}}
{"_local_timestamp": "2026-01-25T23:34:25.818919+00:00", "data": {"market": "0x9b3432e989e48d27f66d747901ccf574c1b181c4a6a86c5b57c195aed135bc59", "price_changes": [{"asset_id": "24358210787676305697341608050830551906447237235735968811847994703558824459476", "price": "0.619", "size": "0", "side": "SELL", "hash": "8a28a1feab4393805271aec8d7496332d79af3f4", "best_bid": "0.028", "best_ask": "0.051"}, {"asset_id": "5130309043192799999933644817228338805128523784510822154717928819585795504613", "price": "0.381", "size": "0", "side": "BUY", "hash": "89bd3467e799694335c22af459d2897d221771c0", "best_bid": "0.949", "best_ask": "0.972"}], "timestamp": "1769384065728", "event_type": "price_change"}}
{"_local_timestamp": "2026-01-25T23:34:25.862146+00:00", "data": {"market": "0x9b3432e989e48d27f66d747901ccf574c1b181c4a6a86c5b57c195aed135bc59", "price_changes": [{"asset_id": "24358210787676305697341608050830551906447237235735968811847994703558824459476", "price": "0.617", "size": "50", "side": "SELL", "hash": "b153c09d0ef72e6ee30023aef8c7205226c27c3e", "best_bid": "0.028", "best_ask": "0.051"}, {"asset_id": "5130309043192799999933644817228338805128523784510822154717928819585795504613", "price": "0.383", "size": "50", "side": "BUY", "hash": "452eef6fc27735198088f4e13b8d8aaa76556f10", "best_bid": "0.949", "best_ask": "0.972"}], "timestamp": "1769384065759", "event_type": "price_change"}}
{"_local_timestamp": "2026-01-25T23:34:26.597589+00:00", "data": {"market": "0x9b3432e989e48d27f66d747901ccf574c1b181c4a6a86c5b57c195aed135bc59", "price_changes": [{"asset_id": "24358210787676305697341608050830551906447237235735968811847994703558824459476", "price": "0.618", "size": "0", "side": "SELL", "hash": "a33b7bcae58128433f5c1fd2621947ffcaca31b8", "best_bid": "0.028", "best_ask": "0.051"}, {"asset_id": "5130309043192799999933644817228338805128523784510822154717928819585795504613", "price": "0.382", "size": "0", "side": "BUY", "hash": "b5ab973178286b7c747c35cadb729c7c53ac7093", "best_bid": "0.949", "best_ask": "0.972"}], "timestamp": "1769384066530", "event_type": "price_change"}}
{"_local_timestamp": "2026-01-25T23:34:26.648100+00:00", "data": {"market": "0x9b3432e989e48d27f66d747901ccf574c1b181c4a6a86c5b57c195aed135bc59", "price_changes": [{"asset_id": "24358210787676305697341608050830551906447237235735968811847994703558824459476", "price": "0.616", "size": "29.05", "side": "SELL", "hash": "05478652b7fcaa59cc193eba5323222540709b36", "best_bid": "0.028", "best_ask": "0.051"}, {"asset_id": "5130309043192799999933644817228338805128523784510822154717928819585795504613", "price": "0.384", "size": "29.05", "side": "BUY", "hash": "0f110b190431c76e697bab44d173a6db2f613968", "best_bid": "0.949", "best_ask": "0.972"}], "timestamp": "1769384066575", "event_type": "price_change"}}
{"_local_timestamp": "2026-01-25T23:34:27.063405+00:00", "data": {"market": "0x9b3432e989e48d27f66d747901ccf574c1b181c4a6a86c5b57c195aed135bc59", "price_changes": [{"asset_id": "24358210787676305697341608050830551906447237235735968811847994703558824459476", "price": "0.617", "size": "0", "side": "SELL", "hash": "740ef718dea33ab4f39184629b1de1d8a8fe9ae3", "best_bid": "0.028", "best_ask": "0.051"}, {"asset_id": "5130309043192799999933644817228338805128523784510822154717928819585795504613", "price": "0.383", "size": "0", "side": "BUY", "hash": "f453e9d7f32616cea07f4b22ba45f3d6e993b2e3", "best_bid": "0.949", "best_ask": "0.972"}], "timestamp": "1769384066983", "event_type": "price_change"}}
{"_local_timestamp": "2026-01-25T23:34:27.135153+00:00", "data": {"market": "0x9b3432e989e48d27f66d747901ccf574c1b181c4a6a86c5b57c195aed135bc59", "price_changes": [{"asset_id": "24358210787676305697341608050830551906447237235735968811847994703558824459476", "price": "0.615", "size": "50", "side": "SELL", "hash": "0a546bd50bc465718237d00a596df6314a317136", "best_bid": "0.028", "best_ask": "0.051"}, {"asset_id": "5130309043192799999933644817228338805128523784510822154717928819585795504613", "price": "0.385", "size": "50", "side": "BUY", "hash": "273005de9505e2cbc2fd6eb30368a3e3bf91d57d", "best_bid": "0.949", "best_ask": "0.972"}], "timestamp": "1769384067012", "event_type": "price_change"}}
{"_local_timestamp": "2026-01-25T23:34:29.463096+00:00", "data": {"market": "0x9b3432e989e48d27f66d747901ccf574c1b181c4a6a86c5b57c195aed135bc59", "price_changes": [{"asset_id": "24358210787676305697341608050830551906447237235735968811847994703558824459476", "price": "0.616", "size": "0", "side": "SELL", "hash": "084bfdb239a867a60248fc63e46c6775fb6c9913", "best_bid": "0.028", "best_ask": "0.051"}, {"asset_id": "5130309043192799999933644817228338805128523784510822154717928819585795504613", "price": "0.384", "size": "0", "side": "BUY", "hash": "56c5f4872c341e8bf8d4607dc226f9dded743683", "best_bid": "0.949", "best_ask": "0.972"}], "timestamp": "1769384069378", "event_type": "price_change"}}
{"_local_timestamp": "2026-01-25T23:34:29.490118+00:00", "data": {"market": "0x9b3432e989e48d27f66d747901ccf574c1b181c4a6a86c5b57c195aed135bc59", "price_changes": [{"asset_id": "24358210787676305697341608050830551906447237235735968811847994703558824459476", "price": "0.614", "size": "29.05", "side": "SELL", "hash": "1ed47c400c8791fce7f31578a76bd64193e69a78", "best_bid": "0.028", "best_ask": "0.051"}, {"asset_id": "5130309043192799999933644817228338805128523784510822154717928819585795504613", "price": "0.386", "size": "29.05", "side": "BUY", "hash": "ce8ae54a2c0d7af8b1385dcec91a5e622a7bf061", "best_bid": "0.949", "best_ask": "0.972"}], "timestamp": "1769384069417", "event_type": "price_change"}}
{"_local_timestamp": "2026-01-25T23:34:30.731262+00:00", "data": {"market": "0x9b3432e989e48d27f66d747901ccf574c1b181c4a6a86c5b57c195aed135bc59", "price_changes": [{"asset_id": "24358210787676305697341608050830551906447237235735968811847994703558824459476", "price": "0.615", "size": "0", "side": "SELL", "hash": "52970636d4022170471508ce35f408b21f23df31", "best_bid": "0.028", "best_ask": "0.051"}, {"asset_id": "5130309043192799999933644817228338805128523784510822154717928819585795504613", "price": "0.385", "size": "0", "side": "BUY", "hash": "455068ed923dc31fce0edae3010d64c2a6000db0", "best_bid": "0.949", "best_ask": "0.972"}], "timestamp": "1769384070621", "event_type": "price_change"}}
{"_local_timestamp": "2026-01-25T23:34:30.732097+00:00", "data": {"market": "0x9b3432e989e48d27f66d747901ccf574c1b181c4a6a86c5b57c195aed135bc59", "price_changes": [{"asset_id": "24358210787676305697341608050830551906447237235735968811847994703558824459476", "price": "0.613", "size": "50", "side": "SELL", "hash": "80ae13fc6a7833d2a6dc41d64a70cecfb2332944", "best_bid": "0.028", "best_ask": "0.051"}, {"asset_id": "5130309043192799999933644817228338805128523784510822154717928819585795504613", "price": "0.387", "size": "50", "side": "BUY", "hash": "0ea23cdedfb6fdc2e411b598bd8a2c4e77951a3c", "best_bid": "0.949", "best_ask": "0.972"}], "timestamp": "1769384070648", "event_type": "price_change"}}
{"_local_timestamp": "2026-01-25T23:34:32.302435+00:00", "data": {"market": "0x9b3432e989e48d27f66d747901ccf574c1b181c4a6a86c5b57c195aed135bc59", "price_changes": [{"asset_id": "24358210787676305697341608050830551906447237235735968811847994703558824459476", "price": "0.614", "size": "0", "side": "SELL", "hash": "3be885481e41963d4ba85a2de378f3b1412ff906", "best_bid": "0.028", "best_ask": "0.051"}, {"asset_id": "5130309043192799999933644817228338805128523784510822154717928819585795504613", "price": "0.386", "size": "0", "side": "BUY", "hash": "55a853e135e2867257dd5ace0291000682e26055", "best_bid": "0.949", "best_ask": "0.972"}], "timestamp": "1769384072171", "event_type": "price_change"}}
{"_local_timestamp": "2026-01-25T23:34:32.335585+00:00", "data": {"market": "0x9b3432e989e48d27f66d747901ccf574c1b181c4a6a86c5b57c195aed135bc59", "price_changes": [{"asset_id": "24358210787676305697341608050830551906447237235735968811847994703558824459476", "price": "0.612", "size": "29.05", "side": "SELL", "hash": "668c3ed02bfeeb773fdd3b73cabe7d00b6f2689a", "best_bid": "0.028", "best_ask": "0.051"}, {"asset_id": "5130309043192799999933644817228338805128523784510822154717928819585795504613", "price": "0.388", "size": "29.05", "side": "BUY", "hash": "7d91e4ce076185a8690ef91736c7603e5068285e", "best_bid": "0.949", "best_ask": "0.972"}], "timestamp": "1769384072217", "event_type": "price_change"}}
{"_local_timestamp": "2026-01-25T23:34:33.211123+00:00", "data": {"market": "0x9b3432e989e48d27f66d747901ccf574c1b181c4a6a86c5b57c195aed135bc59", "price_changes": [{"asset_id": "24358210787676305697341608050830551906447237235735968811847994703558824459476", "price": "0.613", "size": "0", "side": "SELL", "hash": "db898f1a1a766fd8a76a261cdd598eef84004f26", "best_bid": "0.028", "best_ask": "0.051"}, {"asset_id": "5130309043192799999933644817228338805128523784510822154717928819585795504613", "price": "0.387", "size": "0", "side": "BUY", "hash": "c676814edbecea1befa32054bb60bcfb9f433186", "best_bid": "0.949", "best_ask": "0.972"}], "timestamp": "1769384073143", "event_type": "price_change"}}
{"_local_timestamp": "2026-01-25T23:34:33.254728+00:00", "data": {"market": "0x9b3432e989e48d27f66d747901ccf574c1b181c4a6a86c5b57c195aed135bc59", "price_changes": [{"asset_id": "24358210787676305697341608050830551906447237235735968811847994703558824459476", "price": "0.611", "size": "50", "side": "SELL", "hash": "a6dc98936e4d81dca5f0d26d340a5d5a8e27ee45", "best_bid": "0.028", "best_ask": "0.051"}, {"asset_id": "5130309043192799999933644817228338805128523784510822154717928819585795504613", "price": "0.389", "size": "50", "side": "BUY", "hash": "162d39f58839c64ebadea0f9e979c57a41840160", "best_bid": "0.949", "best_ask": "0.972"}], "timestamp": "1769384073185", "event_type": "price_change"}}
{"_local_timestamp": "2026-01-25T23:34:33.649684+00:00", "data": {"market": "0x9b3432e989e48d27f66d747901ccf574c1b181c4a6a86c5b57c195aed135bc59", "price_changes": [{"asset_id": "24358210787676305697341608050830551906447237235735968811847994703558824459476", "price": "0.612", "size": "0", "side": "SELL", "hash": "7ccea01e730237d6b8a36e51ea023108f20c57e4", "best_bid": "0.028", "best_ask": "0.051"}, {"asset_id": "5130309043192799999933644817228338805128523784510822154717928819585795504613", "price": "0.388", "size": "0", "side": "BUY", "hash": "db309a30167e0e9c0453380ce68741309a59a880", "best_bid": "0.949", "best_ask": "0.972"}], "timestamp": "1769384073579", "event_type": "price_change"}}
{"_local_timestamp": "2026-01-25T23:34:33.705570+00:00", "data": {"market": "0x9b3432e989e48d27f66d747901ccf574c1b181c4a6a86c5b57c195aed135bc59", "price_changes": [{"asset_id": "24358210787676305697341608050830551906447237235735968811847994703558824459476", "price": "0.61", "size": "29.05", "side": "SELL", "hash": "ac54ced3d18c44c00340b6023d50d8c8ccaf2ab5", "best_bid": "0.028", "best_ask": "0.051"}, {"asset_id": "5130309043192799999933644817228338805128523784510822154717928819585795504613", "price": "0.39", "size": "29.05", "side": "BUY", "hash": "02d10345be403f50942d55317e029506a0c71931", "best_bid": "0.949", "best_ask": "0.972"}], "timestamp": "1769384073630", "event_type": "price_change"}}
{"_local_timestamp": "2026-01-25T23:34:34.413295+00:00", "data": {"market": "0x9b3432e989e48d27f66d747901ccf574c1b181c4a6a86c5b57c195aed135bc59", "price_changes": [{"asset_id": "24358210787676305697341608050830551906447237235735968811847994703558824459476", "price": "0.611", "size": "0", "side": "SELL", "hash": "315b4f3ee2c50d4244144974ed62ffc1454e1bd2", "best_bid": "0.028", "best_ask": "0.051"}, {"asset_id": "5130309043192799999933644817228338805128523784510822154717928819585795504613", "price": "0.389", "size": "0", "side": "BUY", "hash": "237e20eb7f0525613628b88ff307c117973bf2a6", "best_bid": "0.949", "best_ask": "0.972"}], "timestamp": "1769384074337", "event_type": "price_change"}}
{"_local_timestamp": "2026-01-25T23:34:34.448908+00:00", "data": {"market": "0x9b3432e989e48d27f66d747901ccf574c1b181c4a6a86c5b57c195aed135bc59", "price_changes": [{"asset_id": "24358210787676305697341608050830551906447237235735968811847994703558824459476", "price": "0.609", "size": "50", "side": "SELL", "hash": "505a23aa60e970836605645e0414aa682607a4b9", "best_bid": "0.028", "best_ask": "0.051"}, {"asset_id": "5130309043192799999933644817228338805128523784510822154717928819585795504613", "price": "0.391", "size": "50", "side": "BUY", "hash": "3146c891f0b3319164689581a12c2f59b520e8e0", "best_bid": "0.949", "best_ask": "0.972"}], "timestamp": "1769384074374", "event_type": "price_change"}}
{"_local_timestamp": "2026-01-25T23:34:35.043101+00:00", "data": {"market": "0x9b3432e989e48d27f66d747901ccf574c1b181c4a6a86c5b57c195aed135bc59", "price_changes": [{"asset_id": "24358210787676305697341608050830551906447237235735968811847994703558824459476", "price": "0.61", "size": "0", "side": "SELL", "hash": "9c4925ea0dd2e95e3863714eb27b580f9dc0f641", "best_bid": "0.028", "best_ask": "0.051"}, {"asset_id": "5130309043192799999933644817228338805128523784510822154717928819585795504613", "price": "0.39", "size": "0", "side": "BUY", "hash": "1c573a520c9108a49080292c67c662ad29bb310a", "best_bid": "0.949", "best_ask": "0.972"}], "timestamp": "1769384074974", "event_type": "price_change"}}
{"_local_timestamp": "2026-01-25T23:34:35.102814+00:00", "data": {"market": "0x9b3432e989e48d27f66d747901ccf574c1b181c4a6a86c5b57c195aed135bc59", "price_changes": [{"asset_id": "24358210787676305697341608050830551906447237235735968811847994703558824459476", "price": "0.608", "size": "29.05", "side": "SELL", "hash": "fdadd6b431d19be903f190821c5151c6ab0a046b", "best_bid": "0.028", "best_ask": "0.051"}, {"asset_id": "5130309043192799999933644817228338805128523784510822154717928819585795504613", "price": "0.392", "size": "29.05", "side": "BUY", "hash": "fa9c1e43092d9aa0a350aa0b75b6e2180fc0d541", "best_bid": "0.949", "best_ask": "0.972"}], "timestamp": "1769384075029", "event_type": "price_change"}}
{"_local_timestamp": "2026-01-25T23:34:35.573550+00:00", "data": {"market": "0x9b3432e989e48d27f66d747901ccf574c1b181c4a6a86c5b57c195aed135bc59", "price_changes": [{"asset_id": "24358210787676305697341608050830551906447237235735968811847994703558824459476", "price": "0.609", "size": "0", "side": "SELL", "hash": "f50041670df3eaa92baa107f82cc53f34ddaf3f9", "best_bid": "0.028", "best_ask": "0.051"}, {"asset_id": "5130309043192799999933644817228338805128523784510822154717928819585795504613", "price": "0.391", "size": "0", "side": "BUY", "hash": "0049bad0daef34713160df3ec6f233e8fd7752dc", "best_bid": "0.949", "best_ask": "0.972"}], "timestamp": "1769384075493", "event_type": "price_change"}}
{"_local_timestamp": "2026-01-25T23:34:35.589615+00:00", "data": {"market": "0x9b3432e989e48d27f66d747901ccf574c1b181c4a6a86c5b57c195aed135bc59", "price_changes": [{"asset_id": "24358210787676305697341608050830551906447237235735968811847994703558824459476", "price": "0.607", "size": "50", "side": "SELL", "hash": "59a8100646b919db1e2b56c71e2bd869d7d9087a", "best_bid": "0.028", "best_ask": "0.051"}, {"asset_id": "5130309043192799999933644817228338805128523784510822154717928819585795504613", "price": "0.393", "size": "50", "side": "BUY", "hash": "7f076de03ad10fab5973f1ec7a2b8d528b3c8dca", "best_bid": "0.949", "best_ask": "0.972"}], "timestamp": "1769384075523", "event_type": "price_change"}}
{"_local_timestamp": "2026-01-25T23:34:36.497749+00:00", "data": {"market": "0x9b3432e989e48d27f66d747901ccf574c1b181c4a6a86c5b57c195aed135bc59", "price_changes": [{"asset_id": "24358210787676305697341608050830551906447237235735968811847994703558824459476", "price": "0.608", "size": "0", "side": "SELL", "hash": "c046d05915bb75b35ca5cbf4325ba2405152fc81", "best_bid": "0.028", "best_ask": "0.051"}, {"asset_id": "5130309043192799999933644817228338805128523784510822154717928819585795504613", "price": "0.392", "size": "0", "side": "BUY", "hash": "aad3ba1fb22750e1ac690e2261d4871cf82737f9", "best_bid": "0.949", "best_ask": "0.972"}], "timestamp": "1769384076425", "event_type": "price_change"}}
{"_local_timestamp": "2026-01-25T23:34:36.564777+00:00", "data": {"market": "0x9b3432e989e48d27f66d747901ccf574c1b181c4a6a86c5b57c195aed135bc59", "price_changes": [{"asset_id": "24358210787676305697341608050830551906447237235735968811847994703558824459476", "price": "0.606", "size": "29.05", "side": "SELL", "hash": "fb4be27bd11910720e81b394bd7c1a14e8017d3a", "best_bid": "0.028", "best_ask": "0.051"}, {"asset_id": "5130309043192799999933644817228338805128523784510822154717928819585795504613", "price": "0.394", "size": "29.05", "side": "BUY", "hash": "82e41aafce494c1f3d84205af7d28370599759a6", "best_bid": "0.949", "best_ask": "0.972"}], "timestamp": "1769384076495", "event_type": "price_change"}}
{"_local_timestamp": "2026-01-25T23:34:36.809770+00:00", "data": {"market": "0x9b3432e989e48d27f66d747901ccf574c1b181c4a6a86c5b57c195aed135bc59", "price_changes": [{"asset_id": "24358210787676305697341608050830551906447237235735968811847994703558824459476", "price": "0.607", "size": "0", "side": "SELL", "hash": "03c3c93db8b01f7ec2ab3fd657df616a9d7b1068", "best_bid": "0.028", "best_ask": "0.051"}, {"asset_id": "5130309043192799999933644817228338805128523784510822154717928819585795504613", "price": "0.393", "size": "0", "side": "BUY", "hash": "1db058497bb77bf6bc4173bfdcb04fcbee2300ed", "best_bid": "0.949", "best_ask": "0.972"}], "timestamp": "1769384076746", "event_type": "price_change"}}
{"_local_timestamp": "2026-01-25T23:34:36.843199+00:00", "data": {"market": "0x9b3432e989e48d27f66d747901ccf574c1b181c4a6a86c5b57c195aed135bc59", "price_changes": [{"asset_id": "24358210787676305697341608050830551906447237235735968811847994703558824459476", "price": "0.605", "size": "50", "side": "SELL", "hash": "2a7c507ee38ea1ae5bb231e3f85a3c15c2d5312f", "best_bid": "0.028", "best_ask": "0.051"}, {"asset_id": "5130309043192799999933644817228338805128523784510822154717928819585795504613", "price": "0.395", "size": "50", "side": "BUY", "hash": "c8ae9bd9ac266d0c7cf443ade4708456b5bcd599", "best_bid": "0.949", "best_ask": "0.972"}], "timestamp": "1769384076778", "event_type": "price_change"}}
{"_local_timestamp": "2026-01-25T23:34:37.961260+00:00", "data": {"market": "0x9b3432e989e48d27f66d747901ccf574c1b181c4a6a86c5b57c195aed135bc59", "price_changes": [{"asset_id": "24358210787676305697341608050830551906447237235735968811847994703558824459476", "price": "0.606", "size": "0", "side": "SELL", "hash": "311e50692d4d2d3dd206aec0da5e92d7395edeab", "best_bid": "0.028", "best_ask": "0.051"}, {"asset_id": "5130309043192799999933644817228338805128523784510822154717928819585795504613", "price": "0.394", "size": "0", "side": "BUY", "hash": "d4411dbd43bc9159e2ee20b7edcaf5d8eb8148a1", "best_bid": "0.949", "best_ask": "0.972"}], "timestamp": "1769384077895", "event_type": "price_change"}}
{"_local_timestamp": "2026-01-25T23:34:38.026814+00:00", "data": {"market": "0x9b3432e989e48d27f66d747901ccf574c1b181c4a6a86c5b57c195aed135bc59", "price_changes": [{"asset_id": "24358210787676305697341608050830551906447237235735968811847994703558824459476", "price": "0.604", "size": "29.05", "side": "SELL", "hash": "6a7285b8bff13cec6b335bc759faf8e578261b6b", "best_bid": "0.028", "best_ask": "0.051"}, {"asset_id": "5130309043192799999933644817228338805128523784510822154717928819585795504613", "price": "0.396", "size": "29.05", "side": "BUY", "hash": "436076362eb2aff3b6c91804d6a2bdcf9dbf3ef3", "best_bid": "0.949", "best_ask": "0.972"}], "timestamp": "1769384077961", "event_type": "price_change"}}
{"_local_timestamp": "2026-01-25T23:34:39.289175+00:00", "data": {"market": "0x9b3432e989e48d27f66d747901ccf574c1b181c4a6a86c5b57c195aed135bc59", "price_changes": [{"asset_id": "24358210787676305697341608050830551906447237235735968811847994703558824459476", "price": "0.605", "size": "0", "side": "SELL", "hash": "169ac770d0a4614699196f531c216855ab08fbff", "best_bid": "0.028", "best_ask": "0.051"}, {"asset_id": "5130309043192799999933644817228338805128523784510822154717928819585795504613", "price": "0.395", "size": "0", "side": "BUY", "hash": "3bfbd5e177889d01bcdef871ca5ebc80f150f56e", "best_bid": "0.949", "best_ask": "0.972"}], "timestamp": "1769384079172", "event_type": "price_change"}}
{"_local_timestamp": "2026-01-25T23:34:39.347780+00:00", "data": {"market": "0x9b3432e989e48d27f66d747901ccf574c1b181c4a6a86c5b57c195aed135bc59", "price_changes": [{"asset_id": "24358210787676305697341608050830551906447237235735968811847994703558824459476", "price": "0.603", "size": "50", "side": "SELL", "hash": "aa09642fe3b97d165df26b7371796c7def23c7d2", "best_bid": "0.028", "best_ask": "0.051"}, {"asset_id": "5130309043192799999933644817228338805128523784510822154717928819585795504613", "price": "0.397", "size": "50", "side": "BUY", "hash": "8a8ef71da3524132aa06f44bb080277c37cf4651", "best_bid": "0.949", "best_ask": "0.972"}], "timestamp": "1769384079212", "event_type": "price_change"}}
{"_local_timestamp": "2026-01-25T23:34:39.589250+00:00", "data": {"market": "0x9b3432e989e48d27f66d747901ccf574c1b181c4a6a86c5b57c195aed135bc59", "price_changes": [{"asset_id": "24358210787676305697341608050830551906447237235735968811847994703558824459476", "price": "0.604", "size": "0", "side": "SELL", "hash": "c4d646234502d77bbf90447809fce68a63933a92", "best_bid": "0.028", "best_ask": "0.051"}, {"asset_id": "5130309043192799999933644817228338805128523784510822154717928819585795504613", "price": "0.396", "size": "0", "side": "BUY", "hash": "9bf9abebcf21e273ff7d951b20a704bac9cc3c59", "best_bid": "0.949", "best_ask": "0.972"}], "timestamp": "1769384079514", "event_type": "price_change"}}
{"_local_timestamp": "2026-01-25T23:34:39.635078+00:00", "data": {"market": "0x9b3432e989e48d27f66d747901ccf574c1b181c4a6a86c5b57c195aed135bc59", "price_changes": [{"asset_id": "24358210787676305697341608050830551906447237235735968811847994703558824459476", "price": "0.602", "size": "29.05", "side": "SELL", "hash": "45d9c6d4e129455d208e02cfe83f0e0ddbe2ac96", "best_bid": "0.028", "best_ask": "0.051"}, {"asset_id": "5130309043192799999933644817228338805128523784510822154717928819585795504613", "price": "0.398", "size": "29.05", "side": "BUY", "hash": "6fe6bbb40a987bc0918f704a768783f6519a888b", "best_bid": "0.949", "best_ask": "0.972"}], "timestamp": "1769384079570", "event_type": "price_change"}}
{"_local_timestamp": "2026-01-25T23:34:40.530885+00:00", "data": {"market": "0x9b3432e989e48d27f66d747901ccf574c1b181c4a6a86c5b57c195aed135bc59", "price_changes": [{"asset_id": "24358210787676305697341608050830551906447237235735968811847994703558824459476", "price": "0.603", "size": "0", "side": "SELL", "hash": "a9124e9067c72f115524328f96529c99fc4f4b18", "best_bid": "0.028", "best_ask": "0.051"}, {"asset_id": "5130309043192799999933644817228338805128523784510822154717928819585795504613", "price": "0.397", "size": "0", "side": "BUY", "hash": "b4eb5b949152c9a21ed4f41328851c37dbced798", "best_bid": "0.949", "best_ask": "0.972"}], "timestamp": "1769384080337", "event_type": "price_change"}}
{"_local_timestamp": "2026-01-25T23:34:40.577764+00:00", "data": {"market": "0x9b3432e989e48d27f66d747901ccf574c1b181c4a6a86c5b57c195aed135bc59", "price_changes": [{"asset_id": "24358210787676305697341608050830551906447237235735968811847994703558824459476", "price": "0.601", "size": "50", "side": "SELL", "hash": "0eed41a685aaa9b5c838e71c9e2710d63dafc7f1", "best_bid": "0.028", "best_ask": "0.051"}, {"asset_id": "5130309043192799999933644817228338805128523784510822154717928819585795504613", "price": "0.399", "size": "50", "side": "BUY", "hash": "b87e64bc96d73cf896eacae526647677bc104108", "best_bid": "0.949", "best_ask": "0.972"}], "timestamp": "1769384080370", "event_type": "price_change"}}
{"_local_timestamp": "2026-01-25T23:34:41.002265+00:00", "data": {"market": "0x9b3432e989e48d27f66d747901ccf574c1b181c4a6a86c5b57c195aed135bc59", "price_changes": [{"asset_id": "24358210787676305697341608050830551906447237235735968811847994703558824459476", "price": "0.602", "size": "0", "side": "SELL", "hash": "42103f425e9c65ae16137bea3b456919f6606f71", "best_bid": "0.028", "best_ask": "0.051"}, {"asset_id": "5130309043192799999933644817228338805128523784510822154717928819585795504613", "price": "0.398", "size": "0", "side": "BUY", "hash": "5d724232cb2b2145f8f0a51221abd3e7a7b2ccda", "best_bid": "0.949", "best_ask": "0.972"}], "timestamp": "1769384080926", "event_type": "price_change"}}
{"_local_timestamp": "2026-01-25T23:34:41.042160+00:00", "data": {"market": "0x9b3432e989e48d27f66d747901ccf574c1b181c4a6a86c5b57c195aed135bc59", "price_changes": [{"asset_id": "24358210787676305697341608050830551906447237235735968811847994703558824459476", "price": "0.6", "size": "29.05", "side": "SELL", "hash": "e49451985a468d61c35ffcadbc08a30be21e0985", "best_bid": "0.028", "best_ask": "0.051"}, {"asset_id": "5130309043192799999933644817228338805128523784510822154717928819585795504613", "price": "0.4", "size": "29.05", "side": "BUY", "hash": "8332a19981da0ac95056c71d16cab24315ea6c0b", "best_bid": "0.949", "best_ask": "0.972"}], "timestamp": "1769384080975", "event_type": "price_change"}}
{"_local_timestamp": "2026-01-25T23:34:41.669300+00:00", "data": {"market": "0x9b3432e989e48d27f66d747901ccf574c1b181c4a6a86c5b57c195aed135bc59", "price_changes": [{"asset_id": "24358210787676305697341608050830551906447237235735968811847994703558824459476", "price": "0.601", "size": "0", "side": "SELL", "hash": "07c9380bbd0e20ead3533d89fe788f3b38f78457", "best_bid": "0.028", "best_ask": "0.051"}, {"asset_id": "5130309043192799999933644817228338805128523784510822154717928819585795504613", "price": "0.399", "size": "0", "side": "BUY", "hash": "81c8cb8599bae148c1802e8a1f1a43d73e7efd38", "best_bid": "0.949", "best_ask": "0.972"}], "timestamp": "1769384081599", "event_type": "price_change"}}
{"_local_timestamp": "2026-01-25T23:34:41.701217+00:00", "data": {"market": "0x9b3432e989e48d27f66d747901ccf574c1b181c4a6a86c5b57c195aed135bc59", "price_changes": [{"asset_id": "24358210787676305697341608050830551906447237235735968811847994703558824459476", "price": "0.599", "size": "50", "side": "SELL", "hash": "7b1d68fc1e5f466be249242f9e008b21fe26cff8", "best_bid": "0.028", "best_ask": "0.051"}, {"asset_id": "5130309043192799999933644817228338805128523784510822154717928819585795504613", "price": "0.401", "size": "50", "side": "BUY", "hash": "bc11e54d5d1984982fd43bb72f22f7b6b2b1ca5e", "best_bid": "0.949", "best_ask": "0.972"}], "timestamp": "1769384081631", "event_type": "price_change"}}
{"_local_timestamp": "2026-01-25T23:34:43.969886+00:00", "data": {"market": "0x9b3432e989e48d27f66d747901ccf574c1b181c4a6a86c5b57c195aed135bc59", "price_changes": [{"asset_id": "24358210787676305697341608050830551906447237235735968811847994703558824459476", "price": "0.6", "size": "0", "side": "SELL", "hash": "0432798cdb42571bce95def794c72aa31690b29a", "best_bid": "0.028", "best_ask": "0.051"}, {"asset_id": "5130309043192799999933644817228338805128523784510822154717928819585795504613", "price": "0.4", "size": "0", "side": "BUY", "hash": "7d52a25c25d0e53c1e3135cb7b77a175b719703a", "best_bid": "0.949", "best_ask": "0.972"}], "timestamp": "1769384083901", "event_type": "price_change"}}
{"_local_timestamp": "2026-01-25T23:34:44.021266+00:00", "data": {"market": "0x9b3432e989e48d27f66d747901ccf574c1b181c4a6a86c5b57c195aed135bc59", "price_changes": [{"asset_id": "24358210787676305697341608050830551906447237235735968811847994703558824459476", "price": "0.598", "size": "29.05", "side": "SELL", "hash": "e78e66e047f899a489a7e402e5b737c861e62f8f", "best_bid": "0.028", "best_ask": "0.051"}, {"asset_id": "5130309043192799999933644817228338805128523784510822154717928819585795504613", "price": "0.402", "size": "29.05", "side": "BUY", "hash": "86dd2ac2006a42979837b1f5ecd80de2533a9316", "best_bid": "0.949", "best_ask": "0.972"}], "timestamp": "1769384083957", "event_type": "price_change"}}
{"_local_timestamp": "2026-01-25T23:34:44.259363+00:00", "data": {"market": "0x9b3432e989e48d27f66d747901ccf574c1b181c4a6a86c5b57c195aed135bc59", "price_changes": [{"asset_id": "24358210787676305697341608050830551906447237235735968811847994703558824459476", "price": "0.599", "size": "0", "side": "SELL", "hash": "8ec6e50b6cc8a3945592e8f8baa407a52add0720", "best_bid": "0.028", "best_ask": "0.051"}, {"asset_id": "5130309043192799999933644817228338805128523784510822154717928819585795504613", "price": "0.401", "size": "0", "side": "BUY", "hash": "07abc5e410ccb1bea8bbf713e63f18fff2f901a9", "best_bid": "0.949", "best_ask": "0.972"}], "timestamp": "1769384084106", "event_type": "price_change"}}
{"_local_timestamp": "2026-01-25T23:34:44.260011+00:00", "data": {"market": "0x9b3432e989e48d27f66d747901ccf574c1b181c4a6a86c5b57c195aed135bc59", "price_changes": [{"asset_id": "24358210787676305697341608050830551906447237235735968811847994703558824459476", "price": "0.597", "size": "50", "side": "SELL", "hash": "bfe54bf6b9918a05920a34e1b46bfe8395378644", "best_bid": "0.028", "best_ask": "0.051"}, {"asset_id": "5130309043192799999933644817228338805128523784510822154717928819585795504613", "price": "0.403", "size": "50", "side": "BUY", "hash": "1722743205f224f002780d5b2879b2fe7a53c892", "best_bid": "0.949", "best_ask": "0.972"}], "timestamp": "1769384084139", "event_type": "price_change"}}
{"_local_timestamp": "2026-01-25T23:34:45.489563+00:00", "data": {"market": "0x9b3432e989e48d27f66d747901ccf574c1b181c4a6a86c5b57c195aed135bc59", "price_changes": [{"asset_id": "24358210787676305697341608050830551906447237235735968811847994703558824459476", "price": "0.598", "size": "0", "side": "SELL", "hash": "1e976f39a1975708af059a257e22be4c5f4c46ba", "best_bid": "0.028", "best_ask": "0.051"}, {"asset_id": "5130309043192799999933644817228338805128523784510822154717928819585795504613", "price": "0.402", "size": "0", "side": "BUY", "hash": "3d518d16f2559c5d7196bec85106a26cb323eaeb", "best_bid": "0.949", "best_ask": "0.972"}], "timestamp": "1769384085420", "event_type": "price_change"}}
{"_local_timestamp": "2026-01-25T23:34:45.553071+00:00", "data": {"market": "0x9b3432e989e48d27f66d747901ccf574c1b181c4a6a86c5b57c195aed135bc59", "price_changes": [{"asset_id": "24358210787676305697341608050830551906447237235735968811847994703558824459476", "price": "0.596", "size": "29.05", "side": "SELL", "hash": "fad9108af1cfb6a08c4ddd545daaad96d9ab1326", "best_bid": "0.028", "best_ask": "0.051"}, {"asset_id": "5130309043192799999933644817228338805128523784510822154717928819585795504613", "price": "0.404", "size": "29.05", "side": "BUY", "hash": "6251f8d3080c1ac052da975d7b56883c5c3a8d67", "best_bid": "0.949", "best_ask": "0.972"}], "timestamp": "1769384085484", "event_type": "price_change"}}
{"_local_timestamp": "2026-01-25T23:34:46.512717+00:00", "data": {"market": "0x9b3432e989e48d27f66d747901ccf574c1b181c4a6a86c5b57c195aed135bc59", "price_changes": [{"asset_id": "24358210787676305697341608050830551906447237235735968811847994703558824459476", "price": "0.597", "size": "0", "side": "SELL", "hash": "8796c53204e9c50e56e119236d7b3c005eecb57e", "best_bid": "0.028", "best_ask": "0.051"}, {"asset_id": "5130309043192799999933644817228338805128523784510822154717928819585795504613", "price": "0.403", "size": "0", "side": "BUY", "hash": "00aa0c3ede0a55d1417bb7cb53f95d463a5b3d20", "best_bid": "0.949", "best_ask": "0.972"}], "timestamp": "1769384086449", "event_type": "price_change"}}
{"_local_timestamp": "2026-01-25T23:34:46.570170+00:00", "data": {"market": "0x9b3432e989e48d27f66d747901ccf574c1b181c4a6a86c5b57c195aed135bc59", "price_changes": [{"asset_id": "24358210787676305697341608050830551906447237235735968811847994703558824459476", "price": "0.595", "size": "50", "side": "SELL", "hash": "3eab651eef4058f414b0584d5da8cfbec5bd4996", "best_bid": "0.028", "best_ask": "0.051"}, {"asset_id": "5130309043192799999933644817228338805128523784510822154717928819585795504613", "price": "0.405", "size": "50", "side": "BUY", "hash": "3b97636e6e96be4bfd961d5ebc106f7ce98b03fc", "best_bid": "0.949", "best_ask": "0.972"}], "timestamp": "1769384086490", "event_type": "price_change"}}
{"_local_timestamp": "2026-01-25T23:34:46.888660+00:00", "data": {"market": "0x9b3432e989e48d27f66d747901ccf574c1b181c4a6a86c5b57c195aed135bc59", "price_changes": [{"asset_id": "24358210787676305697341608050830551906447237235735968811847994703558824459476", "price": "0.596", "size": "0", "side": "SELL", "hash": "b144d529f63fba8c07f7e00e7b5d176ffc8e6a16", "best_bid": "0.028", "best_ask": "0.051"}, {"asset_id": "5130309043192799999933644817228338805128523784510822154717928819585795504613", "price": "0.404", "size": "0", "side": "BUY", "hash": "0ee0c3d3d7bf219796441bcc05b3b1c2c895e5f6", "best_bid": "0.949", "best_ask": "0.972"}], "timestamp": "1769384086822", "event_type": "price_change"}}
{"_local_timestamp": "2026-01-25T23:34:46.945083+00:00", "data": {"market": "0x9b3432e989e48d27f66d747901ccf574c1b181c4a6a86c5b57c195aed135bc59", "price_changes": [{"asset_id": "24358210787676305697341608050830551906447237235735968811847994703558824459476", "price": "0.594", "size": "29.05", "side": "SELL", "hash": "0f0202eca27142d4c3ce8dfe21d0b19b85b6cf76", "best_bid": "0.028", "best_ask": "0.051"}, {"asset_id": "5130309043192799999933644817228338805128523784510822154717928819585795504613", "price": "0.406", "size": "29.05", "side": "BUY", "hash": "e1f987ddf29233daa293b65cf72c0a1e659c77e8", "best_bid": "0.949", "best_ask": "0.972"}], "timestamp": "1769384086879", "event_type": "price_change"}}
{"_local_timestamp": "2026-01-25T23:34:47.814493+00:00", "data": {"market": "0x9b3432e989e48d27f66d747901ccf574c1b181c4a6a86c5b57c195aed135bc59", "price_changes": [{"asset_id": "24358210787676305697341608050830551906447237235735968811847994703558824459476", "price": "0.595", "size": "0", "side": "SELL", "hash": "3cc9f190020f680b462a92515ec4fe1277b725aa", "best_bid": "0.028", "best_ask": "0.051"}, {"asset_id": "5130309043192799999933644817228338805128523784510822154717928819585795504613", "price": "0.405", "size": "0", "side": "BUY", "hash": "ef0cfbc93e7117086bd9711cb1e6d1f97dcfc7b7", "best_bid": "0.949", "best_ask": "0.972"}], "timestamp": "1769384087741", "event_type": "price_change"}}
{"_local_timestamp": "2026-01-25T23:34:47.849221+00:00", "data": {"market": "0x9b3432e989e48d27f66d747901ccf574c1b181c4a6a86c5b57c195aed135bc59", "price_changes": [{"asset_id": "24358210787676305697341608050830551906447237235735968811847994703558824459476", "price": "0.593", "size": "50", "side": "SELL", "hash": "c53a92586a11e8333e98f606d9bcc4d0158ae292", "best_bid": "0.028", "best_ask": "0.051"}, {"asset_id": "5130309043192799999933644817228338805128523784510822154717928819585795504613", "price": "0.407", "size": "50", "side": "BUY", "hash": "43719028657130917dc9fc3363d4ab8487c32d52", "best_bid": "0.949", "best_ask": "0.972"}], "timestamp": "1769384087784", "event_type": "price_change"}}
{"_local_timestamp": "2026-01-25T23:34:48.314156+00:00", "data": {"market": "0x9b3432e989e48d27f66d747901ccf574c1b181c4a6a86c5b57c195aed135bc59", "price_changes": [{"asset_id": "24358210787676305697341608050830551906447237235735968811847994703558824459476", "price": "0.594", "size": "0", "side": "SELL", "hash": "e10b1ecb647604671a6f18b40b5c45db4915ba3e", "best_bid": "0.028", "best_ask": "0.051"}, {"asset_id": "5130309043192799999933644817228338805128523784510822154717928819585795504613", "price": "0.406", "size": "0", "side": "BUY", "hash": "ea061608997a63ad3fd1ab3a477396d835287db8", "best_bid": "0.949", "best_ask": "0.972"}], "timestamp": "1769384088243", "event_type": "price_change"}}
{"_local_timestamp": "2026-01-25T23:34:48.363465+00:00", "data": {"market": "0x9b3432e989e48d27f66d747901ccf574c1b181c4a6a86c5b57c195aed135bc59", "price_changes": [{"asset_id": "24358210787676305697341608050830551906447237235735968811847994703558824459476", "price": "0.592", "size": "29.05", "side": "SELL", "hash": "1b517c22239398a0aec36db3129a54a0b2ff079b", "best_bid": "0.028", "best_ask": "0.051"}, {"asset_id": "5130309043192799999933644817228338805128523784510822154717928819585795504613", "price": "0.408", "size": "29.05", "side": "BUY", "hash": "bd8b12fc1fa2cf52edda26804e087bbf542a9de6", "best_bid": "0.949", "best_ask": "0.972"}], "timestamp": "1769384088293", "event_type": "price_change"}}
{"_local_timestamp": "2026-01-25T23:34:48.979028+00:00", "data": {"market": "0x9b3432e989e48d27f66d747901ccf574c1b181c4a6a86c5b57c195aed135bc59", "price_changes": [{"asset_id": "24358210787676305697341608050830551906447237235735968811847994703558824459476", "price": "0.593", "size": "0", "side": "SELL", "hash": "1f472393a7ac8e56e9b88c26e3149c7343c79863", "best_bid": "0.028", "best_ask": "0.051"}, {"asset_id": "5130309043192799999933644817228338805128523784510822154717928819585795504613", "price": "0.407", "size": "0", "side": "BUY", "hash": "8a033cb0b67f2233d9e41ad912f4d6e54ea262f3", "best_bid": "0.949", "best_ask": "0.972"}], "timestamp": "1769384088905", "event_type": "price_change"}}
{"_local_timestamp": "2026-01-25T23:34:49.013583+00:00", "data": {"market": "0x9b3432e989e48d27f66d747901ccf574c1b181c4a6a86c5b57c195aed135bc59", "price_changes": [{"asset_id": "24358210787676305697341608050830551906447237235735968811847994703558824459476", "price": "0.591", "size": "50", "side": "SELL", "hash": "53d4c2f9d2e65fb7ccb609dc4d3be48792813a4e", "best_bid": "0.028", "best_ask": "0.051"}, {"asset_id": "5130309043192799999933644817228338805128523784510822154717928819585795504613", "price": "0.409", "size": "50", "side": "BUY", "hash": "0c6e7056aecc203691da20bdcd7d87d5aff81ef2", "best_bid": "0.949", "best_ask": "0.972"}], "timestamp": "1769384088943", "event_type": "price_change"}}
{"_local_timestamp": "2026-01-25T23:34:49.708633+00:00", "data": {"market": "0x9b3432e989e48d27f66d747901ccf574c1b181c4a6a86c5b57c195aed135bc59", "price_changes": [{"asset_id": "24358210787676305697341608050830551906447237235735968811847994703558824459476", "price": "0.592", "size": "0", "side": "SELL", "hash": "c754857f3f93a78f07dd38959a8195b5a1f848c8", "best_bid": "0.028", "best_ask": "0.051"}, {"asset_id": "5130309043192799999933644817228338805128523784510822154717928819585795504613", "price": "0.408", "size": "0", "side": "BUY", "hash": "519d748aee9926aa962f01b0db9c4573a49fc862", "best_bid": "0.949", "best_ask": "0.972"}], "timestamp": "1769384089641", "event_type": "price_change"}}
{"_local_timestamp": "2026-01-25T23:34:49.767715+00:00", "data": {"market": "0x9b3432e989e48d27f66d747901ccf574c1b181c4a6a86c5b57c195aed135bc59", "price_changes": [{"asset_id": "24358210787676305697341608050830551906447237235735968811847994703558824459476", "price": "0.59", "size": "29.05", "side": "SELL", "hash": "e02dc70e6fbd173e4a56e1b75bbe26e449c84a6e", "best_bid": "0.028", "best_ask": "0.051"}, {"asset_id": "5130309043192799999933644817228338805128523784510822154717928819585795504613", "price": "0.41", "size": "29.05", "side": "BUY", "hash": "6c32a48c2eb352a82e6447b0e215dd72f333bc68", "best_bid": "0.949", "best_ask": "0.972"}], "timestamp": "1769384089697", "event_type": "price_change"}}
{"_local_timestamp": "2026-01-25T23:34:50.266506+00:00", "data": {"market": "0x9b3432e989e48d27f66d747901ccf574c1b181c4a6a86c5b57c195aed135bc59", "price_changes": [{"asset_id": "24358210787676305697341608050830551906447237235735968811847994703558824459476", "price": "0.591", "size": "0", "side": "SELL", "hash": "1633d3896d6e14add41d72df8feea94e180d515b", "best_bid": "0.028", "best_ask": "0.051"}, {"asset_id": "5130309043192799999933644817228338805128523784510822154717928819585795504613", "price": "0.409", "size": "0", "side": "BUY", "hash": "774bf04ee4cfaec26a1f3245efbf418c821852c9", "best_bid": "0.949", "best_ask": "0.972"}], "timestamp": "1769384090200", "event_type": "price_change"}}
{"_local_timestamp": "2026-01-25T23:34:50.297174+00:00", "data": {"market": "0x9b3432e989e48d27f66d747901ccf574c1b181c4a6a86c5b57c195aed135bc59", "price_changes": [{"asset_id": "24358210787676305697341608050830551906447237235735968811847994703558824459476", "price": "0.589", "size": "50", "side": "SELL", "hash": "9cb67412807886d53f6acd5b73e92f6d961ca3eb", "best_bid": "0.028", "best_ask": "0.051"}, {"asset_id": "5130309043192799999933644817228338805128523784510822154717928819585795504613", "price": "0.411", "size": "50", "side": "BUY", "hash": "1fbd7c349220c523244f0ad24bf49305b091a480", "best_bid": "0.949", "best_ask": "0.972"}], "timestamp": "1769384090230", "event_type": "price_change"}}
{"_local_timestamp": "2026-01-25T23:34:51.257507+00:00", "data": {"market": "0x9b3432e989e48d27f66d747901ccf574c1b181c4a6a86c5b57c195aed135bc59", "price_changes": [{"asset_id": "24358210787676305697341608050830551906447237235735968811847994703558824459476", "price": "0.59", "size": "0", "side": "SELL", "hash": "0b3a294db99399d419ce073f7a3d0f8f5ab02742", "best_bid": "0.028", "best_ask": "0.051"}, {"asset_id": "5130309043192799999933644817228338805128523784510822154717928819585795504613", "price": "0.41", "size": "0", "side": "BUY", "hash": "0107664929c76c688b9665d6f11dbab700872a00", "best_bid": "0.949", "best_ask": "0.972"}], "timestamp": "1769384091007", "event_type": "price_change"}}
{"_local_timestamp": "2026-01-25T23:34:51.258330+00:00", "data": {"market": "0x9b3432e989e48d27f66d747901ccf574c1b181c4a6a86c5b57c195aed135bc59", "price_changes": [{"asset_id": "24358210787676305697341608050830551906447237235735968811847994703558824459476", "price": "0.588", "size": "29.05", "side": "SELL", "hash": "e336bc57804b2f7e75d265053b2a55b93ace5107", "best_bid": "0.028", "best_ask": "0.051"}, {"asset_id": "5130309043192799999933644817228338805128523784510822154717928819585795504613", "price": "0.412", "size": "29.05", "side": "BUY", "hash": "5dad820275abe4113485ab02d4bc3b28957126bc", "best_bid": "0.949", "best_ask": "0.972"}], "timestamp": "1769384091060", "event_type": "price_change"}}
{"_local_timestamp": "2026-01-25T23:34:51.438043+00:00", "data": {"market": "0x9b3432e989e48d27f66d747901ccf574c1b181c4a6a86c5b57c195aed135bc59", "price_changes": [{"asset_id": "24358210787676305697341608050830551906447237235735968811847994703558824459476", "price": "0.589", "size": "0", "side": "SELL", "hash": "89b4a5c2401217916ec2611f1195b8bab6d7376d", "best_bid": "0.028", "best_ask": "0.051"}, {"asset_id": "5130309043192799999933644817228338805128523784510822154717928819585795504613", "price": "0.411", "size": "0", "side": "BUY", "hash": "d0d9168e05c7be7e747a4e5d3cd2817c145a0248", "best_bid": "0.949", "best_ask": "0.972"}], "timestamp": "1769384091368", "event_type": "price_change"}}
{"_local_timestamp": "2026-01-25T23:34:51.469026+00:00", "data": {"market": "0x9b3432e989e48d27f66d747901ccf574c1b181c4a6a86c5b57c195aed135bc59", "price_changes": [{"asset_id": "24358210787676305697341608050830551906447237235735968811847994703558824459476", "price": "0.587", "size": "50", "side": "SELL", "hash": "0fa7fe1f1978db6d4d58b1009e89cf15e590a9e6", "best_bid": "0.028", "best_ask": "0.051"}, {"asset_id": "5130309043192799999933644817228338805128523784510822154717928819585795504613", "price": "0.413", "size": "50", "side": "BUY", "hash": "80b2b33c990cdd83d78310039df87c59aae05df9", "best_bid": "0.949", "best_ask": "0.972"}], "timestamp": "1769384091402", "event_type": "price_change"}}
{"_local_timestamp": "2026-01-25T23:34:51.704958+00:00", "data": {"market": "0x9b3432e989e48d27f66d747901ccf574c1b181c4a6a86c5b57c195aed135bc59", "price_changes": [{"asset_id": "24358210787676305697341608050830551906447237235735968811847994703558824459476", "price": "0.004", "size": "14.28", "side": "BUY", "hash": "e4de9c48216024a04d3f9112968d0d3fd0424ed7", "best_bid": "0.028", "best_ask": "0.051"}, {"asset_id": "5130309043192799999933644817228338805128523784510822154717928819585795504613", "price": "0.996", "size": "14.28", "side": "SELL", "hash": "03fa42c1a492e6a7d81636c585fc496627dc01bd", "best_bid": "0.949", "best_ask": "0.972"}], "timestamp": "1769384091640", "event_type": "price_change"}}
{"_local_timestamp": "2026-01-25T23:34:52.580496+00:00", "data": {"market": "0x9b3432e989e48d27f66d747901ccf574c1b181c4a6a86c5b57c195aed135bc59", "price_changes": [{"asset_id": "24358210787676305697341608050830551906447237235735968811847994703558824459476", "price": "0.588", "size": "0", "side": "SELL", "hash": "b9958d16a6aa2eae7ef27fde994c206b29ba323d", "best_bid": "0.028", "best_ask": "0.051"}, {"asset_id": "5130309043192799999933644817228338805128523784510822154717928819585795504613", "price": "0.412", "size": "0", "side": "BUY", "hash": "0393724ccc51460c2d56f4c63915999efdbef562", "best_bid": "0.949", "best_ask": "0.972"}], "timestamp": "1769384092516", "event_type": "price_change"}}
{"_local_timestamp": "2026-01-25T23:34:52.630929+00:00", "data": {"market": "0x9b3432e989e48d27f66d747901ccf574c1b181c4a6a86c5b57c195aed135bc59", "price_changes": [{"asset_id": "24358210787676305697341608050830551906447237235735968811847994703558824459476", "price": "0.586", "size": "29.05", "side": "SELL", "hash": "e08a211b31beedb242e4c3abc408b9d803650f96", "best_bid": "0.028", "best_ask": "0.051"}, {"asset_id": "5130309043192799999933644817228338805128523784510822154717928819585795504613", "price": "0.414", "size": "29.05", "side": "BUY", "hash": "1bc6cb67c6ecc8269345a6a2e72c48bd84903d47", "best_bid": "0.949", "best_ask": "0.972"}], "timestamp": "1769384092563", "event_type": "price_change"}}
{"_local_timestamp": "2026-01-25T23:34:52.752795+00:00", "data": {"market": "0x9b3432e989e48d27f66d747901ccf574c1b181c4a6a86c5b57c195aed135bc59", "price_changes": [{"asset_id": "24358210787676305697341608050830551906447237235735968811847994703558824459476", "price": "0.587", "size": "0", "side": "SELL", "hash": "7ae9841ab66a5f8536261aabd12ab11c94e8995e", "best_bid": "0.028", "best_ask": "0.051"}, {"asset_id": "5130309043192799999933644817228338805128523784510822154717928819585795504613", "price": "0.413", "size": "0", "side": "BUY", "hash": "192c0e18e4785c0aeb3b3cb0fcc4b733342a60f3", "best_bid": "0.949", "best_ask": "0.972"}], "timestamp": "1769384092689", "event_type": "price_change"}}
{"_local_timestamp": "2026-01-25T23:34:52.794564+00:00", "data": {"market": "0x9b3432e989e48d27f66d747901ccf574c1b181c4a6a86c5b57c195aed135bc59", "price_changes": [{"asset_id": "24358210787676305697341608050830551906447237235735968811847994703558824459476", "price": "0.585", "size": "50", "side": "SELL", "hash": "63286329023e3f2b969d016b810f4577fe4d84ef", "best_bid": "0.028", "best_ask": "0.051"}, {"asset_id": "5130309043192799999933644817228338805128523784510822154717928819585795504613", "price": "0.415", "size": "50", "side": "BUY", "hash": "381dffa5057dfed7473f637f774398f23a531d22", "best_bid": "0.949", "best_ask": "0.972"}], "timestamp": "1769384092727", "event_type": "price_change"}}
{"_local_timestamp": "2026-01-25T23:34:53.624797+00:00", "data": {"market": "0x9b3432e989e48d27f66d747901ccf574c1b181c4a6a86c5b57c195aed135bc59", "price_changes": [{"asset_id": "24358210787676305697341608050830551906447237235735968811847994703558824459476", "price": "0.004", "size": "60.5", "side": "BUY", "hash": "0ef42e12abc79bd649037fe146008ae0d996cfc5", "best_bid": "0.028", "best_ask": "0.051"}, {"asset_id": "5130309043192799999933644817228338805128523784510822154717928819585795504613", "price": "0.996", "size": "60.5", "side": "SELL", "hash": "c4f0f7734891ba6543b3aa34ad87d6300d6ba905", "best_bid": "0.949", "best_ask": "0.972"}], "timestamp": "1769384093557", "event_type": "price_change"}}
{"_local_timestamp": "2026-01-25T23:34:53.928989+00:00", "data": {"market": "0x9b3432e989e48d27f66d747901ccf574c1b181c4a6a86c5b57c195aed135bc59", "price_changes": [{"asset_id": "24358210787676305697341608050830551906447237235735968811847994703558824459476", "price": "0.586", "size": "0", "side": "SELL", "hash": "4bf1a09d516308e51bcdcd5aba4ab0d1b2e6a39f", "best_bid": "0.028", "best_ask": "0.051"}, {"asset_id": "5130309043192799999933644817228338805128523784510822154717928819585795504613", "price": "0.414", "size": "0", "side": "BUY", "hash": "5293bde014784a2a1461e8d2689372072a33b9a9", "best_bid": "0.949", "best_ask": "0.972"}], "timestamp": "1769384093847", "event_type": "price_change"}}
{"_local_timestamp": "2026-01-25T23:34:53.981565+00:00", "data": {"market": "0x9b3432e989e48d27f66d747901ccf574c1b181c4a6a86c5b57c195aed135bc59", "price_changes": [{"asset_id": "24358210787676305697341608050830551906447237235735968811847994703558824459476", "price": "0.584", "size": "29.05", "side": "SELL", "hash": "292fa0e74d58cbb0574a1f05302864e7e568ac3d", "best_bid": "0.028", "best_ask": "0.051"}, {"asset_id": "5130309043192799999933644817228338805128523784510822154717928819585795504613", "price": "0.416", "size": "29.05", "side": "BUY", "hash": "e55cfa4d57e6f08b88469721d45b98154f236a15", "best_bid": "0.949", "best_ask": "0.972"}], "timestamp": "1769384093901", "event_type": "price_change"}}
{"_local_timestamp": "2026-01-25T23:34:55.218271+00:00", "data": {"market": "0x9b3432e989e48d27f66d747901ccf574c1b181c4a6a86c5b57c195aed135bc59", "price_changes": [{"asset_id": "24358210787676305697341608050830551906447237235735968811847994703558824459476", "price": "0.585", "size": "0", "side": "SELL", "hash": "0f37ffe39cb1a5b886e0903a7274a9866e0e18ab", "best_bid": "0.028", "best_ask": "0.051"}, {"asset_id": "5130309043192799999933644817228338805128523784510822154717928819585795504613", "price": "0.415", "size": "0", "side": "BUY", "hash": "b52aef0d9f43df27eb0f7bd065cf5ed0c88b641b", "best_bid": "0.949", "best_ask": "0.972"}], "timestamp": "1769384095152", "event_type": "price_change"}}
{"_local_timestamp": "2026-01-25T23:34:55.298709+00:00", "data": {"market": "0x9b3432e989e48d27f66d747901ccf574c1b181c4a6a86c5b57c195aed135bc59", "price_changes": [{"asset_id": "24358210787676305697341608050830551906447237235735968811847994703558824459476", "price": "0.583", "size": "50", "side": "SELL", "hash": "933425f28450e4ea2fa8b8a3336dd50677ea7548", "best_bid": "0.028", "best_ask": "0.051"}, {"asset_id": "5130309043192799999933644817228338805128523784510822154717928819585795504613", "price": "0.417", "size": "50", "side": "BUY", "hash": "f3d825c86db8e6005c8094c4ec5a24ed60682ba4", "best_bid": "0.949", "best_ask": "0.972"}], "timestamp": "1769384095212", "event_type": "price_change"}}
{"_local_timestamp": "2026-01-25T23:34:55.432977+00:00", "data": {"market": "0x9b3432e989e48d27f66d747901ccf574c1b181c4a6a86c5b57c195aed135bc59", "price_changes": [{"asset_id": "24358210787676305697341608050830551906447237235735968811847994703558824459476", "price": "0.584", "size": "0", "side": "SELL", "hash": "16c8b49ac37a9049ca53c50cefe584890cb17035", "best_bid": "0.028", "best_ask": "0.051"}, {"asset_id": "5130309043192799999933644817228338805128523784510822154717928819585795504613", "price": "0.416", "size": "0", "side": "BUY", "hash": "d3ce1a903d168b3cae12474f70f74aba97d6dee3", "best_bid": "0.949", "best_ask": "0.972"}], "timestamp": "1769384095340", "event_type": "price_change"}}
{"_local_timestamp": "2026-01-25T23:34:55.476395+00:00", "data": {"market": "0x9b3432e989e48d27f66d747901ccf574c1b181c4a6a86c5b57c195aed135bc59", "price_changes": [{"asset_id": "24358210787676305697341608050830551906447237235735968811847994703558824459476", "price": "0.629", "size": "29.05", "side": "SELL", "hash": "df4ebacaab8b9575eddb650559ea26f115f16a02", "best_bid": "0.028", "best_ask": "0.051"}, {"asset_id": "5130309043192799999933644817228338805128523784510822154717928819585795504613", "price": "0.371", "size": "29.05", "side": "BUY", "hash": "f25b7933e1f37193415da0337310c3d78df09129", "best_bid": "0.949", "best_ask": "0.972"}], "timestamp": "1769384095402", "event_type": "price_change"}}
{"_local_timestamp": "2026-01-25T23:34:56.423983+00:00", "data": {"market": "0x9b3432e989e48d27f66d747901ccf574c1b181c4a6a86c5b57c195aed135bc59", "price_changes": [{"asset_id": "24358210787676305697341608050830551906447237235735968811847994703558824459476", "price": "0.583", "size": "0", "side": "SELL", "hash": "6796b0407bd03dca0cc7b730eaed37aade6d6bb8", "best_bid": "0.028", "best_ask": "0.051"}, {"asset_id": "5130309043192799999933644817228338805128523784510822154717928819585795504613", "price": "0.417", "size": "0", "side": "BUY", "hash": "645a0f59ea695549025f33a43aa07aaa74a5da33", "best_bid": "0.949", "best_ask": "0.972"}], "timestamp": "1769384096353", "event_type": "price_change"}}
{"_local_timestamp": "2026-01-25T23:34:56.458384+00:00", "data": {"market": "0x9b3432e989e48d27f66d747901ccf574c1b181c4a6a86c5b57c195aed135bc59", "price_changes": [{"asset_id": "24358210787676305697341608050830551906447237235735968811847994703558824459476", "price": "0.628", "size": "50", "side": "SELL", "hash": "64169aa533460b790a9b4ba0503467796045fd25", "best_bid": "0.028", "best_ask": "0.051"}, {"asset_id": "5130309043192799999933644817228338805128523784510822154717928819585795504613", "price": "0.372", "size": "50", "side": "BUY", "hash": "ec435c5e9893333afc8f0daf7d87bfed4d8429be", "best_bid": "0.949", "best_ask": "0.972"}], "timestamp": "1769384096389", "event_type": "price_change"}}
{"_local_timestamp": "2026-01-25T23:34:56.761267+00:00", "data": {"market": "0x9b3432e989e48d27f66d747901ccf574c1b181c4a6a86c5b57c195aed135bc59", "price_changes": [{"asset_id": "24358210787676305697341608050830551906447237235735968811847994703558824459476", "price": "0.629", "size": "0", "side": "SELL", "hash": "1e1db1409b7c5631eb5db6400afd777a04f4672e", "best_bid": "0.028", "best_ask": "0.051"}, {"asset_id": "5130309043192799999933644817228338805128523784510822154717928819585795504613", "price": "0.371", "size": "0", "side": "BUY", "hash": "73d1d334656997d5372fc69979388789b9d26936", "best_bid": "0.949", "best_ask": "0.972"}], "timestamp": "1769384096693", "event_type": "price_change"}}
{"_local_timestamp": "2026-01-25T23:34:56.801249+00:00", "data": {"market": "0x9b3432e989e48d27f66d747901ccf574c1b181c4a6a86c5b57c195aed135bc59", "price_changes": [{"asset_id": "24358210787676305697341608050830551906447237235735968811847994703558824459476", "price": "0.627", "size": "29.05", "side": "SELL", "hash": "cf419660a86b2e26e9073294e2fdd76386bcfb17", "best_bid": "0.028", "best_ask": "0.051"}, {"asset_id": "5130309043192799999933644817228338805128523784510822154717928819585795504613", "price": "0.373", "size": "29.05", "side": "BUY", "hash": "6c1e2d2f1020e38d9f2ba7b82ecba5e9e06231d7", "best_bid": "0.949", "best_ask": "0.972"}], "timestamp": "1769384096734", "event_type": "price_change"}}
{"_local_timestamp": "2026-01-25T23:34:57.690566+00:00", "data": {"market": "0x9b3432e989e48d27f66d747901ccf574c1b181c4a6a86c5b57c195aed135bc59", "price_changes": [{"asset_id": "24358210787676305697341608050830551906447237235735968811847994703558824459476", "price": "0.628", "size": "0", "side": "SELL", "hash": "c09a743527e6cb45586a483af212cc6e693c3359", "best_bid": "0.028", "best_ask": "0.051"}, {"asset_id": "5130309043192799999933644817228338805128523784510822154717928819585795504613", "price": "0.372", "size": "0", "side": "BUY", "hash": "e00c0f28794e7d002cf7a4d4a80cd0870d633956", "best_bid": "0.949", "best_ask": "0.972"}], "timestamp": "1769384097621", "event_type": "price_change"}}
{"_local_timestamp": "2026-01-25T23:34:57.714278+00:00", "data": {"market": "0x9b3432e989e48d27f66d747901ccf574c1b181c4a6a86c5b57c195aed135bc59", "price_changes": [{"asset_id": "24358210787676305697341608050830551906447237235735968811847994703558824459476", "price": "0.626", "size": "50", "side": "SELL", "hash": "140cb96f7ec0e6ad157ea05cf2dbf69bff9d7ca3", "best_bid": "0.028", "best_ask": "0.051"}, {"asset_id": "5130309043192799999933644817228338805128523784510822154717928819585795504613", "price": "0.374", "size": "50", "side": "BUY", "hash": "43bab1246d73cfabab9a7b566f9e96a4b0732aa0", "best_bid": "0.949", "best_ask": "0.972"}], "timestamp": "1769384097649", "event_type": "price_change"}}
{"_local_timestamp": "2026-01-25T23:34:58.187643+00:00", "data": {"market": "0x9b3432e989e48d27f66d747901ccf574c1b181c4a6a86c5b57c195aed135bc59", "price_changes": [{"asset_id": "24358210787676305697341608050830551906447237235735968811847994703558824459476", "price": "0.627", "size": "0", "side": "SELL", "hash": "c5da50971925adb02e45af4a34582d13e308f21e", "best_bid": "0.028", "best_ask": "0.051"}, {"asset_id": "5130309043192799999933644817228338805128523784510822154717928819585795504613", "price": "0.373", "size": "0", "side": "BUY", "hash": "70f11eb2790179e333a49283f697559c93e78b4e", "best_bid": "0.949", "best_ask": "0.972"}], "timestamp": "1769384098104", "event_type": "price_change"}}
{"_local_timestamp": "2026-01-25T23:34:58.217224+00:00", "data": {"market": "0x9b3432e989e48d27f66d747901ccf574c1b181c4a6a86c5b57c195aed135bc59", "price_changes": [{"asset_id": "24358210787676305697341608050830551906447237235735968811847994703558824459476", "price": "0.625", "size": "29.05", "side": "SELL", "hash": "b998453fcbc2d0aab0a34128ea4e3ea1dfbbc9a7", "best_bid": "0.028", "best_ask": "0.051"}, {"asset_id": "5130309043192799999933644817228338805128523784510822154717928819585795504613", "price": "0.375", "size": "29.05", "side": "BUY", "hash": "bce077257e0518baaea52bbd7814c594cdc665af", "best_bid": "0.949", "best_ask": "0.972"}], "timestamp": "1769384098152", "event_type": "price_change"}}
{"_local_timestamp": "2026-01-25T23:34:58.828579+00:00", "data": {"market": "0x9b3432e989e48d27f66d747901ccf574c1b181c4a6a86c5b57c195aed135bc59", "price_changes": [{"asset_id": "24358210787676305697341608050830551906447237235735968811847994703558824459476", "price": "0.626", "size": "0", "side": "SELL", "hash": "0d3ac20661b40699ebde6deec2d5bee24d6f8fbc", "best_bid": "0.028", "best_ask": "0.051"}, {"asset_id": "5130309043192799999933644817228338805128523784510822154717928819585795504613", "price": "0.374", "size": "0", "side": "BUY", "hash": "db3407e69a535dc6cc5fa911bd70b04fe13fb575", "best_bid": "0.949", "best_ask": "0.972"}], "timestamp": "1769384098763", "event_type": "price_change"}}
{"_local_timestamp": "2026-01-25T23:34:58.887229+00:00", "data": {"market": "0x9b3432e989e48d27f66d747901ccf574c1b181c4a6a86c5b57c195aed135bc59", "price_changes": [{"asset_id": "24358210787676305697341608050830551906447237235735968811847994703558824459476", "price": "0.624", "size": "50", "side": "SELL", "hash": "c3a5d644eaade32032c4576f5b71fa9c45fb6f98", "best_bid": "0.028", "best_ask": "0.051"}, {"asset_id": "5130309043192799999933644817228338805128523784510822154717928819585795504613", "price": "0.376", "size": "50", "side": "BUY", "hash": "331be769f1eb7910ba28d8a2af3030d3214e1efc", "best_bid": "0.949", "best_ask": "0.972"}], "timestamp": "1769384098807", "event_type": "price_change"}}
{"_local_timestamp": "2026-01-25T23:34:59.493350+00:00", "data": {"market": "0x9b3432e989e48d27f66d747901ccf574c1b181c4a6a86c5b57c195aed135bc59", "price_changes": [{"asset_id": "24358210787676305697341608050830551906447237235735968811847994703558824459476", "price": "0.625", "size": "0", "side": "SELL", "hash": "418a37e3d64d6d4150b72080cd4b7525aba6e0b2", "best_bid": "0.028", "best_ask": "0.051"}, {"asset_id": "5130309043192799999933644817228338805128523784510822154717928819585795504613", "price": "0.375", "size": "0", "side": "BUY", "hash": "1064303a996d924c617571d6717a273f1a1926c7", "best_bid": "0.949", "best_ask": "0.972"}], "timestamp": "1769384099418", "event_type": "price_change"}}
{"_local_timestamp": "2026-01-25T23:34:59.544683+00:00", "data": {"market": "0x9b3432e989e48d27f66d747901ccf574c1b181c4a6a86c5b57c195aed135bc59", "price_changes": [{"asset_id": "24358210787676305697341608050830551906447237235735968811847994703558824459476", "price": "0.623", "size": "29.05", "side": "SELL", "hash": "e97295835e364075be9c11e2b09a365ef494dd49", "best_bid": "0.028", "best_ask": "0.051"}, {"asset_id": "5130309043192799999933644817228338805128523784510822154717928819585795504613", "price": "0.377", "size": "29.05", "side": "BUY", "hash": "8fb00ec852f0b5696047747aea4ff364d0de3b45", "best_bid": "0.949", "best_ask": "0.972"}], "timestamp": "1769384099479", "event_type": "price_change"}}
{"_local_timestamp": "2026-01-25T23:35:00.035648+00:00", "data": {"market": "0x9b3432e989e48d27f66d747901ccf574c1b181c4a6a86c5b57c195aed135bc59", "price_changes": [{"asset_id": "24358210787676305697341608050830551906447237235735968811847994703558824459476", "price": "0.624", "size": "0", "side": "SELL", "hash": "aef1b3c79db5a51402d8ae46a8331404b01b1e48", "best_bid": "0.028", "best_ask": "0.051"}, {"asset_id": "5130309043192799999933644817228338805128523784510822154717928819585795504613", "price": "0.376", "size": "0", "side": "BUY", "hash": "4fd5e7a69a4ececb82efe6ad0a02df810e3ba5e8", "best_bid": "0.949", "best_ask": "0.972"}], "timestamp": "1769384099966", "event_type": "price_change"}}
{"_local_timestamp": "2026-01-25T23:35:00.078362+00:00", "data": {"market": "0x9b3432e989e48d27f66d747901ccf574c1b181c4a6a86c5b57c195aed135bc59", "price_changes": [{"asset_id": "24358210787676305697341608050830551906447237235735968811847994703558824459476", "price": "0.622", "size": "50", "side": "SELL", "hash": "e343ee8b7e233a04571e7393ed2de0ca071e94ee", "best_bid": "0.028", "best_ask": "0.051"}, {"asset_id": "5130309043192799999933644817228338805128523784510822154717928819585795504613", "price": "0.378", "size": "50", "side": "BUY", "hash": "0b3546b80ff590e4f9dea92170ba16c8db9bafc5", "best_bid": "0.949", "best_ask": "0.972"}], "timestamp": "1769384100008", "event_type": "price_change"}}
{"_local_timestamp": "2026-01-25T23:35:00.889221+00:00", "data": {"market": "0x9b3432e989e48d27f66d747901ccf574c1b181c4a6a86c5b57c195aed135bc59", "price_changes": [{"asset_id": "24358210787676305697341608050830551906447237235735968811847994703558824459476", "price": "0.623", "size": "0", "side": "SELL", "hash": "e3c43e8b22266c795b2dc6d8c9d9866e9c63fb1e", "best_bid": "0.028", "best_ask": "0.051"}, {"asset_id": "5130309043192799999933644817228338805128523784510822154717928819585795504613", "price": "0.377", "size": "0", "side": "BUY", "hash": "ac953411aadb9c14e1f6febd7287938e565fec16", "best_bid": "0.949", "best_ask": "0.972"}], "timestamp": "1769384100824", "event_type": "price_change"}}
{"_local_timestamp": "2026-01-25T23:35:00.965401+00:00", "data": {"market": "0x9b3432e989e48d27f66d747901ccf574c1b181c4a6a86c5b57c195aed135bc59", "price_changes": [{"asset_id": "24358210787676305697341608050830551906447237235735968811847994703558824459476", "price": "0.621", "size": "29.05", "side": "SELL", "hash": "4c323814df28cd534eec7364c409ff6fec2ccbcf", "best_bid": "0.028", "best_ask": "0.051"}, {"asset_id": "5130309043192799999933644817228338805128523784510822154717928819585795504613", "price": "0.379", "size": "29.05", "side": "BUY", "hash": "f4e65ef1d12c6c53a5d0b7d433800f41ae56869a", "best_bid": "0.949", "best_ask": "0.972"}], "timestamp": "1769384100896", "event_type": "price_change"}}
{"_local_timestamp": "2026-01-25T23:35:01.227302+00:00", "data": {"market": "0x9b3432e989e48d27f66d747901ccf574c1b181c4a6a86c5b57c195aed135bc59", "price_changes": [{"asset_id": "24358210787676305697341608050830551906447237235735968811847994703558824459476", "price": "0.622", "size": "0", "side": "SELL", "hash": "e5a5a2dacf7d64568e9afc6d47e7897ba87f4b36", "best_bid": "0.028", "best_ask": "0.051"}, {"asset_id": "5130309043192799999933644817228338805128523784510822154717928819585795504613", "price": "0.378", "size": "0", "side": "BUY", "hash": "e8d3ddfb4df96d083aea901e37ae6e106ce50497", "best_bid": "0.949", "best_ask": "0.972"}], "timestamp": "1769384101156", "event_type": "price_change"}}
{"_local_timestamp": "2026-01-25T23:35:01.248991+00:00", "data": {"market": "0x9b3432e989e48d27f66d747901ccf574c1b181c4a6a86c5b57c195aed135bc59", "price_changes": [{"asset_id": "24358210787676305697341608050830551906447237235735968811847994703558824459476", "price": "0.62", "size": "50", "side": "SELL", "hash": "102b14c8bd7027996c64a58c12ac2141b6e1fa95", "best_bid": "0.028", "best_ask": "0.051"}, {"asset_id": "5130309043192799999933644817228338805128523784510822154717928819585795504613", "price": "0.38", "size": "50", "side": "BUY", "hash": "ea39a70d471fbdcb3e7d1dd3478d0c7c48f5cd46", "best_bid": "0.949", "best_ask": "0.972"}], "timestamp": "1769384101185", "event_type": "price_change"}}
