{"_local_timestamp": "2026-01-25T23:34:06.949047+00:00", "data": [{"market": "0x9b3432e989e48d27f66d747901ccf574c1b181c4a6a86c5b57c195aed135bc59", "asset_id": "5130309043192799999933644817228338805128523784510822154717928819585795504613", "timestamp": "1769384046447", "hash": "475ec5dd043c2961f43bcfc890e1b58d305fb4eb", "bids": [{"price": "0.001", "size": "3025.12"}, {"price": "0.002", "size": "250"}, {"price": "0.003", "size": "28.93"}, {"price": "0.01", "size": "285"}, {"price": "0.02", "size": "150"}, {"price": "0.021", "size": "14.9"}, {"price": "0.05", "size": "40"}, {"price": "0.06", "size": "66"}, {"price": "0.078", "size": "300"}, {"price": "0.088", "size": "200"}, {"price": "0.095", "size": "125"}, {"price": "0.102", "size": "75"}, {"price": "0.103", "size": "37"}, {"price": "0.104", "size": "5.67"}, {"price": "0.368", "size": "7.96"}, {"price": "0.369", "size": "35.23"}, {"price": "0.37", "size": "29.72"}, {"price": "0.407", "size": "50"}, {"price": "0.408", "size": "29.05"}, {"price": "0.949", "size": "25"}], "asks": [{"price": "0.999", "size": "5881.99"}, {"price": "0.998", "size": "33.5"}, {"price": "0.997", "size": "77"}, {"price": "0.996", "size": "60.5"}, {"price": "0.99", "size": "230"}, {"price": "0.988", "size": "57"}, {"price": "0.987", "size": "18.48"}, {"price": "0.98", "size": "150"}, {"price": "0.979", "size": "300"}, {"price": "0.978", "size": "9.3"}, {"price": "0.976", "size": "200"}, {"price": "0.974", "size": "125"}, {"price": "0.972", "size": "75"}], "event_type": "book", "last_trade_price": "0.051"}, {"market": "0x9b3432e989e48d27f66d747901ccf574c1b181c4a6a86c5b57c195aed135bc59", "asset_id": "24358210787676305697341608050830551906447237235735968811847994703558824459476", "timestamp": "1769384046447", "hash": "8edd9b16523cd2a34654262f3581251415ae3f3a", "bids": [{"price": "0.001", "size": "5881.99"}, {"price": "0.002", "size": "33.5"}, {"price": "0.003", "size": "77"}, {"price": "0.004", "size": "60.5"}, {"price": "0.01", "size": "230"}, {"price": "0.012", "size": "57"}, {"price": "0.013", "size": "18.48"}, {"price": "0.02", "size": "150"}, {"price": "0.021", "size": "300"}, {"price": "0.022", "size": "9.3"}, {"price": "0.024", "size": "200"}, {"price": "0.026", "size": "125"}, {"price": "0.028", "size": "75"}], "asks": [{"price": "0.999", "size": "3025.12"}, {"price": "0.998", "size": "250"}, {"price": "0.997", "size": "28.93"}, {"price": "0.99", "size": "285"}, {"price": "0.98", "size": "150"}, {"price": "0.979", "size": "14.9"}, {"price": "0.95", "size": "40"}, {"price": "0.94", "size": "66"}, {"price": "0.922", "size": "300"}, {"price": "0.912", "size": "200"}, {"price": "0.905", "size": "125"}, {"price": "0.898", "size": "75"}, {"price": "0.897", "size": "37"}, {"price": "0.896", "size": "5.67"}, {"price": "0.632", "size": "7.96"}, {"price": "0.631", "size": "35.23"}, {"price": "0.63", "size": "29.72"}, {"price": "0.593", "size": "50"}, {"price": "0.592", "size": "29.05"}, {"price": "0.051", "size": "25"}], "event_type": "book", "last_trade_price": "0.051"}]}
{"_local_timestamp": "2026-01-25T23:34:07.665194+00:00", "data": {"market": "0x9b3432e989e48d27f66d747901ccf574c1b181c4a6a86c5b57c195aed135bc59", "price_changes": [{"asset_id": "24358210787676305697341608050830551906447237235735968811847994703558824459476", "price": "0.593", "size": "0", "side": "SELL", "hash": "22b3888bee176777cea822870d39259832f0131c", "best_bid": "0.028", "best_ask": "0.051"}, {"asset_id": "5130309043192799999933644817228338805128523784510822154717928819585795504613", "price": "0.407", "size": "0", "side": "BUY", "hash": "36b6ff444511cbc00cd7c7b58148340157e51cff", "best_bid": "0.949", "best_ask": "0.972"}], "timestamp": "1769384047601", "event_type": "price_change"}}
{"_local_timestamp": "2026-01-25T23:34:07.704806+00:00", "data": {"market": "0x9b3432e989e48d27f66d747901ccf574c1b181c4a6a86c5b57c195aed135bc59", "price_changes": [{"asset_id": "24358210787676305697341608050830551906447237235735968811847994703558824459476", "price": "0.591", "size": "50", "side": "SELL", "hash": "3046faca0fd5eaf72753a8e0ae92b31157a8fbf1", "best_bid": "0.028", "best_ask": "0.051"}, {"asset_id": "5130309043192799999933644817228338805128523784510822154717928819585795504613", "price": "0.409", "size": "50", "side": "BUY", "hash": "285ef7f89039a3e37ca1b86d71dac1a170c290ca", "best_bid": "0.949", "best_ask": "0.972"}], "timestamp": "1769384047634", "event_type": "price_change"}}
{"_local_timestamp": "2026-01-25T23:34:09.325752+00:00", "data": {"market": "0x9b3432e989e48d27f66d747901ccf574c1b181c4a6a86c5b57c195aed135bc59", "price_changes": [{"asset_id": "24358210787676305697341608050830551906447237235735968811847994703558824459476", "price": "0.592", "size": "0", "side": "SELL", "hash": "d5116be1fb4dcdd776d465dc6cfd9865eba5af63", "best_bid": "0.028", "best_ask": "0.051"}, {"asset_id": "5130309043192799999933644817228338805128523784510822154717928819585795504613", "price": "0.408", "size": "0", "side": "BUY", "hash": "e7de44b1dd17c555bdeac23ac05c5bcb7fba427f", "best_bid": "0.949", "best_ask": "0.972"}], "timestamp": "1769384049225", "event_type": "price_change"}}
{"_local_timestamp": "2026-01-25T23:34:09.340617+00:00", "data": {"market": "0x9b3432e989e48d27f66d747901ccf574c1b181c4a6a86c5b57c195aed135bc59", "price_changes": [{"asset_id": "24358210787676305697341608050830551906447237235735968811847994703558824459476", "price": "0.59", "size": "29.05", "side": "SELL", "hash": "ee777c7526c5410f29216c97501ca9f410f3f9b0", "best_bid": "0.028", "best_ask": "0.051"}, {"asset_id": "5130309043192799999933644817228338805128523784510822154717928819585795504613", "price": "0.41", "size": "29.05", "side": "BUY", "hash": "c51d75599b4ac4e351b0eda83bd8e5dd3a3516da", "best_bid": "0.949", "best_ask": "0.972"}], "timestamp": "1769384049266", "event_type": "price_change"}}
{"_local_timestamp": "2026-01-25T23:34:10.110079+00:00", "data": {"market": "0x9b3432e989e48d27f66d747901ccf574c1b181c4a6a86c5b57c195aed135bc59", "price_changes": [{"asset_id": "24358210787676305697341608050830551906447237235735968811847994703558824459476", "price": "0.591", "size": "0", "side": "SELL", "hash": "0d78cb4390aefcaa6234370125f116be0bc51481", "best_bid": "0.028", "best_ask": "0.051"}, {"asset_id": "5130309043192799999933644817228338805128523784510822154717928819585795504613", "price": "0.409", "size": "0", "side": "BUY", "hash": "36e839d9be92bbf2f9bd06478ea1ec3926eee424", "best_bid": "0.949", "best_ask": "0.972"}], "timestamp": "1769384050040", "event_type": "price_change"}}
{"_local_timestamp": "2026-01-25T23:34:10.147229+00:00", "data": {"market": "0x9b3432e989e48d27f66d747901ccf574c1b181c4a6a86c5b57c195aed135bc59", "price_changes": [{"asset_id": "24358210787676305697341608050830551906447237235735968811847994703558824459476", "price": "0.589", "size": "50", "side": "SELL", "hash": "5865f0ff4f6e9843f7863aba13126bc5ff9fad07", "best_bid": "0.028", "best_ask": "0.051"}, {"asset_id": "5130309043192799999933644817228338805128523784510822154717928819585795504613", "price": "0.411", "size": "50", "side": "BUY", "hash": "beee15a426a1df2f3a1c6a01fca1ba8707c7335f", "best_bid": "0.949", "best_ask": "0.972"}], "timestamp": "1769384050078", "event_type": "price_change"}}
{"_local_timestamp": "2026-01-25T23:34:10.663735+00:00", "data": {"market": "0x9b3432e989e48d27f66d747901ccf574c1b181c4a6a86c5b57c195aed135bc59", "price_changes": [{"asset_id": "24358210787676305697341608050830551906447237235735968811847994703558824459476", "price": "0.59", "size": "0", "side": "SELL", "hash": "e65304ebf62fcf85649ed921c20dc3f8c514f13b", "best_bid": "0.028", "best_ask": "0.051"}, {"asset_id": "5130309043192799999933644817228338805128523784510822154717928819585795504613", "price": "0.41", "size": "0", "side": "BUY", "hash": "e6438e22f7bdc2e30b055d4ead8a66608eca62d1", "best_bid": "0.949", "best_ask": "0.972"}], "timestamp": "1769384050589", "event_type": "price_change"}}
{"_local_timestamp": "2026-01-25T23:34:10.712054+00:00", "data": {"market": "0x9b3432e989e48d27f66d747901ccf574c1b181c4a6a86c5b57c195aed135bc59", "price_changes": [{"asset_id": "24358210787676305697341608050830551906447237235735968811847994703558824459476", "price": "0.588", "size": "29.05", "side": "SELL", "hash": "6547d2f78294c8abab31d7ce02eb110570de0178", "best_bid": "0.028", "best_ask": "0.051"}, {"asset_id": "5130309043192799999933644817228338805128523784510822154717928819585795504613", "price": "0.412", "size": "29.05", "side": "BUY", "hash": "df7ecbeb088b497d22e61a237df150f502f7aa1c", "best_bid": "0.949", "best_ask": "0.972"}], "timestamp": "1769384050642", "event_type": "price_change"}}
{"_local_timestamp": "2026-01-25T23:34:11.285721+00:00", "data": {"market": "0x9b3432e989e48d27f66d747901ccf574c1b181c4a6a86c5b57c195aed135bc59", "price_changes": [{"asset_id": "24358210787676305697341608050830551906447237235735968811847994703558824459476", "price": "0.589", "size": "0", "side": "SELL", "hash": "9bf0b62edd3028116cb006e24e00d2a96437726a", "best_bid": "0.028", "best_ask": "0.051"}, {"asset_id": "5130309043192799999933644817228338805128523784510822154717928819585795504613", "price": "0.411", "size": "0", "side": "BUY", "hash": "890fa4d015c3ef0efb3dc2ef610a19f3006cecb8", "best_bid": "0.949", "best_ask": "0.972"}], "timestamp": "1769384051219", "event_type": "price_change"}}
{"_local_timestamp": "2026-01-25T23:34:11.313092+00:00", "data": {"market": "0x9b3432e989e48d27f66d747901ccf574c1b181c4a6a86c5b57c195aed135bc59", "price_changes": [{"asset_id": "24358210787676305697341608050830551906447237235735968811847994703558824459476", "price": "0.587", "size": "50", "side": "SELL", "hash": "d3ff487df27302310a0f1d0f35a6a2ff8c4e3a7e", "best_bid": "0.028", "best_ask": "0.051"}, {"asset_id": "5130309043192799999933644817228338805128523784510822154717928819585795504613", "price": "0.413", "size": "50", "side": "BUY", "hash": "5bfae276d0375fc60681b07a46e63433f7708a20", "best_bid": "0.949", "best_ask": "0.972"}], "timestamp": "1769384051250", "event_type": "price_change"}}
{"_local_timestamp": "2026-01-25T23:34:12.373408+00:00", "data": {"market": "0x9b3432e989e48d27f66d747901ccf574c1b181c4a6a86c5b57c195aed135bc59", "price_changes": [{"asset_id": "24358210787676305697341608050830551906447237235735968811847994703558824459476", "price": "0.588", "size": "0", "side": "SELL", "hash": "9f4307bc72200a56aeb74d47286ddcc71ce6f490", "best_bid": "0.028", "best_ask": "0.051"}, {"asset_id": "5130309043192799999933644817228338805128523784510822154717928819585795504613", "price": "0.412", "size": "0", "side": "BUY", "hash": "7fe71f452d2c281b1aed6b997be8e8563c2bc9ab", "best_bid": "0.949", "best_ask": "0.972"}], "timestamp": "1769384052300", "event_type": "price_change"}}
{"_local_timestamp": "2026-01-25T23:34:12.473292+00:00", "data": {"market": "0x9b3432e989e48d27f66d747901ccf574c1b181c4a6a86c5b57c195aed135bc59", "price_changes": [{"asset_id": "24358210787676305697341608050830551906447237235735968811847994703558824459476", "price": "0.586", "size": "29.05", "side": "SELL", "hash": "394ad9063e4636e19808a7dd9d5b0362d2232636", "best_bid": "0.028", "best_ask": "0.051"}, {"asset_id": "5130309043192799999933644817228338805128523784510822154717928819585795504613", "price": "0.414", "size": "29.05", "side": "BUY", "hash": "5feb63f715dc7b0555916d0f0b8afaee956bebc0", "best_bid": "0.949", "best_ask": "0.972"}], "timestamp": "1769384052376", "event_type": "price_change"}}
{"_local_timestamp": "2026-01-25T23:34:12.479556+00:00", "data": {"market": "0x9b3432e989e48d27f66d747901ccf574c1b181c4a6a86c5b57c195aed135bc59", "price_changes": [{"asset_id": "24358210787676305697341608050830551906447237235735968811847994703558824459476", "price": "0.587", "size": "0", "side": "SELL", "hash": "e483b5d08fd69793eb378ab79a673199ec9fa67f", "best_bid": "0.028", "best_ask": "0.051"}, {"asset_id": "5130309043192799999933644817228338805128523784510822154717928819585795504613", "price": "0.413", "size": "0", "side": "BUY", "hash": "8ffddb436d21b88c5799532f6733956f6fa50078", "best_bid": "0.949", "best_ask": "0.972"}], "timestamp": "1769384052378", "event_type": "price_change"}}
{"_local_timestamp": "2026-01-25T23:34:12.495842+00:00", "data": {"market": "0x9b3432e989e48d27f66d747901ccf574c1b181c4a6a86c5b57c195aed135bc59", "price_changes": [{"asset_id": "24358210787676305697341608050830551906447237235735968811847994703558824459476", "price": "0.629", "size": "50", "side": "SELL", "hash": "7d3aacb14d97271c8defaf5e30a31f79e1cd3efa", "best_bid": "0.028", "best_ask": "0.051"}, {"asset_id": "5130309043192799999933644817228338805128523784510822154717928819585795504613", "price": "0.371", "size": "50", "side": "BUY", "hash": "16ad495c1bbe6d5199ffbe4d7bd1ea08c3105400", "best_bid": "0.949", "best_ask": "0.972"}], "timestamp": "1769384052406", "event_type": "price_change"}}
{"_local_timestamp": "2026-01-25T23:34:13.693368+00:00", "data": {"market": "0x9b3432e989e48d27f66d747901ccf574c1b181c4a6a86c5b57c195aed135bc59", "price_changes": [{"asset_id": "24358210787676305697341608050830551906447237235735968811847994703558824459476", "price": "0.629", "size": "0", "side": "SELL", "hash": "8085db7d36cd052e3e582780c505c1098072fbc9", "best_bid": "0.028", "best_ask": "0.051"}, {"asset_id": "5130309043192799999933644817228338805128523784510822154717928819585795504613", "price": "0.371", "size": "0", "side": "BUY", "hash": "610a8622ef02c7475f8a1989551ceb7ffc38c658", "best_bid": "0.949", "best_ask": "0.972"}], "timestamp": "1769384053626", "event_type": "price_change"}}
{"_local_timestamp": "2026-01-25T23:34:13.733540+00:00", "data": {"market": "0x9b3432e989e48d27f66d747901ccf574c1b181c4a6a86c5b57c195aed135bc59", "price_changes": [{"asset_id": "24358210787676305697341608050830551906447237235735968811847994703558824459476", "price": "0.585", "size": "50", "side": "SELL", "hash": "25e16443ddf11872605156de9cb992b4d536a226", "best_bid": "0.028", "best_ask": "0.051"}, {"asset_id": "5130309043192799999933644817228338805128523784510822154717928819585795504613", "price": "0.415", "size": "50", "side": "BUY", "hash": "e0ff021fa1b6906539e6c80a888505a38c794b03", "best_bid": "0.949", "best_ask": "0.972"}], "timestamp": "1769384053655", "event_type": "price_change"}}
{"_local_timestamp": "2026-01-25T23:34:13.777428+00:00", "data": {"market": "0x9b3432e989e48d27f66d747901ccf574c1b181c4a6a86c5b57c195aed135bc59", "price_changes": [{"asset_id": "24358210787676305697341608050830551906447237235735968811847994703558824459476", "price": "0.586", "size": "0", "side": "SELL", "hash": "98c3d6c6441a2c1f4db33fed7ca7c220c0ef2840", "best_bid": "0.028", "best_ask": "0.051"}, {"asset_id": "5130309043192799999933644817228338805128523784510822154717928819585795504613", "price": "0.414", "size": "0", "side": "BUY", "hash": "7600e6402bef7749c2a4268f2872492c7e0186e5", "best_bid": "0.949", "best_ask": "0.972"}], "timestamp": "1769384053706", "event_type": "price_change"}}
{"_local_timestamp": "2026-01-25T23:34:13.832333+00:00", "data": {"market": "0x9b3432e989e48d27f66d747901ccf574c1b181c4a6a86c5b57c195aed135bc59", "price_changes": [{"asset_id": "24358210787676305697341608050830551906447237235735968811847994703558824459476", "price": "0.628", "size": "29.05", "side": "SELL", "hash": "baa282f689eec6caad781a5c625ab5493d01f458", "best_bid": "0.028", "best_ask": "0.051"}, {"asset_id": "5130309043192799999933644817228338805128523784510822154717928819585795504613", "price": "0.372", "size": "29.05", "side": "BUY", "hash": "f3700468a2230ceeb9bfe69b8f4fa9f355c1e2bd", "best_bid": "0.949", "best_ask": "0.972"}], "timestamp": "1769384053759", "event_type": "price_change"}}
{"_local_timestamp": "2026-01-25T23:34:14.835904+00:00", "data": {"market": "0x9b3432e989e48d27f66d747901ccf574c1b181c4a6a86c5b57c195aed135bc59", "price_changes": [{"asset_id": "24358210787676305697341608050830551906447237235735968811847994703558824459476", "price": "0.585", "size": "0", "side": "SELL", "hash": "5beb2130a8d86c4c763c94f5e6c54550c84f73f2", "best_bid": "0.028", "best_ask": "0.051"}, {"asset_id": "5130309043192799999933644817228338805128523784510822154717928819585795504613", "price": "0.415", "size": "0", "side": "BUY", "hash": "fc5023aaf23ae881036a972327f8aca1a4c6f066", "best_bid": "0.949", "best_ask": "0.972"}], "timestamp": "1769384054770", "event_type": "price_change"}}
{"_local_timestamp": "2026-01-25T23:34:14.865661+00:00", "data": {"market": "0x9b3432e989e48d27f66d747901ccf574c1b181c4a6a86c5b57c195aed135bc59", "price_changes": [{"asset_id": "24358210787676305697341608050830551906447237235735968811847994703558824459476", "price": "0.627", "size": "50", "side": "SELL", "hash": "de673681dfe9a72d022ea3ab51c37ceee111f847", "best_bid": "0.028", "best_ask": "0.051"}, {"asset_id": "5130309043192799999933644817228338805128523784510822154717928819585795504613", "price": "0.373", "size": "50", "side": "BUY", "hash": "5e471c0098fe7ff7a14a3ad4b39bb7233600bc95", "best_bid": "0.949", "best_ask": "0.972"}], "timestamp": "1769384054796", "event_type": "price_change"}}
{"_local_timestamp": "2026-01-25T23:34:15.122777+00:00", "data": {"market": "0x9b3432e989e48d27f66d747901ccf574c1b181c4a6a86c5b57c195aed135bc59", "price_changes": [{"asset_id": "24358210787676305697341608050830551906447237235735968811847994703558824459476", "price": "0.628", "size": "0", "side": "SELL", "hash": "60dd1bcf9be5f0d2040240ec444fbc77ed48abc7", "best_bid": "0.028", "best_ask": "0.051"}, {"asset_id": "5130309043192799999933644817228338805128523784510822154717928819585795504613", "price": "0.372", "size": "0", "side": "BUY", "hash": "788304f6826b1ad376497e83b16a3e5e4cbbce85", "best_bid": "0.949", "best_ask": "0.972"}], "timestamp": "1769384055047", "event_type": "price_change"}}
{"_local_timestamp": "2026-01-25T23:34:15.166987+00:00", "data": {"market": "0x9b3432e989e48d27f66d747901ccf574c1b181c4a6a86c5b57c195aed135bc59", "price_changes": [{"asset_id": "24358210787676305697341608050830551906447237235735968811847994703558824459476", "price": "0.626", "size": "29.05", "side": "SELL", "hash": "e42087a07e1e1d96b6751cdcac9b4f5c9397aa48", "best_bid": "0.028", "best_ask": "0.051"}, {"asset_id": "5130309043192799999933644817228338805128523784510822154717928819585795504613", "price": "0.374", "size": "29.05", "side": "BUY", "hash": "4ba8184555ddf3c4318ba333554e0e6e0a69327b", "best_bid": "0.949", "best_ask": "0.972"}], "timestamp": "1769384055097", "event_type": "price_change"}}
{"_local_timestamp": "2026-01-25T23:34:16.127406+00:00", "data": {"market": "0x9b3432e989e48d27f66d747901ccf574c1b181c4a6a86c5b57c195aed135bc59", "price_changes": [{"asset_id": "24358210787676305697341608050830551906447237235735968811847994703558824459476", "price": "0.627", "size": "0", "side": "SELL", "hash": "48d8e09c3fa5e761eadd1544c030f068663550c7", "best_bid": "0.028", "best_ask": "0.051"}, {"asset_id": "5130309043192799999933644817228338805128523784510822154717928819585795504613", "price": "0.373", "size": "0", "side": "BUY", "hash": "27e74048c2fcadb006d34be0c82e0460291d024b", "best_bid": "0.949", "best_ask": "0.972"}], "timestamp": "1769384056042", "event_type": "price_change"}}
{"_local_timestamp": "2026-01-25T23:34:16.149121+00:00", "data": {"market": "0x9b3432e989e48d27f66d747901ccf574c1b181c4a6a86c5b57c195aed135bc59", "price_changes": [{"asset_id": "24358210787676305697341608050830551906447237235735968811847994703558824459476", "price": "0.625", "size": "50", "side": "SELL", "hash": "ef31aefc7a9e9f9af1cc7b19fd71ce2598a6575e", "best_bid": "0.028", "best_ask": "0.051"}, {"asset_id": "5130309043192799999933644817228338805128523784510822154717928819585795504613", "price": "0.375", "size": "50", "side": "BUY", "hash": "049e2ffcca3eb24df0f1b89e9cb3fc7aaa64ffbb", "best_bid": "0.949", "best_ask": "0.972"}], "timestamp": "1769384056072", "event_type": "price_change"}}
{"_local_timestamp": "2026-01-25T23:34:16.529593+00:00", "data": {"market": "0x9b3432e989e48d27f66d747901ccf574c1b181c4a6a86c5b57c195aed135bc59", "price_changes": [{"asset_id": "24358210787676305697341608050830551906447237235735968811847994703558824459476", "price": "0.626", "size": "0", "side": "SELL", "hash": "9341389a3d89c5c1377d2fbfb199eabfb3c3017b", "best_bid": "0.028", "best_ask": "0.051"}, {"asset_id": "5130309043192799999933644817228338805128523784510822154717928819585795504613", "price": "0.374", "size": "0", "side": "BUY", "hash": "b3ab8b7ed3102ba7047b09f7067f53cdf6850909", "best_bid": "0.949", "best_ask": "0.972"}], "timestamp": "1769384056463", "event_type": "price_change"}}
{"_local_timestamp": "2026-01-25T23:34:16.580134+00:00", "data": {"market": "0x9b3432e989e48d27f66d747901ccf574c1b181c4a6a86c5b57c195aed135bc59", "price_changes": [{"asset_id": "24358210787676305697341608050830551906447237235735968811847994703558824459476", "price": "0.624", "size": "29.05", "side": "SELL", "hash": "9052a88f5322aaf60cc4c4d6354f704327e0d40b", "best_bid": "0.028", "best_ask": "0.051"}, {"asset_id": "5130309043192799999933644817228338805128523784510822154717928819585795504613", "price": "0.376", "size": "29.05", "side": "BUY", "hash": "8be9fc7f56966f61906e2d75f7d94558449c09d5", "best_bid": "0.949", "best_ask": "0.972"}], "timestamp": "1769384056516", "event_type": "price_change"}}
