{"_local_timestamp": "2026-01-25T23:34:06.949047+00:00", "data": [{"market": "0x9b3432e989e48d27f66d747901ccf574c1b181c4a6a86c5b57c195aed135bc59", "asset_id": "5130309043192799999933644817228338805128523784510822154717928819585795504613", "timestamp": "1769384046447", "hash": "475ec5dd043c2961f43bcfc890e1b58d305fb4eb", "bids": [{"price": "0.001", "size": "3025.12"}, {"price": "0.002", "size": "250"}, {"price": "0.003", "size": "28.93"}, {"price": "0.01", "size": "285"}, {"price": "0.02", "size": "150"}, {"price": "0.021", "size": "14.9"}, {"price": "0.05", "size": "40"}, {"price": "0.06", "size": "66"}, {"price": "0.078", "size": "300"}, {"price": "0.088", "size": "200"}, {"price": "0.095", "size": "125"}, {"price": "0.102", "size": "75"}, {"price": "0.103", "size": "37"}, {"price": "0.104", "size": "5.67"}, {"price": "0.368", "size": "7.96"}, {"price": "0.369", "size": "35.23"}, {"price": "0.37", "size": "29.72"}, {"price": "0.407", "size": "50"}, {"price": "0.408", "size": "29.05"}, {"price": "0.949", "size": "25"}], "asks": [{"price": "0.999", "size": "5881.99"}, {"price": "0.998", "size": "33.5"}, {"price": "0.997", "size": "77"}, {"price": "0.996", "size": "60.5"}, {"price": "0.99", "size": "230"}, {"price": "0.988", "size": "57"}, {"price": "0.987", "size": "18.48"}, {"price": "0.98", "size": "150"}, {"price": "0.979", "size": "300"}, {"price": "0.978", "size": "9.3"}, {"price": "0.976", "size": "200"}, {"price": "0.974", "size": "125"}, {"price": "0.972", "size": "75"}], "event_type": "book", "last_trade_price": "0.051"}, {"market": "0x9b3432e989e48d27f66d747901ccf574c1b181c4a6a86c5b57c195aed135bc59", "asset_id": "24358210787676305697341608050830551906447237235735968811847994703558824459476", "timestamp": "1769384046447", "hash": "8edd9b16523cd2a34654262f3581251415ae3f3a", "bids": [{"price": "0.001", "size": "5881.99"}, {"price": "0.002", "size": "33.5"}, {"price": "0.003", "size": "77"}, {"price": "0.004", "size": "60.5"}, {"price": "0.01", "size": "230"}, {"price": "0.012", "size": "57"}, {"price": "0.013", "size": "18.48"}, {"price": "0.02", "size": "150"}, {"price": "0.021", "size": "300"}, {"price": "0.022", "size": "9.3"}, {"price": "0.024", "size": "200"}, {"price": "0.026", "size": "125"}, {"price": "0.028", "size": "75"}], "asks": [{"price": "0.999", "size": "3025.12"}, {"price": "0.998", "size": "250"}, {"price": "0.997", "size": "28.93"}, {"price": "0.99", "size": "285"}, {"price": "0.98", "size": "150"}, {"price": "0.979", "size": "14.9"}, {"price": "0.95", "size": "40"}, {"price": "0.94", "size": "66"}, {"price": "0.922", "size": "300"}, {"price": "0.912", "size": "200"}, {"price": "0.905", "size": "125"}, {"price": "0.898", "size": "75"}, {"price": "0.897", "size": "37"}, {"price": "0.896", "size": "5.67"}, {"price": "0.632", "size": "7.96"}, {"price": "0.631", "size": "35.23"}, {"price": "0.63", "size": "29.72"}, {"price": "0.593", "size": "50"}, {"price": "0.592", "size": "29.05"}, {"price": "0.051", "size": "25"}], "event_type": "book", "last_trade_price": "0.051"}]}
{"_local_timestamp": "2026-01-25T23:34:07.665194+00:00", "data": {"market": "0x9b3432e989e48d27f66d747901ccf574c1b181c4a6a86c5b57c195aed135bc59", "price_changes": [{"asset_id": "24358210787676305697341608050830551906447237235735968811847994703558824459476", "price": "0.593", "size": "0", "side": "SELL", "hash": "22b3888bee176777cea822870d39259832f0131c", "best_bid": "0.028", "best_ask": "0.051"}, {"asset_id": "5130309043192799999933644817228338805128523784510822154717928819585795504613", "price": "0.407", "size": "0", "side": "BUY", "hash": "36b6ff444511cbc00cd7c7b58148340157e51cff", "best_bid": "0.949", "best_ask": "0.972"}], "timestamp": "1769384047601", "event_type": "price_change"}}
{"_local_timestamp": "2026-01-25T23:34:07.704806+00:00", "data": {"market": "0x9b3432e989e48d27f66d747901ccf574c1b181c4a6a86c5b57c195aed135bc59", "price_changes": [{"asset_id": "24358210787676305697341608050830551906447237235735968811847994703558824459476", "price": "0.591", "size": "50", "side": "SELL", "hash": "3046faca0fd5eaf72753a8e0ae92b31157a8fbf1", "best_bid": "0.028", "best_ask": "0.051"}, {"asset_id": "5130309043192799999933644817228338805128523784510822154717928819585795504613", "price": "0.409", "size": "50", "side": "BUY", "hash": "285ef7f89039a3e37ca1b86d71dac1a170c290ca", "best_bid": "0.949", "best_ask": "0.972"}], "timestamp": "1769384047634", "event_type": "price_change"}}
{"_local_timestamp": "2026-01-25T23:34:09.325752+00:00", "data": {"market": "0x9b3432e989e48d27f66d747901ccf574c1b181c4a6a86c5b57c195aed135bc59", "price_changes": [{"asset_id": "24358210787676305697341608050830551906447237235735968811847994703558824459476", "price": "0.592", "size": "0", "side": "SELL", "hash": "d5116be1fb4dcdd776d465dc6cfd9865eba5af63", "best_bid": "0.028", "best_ask": "0.051"}, {"asset_id": "5130309043192799999933644817228338805128523784510822154717928819585795504613", "price": "0.408", "size": "0", "side": "BUY", "hash": "e7de44b1dd17c555bdeac23ac05c5bcb7fba427f", "best_bid": "0.949", "best_ask": "0.972"}], "timestamp": "1769384049225", "event_type": "price_change"}}
{"_local_timestamp": "2026-01-25T23:34:09.340617+00:00", "data": {"market": "0x9b3432e989e48d27f66d747901ccf574c1b181c4a6a86c5b57c195aed135bc59", "price_changes": [{"asset_id": "24358210787676305697341608050830551906447237235735968811847994703558824459476", "price": "0.59", "size": "29.05", "side": "SELL", "hash": "ee777c7526c5410f29216c97501ca9f410f3f9b0", "best_bid": "0.028", "best_ask": "0.051"}, {"asset_id": "5130309043192799999933644817228338805128523784510822154717928819585795504613", "price": "0.41", "size": "29.05", "side": "BUY", "hash": "c51d75599b4ac4e351b0eda83bd8e5dd3a3516da", "best_bid": "0.949", "best_ask": "0.972"}], "timestamp": "1769384049266", "event_type": "price_change"}}
{"_local_timestamp": "2026-01-25T23:34:10.110079+00:00", "data": {"market": "0x9b3432e989e48d27f66d747901ccf574c1b181c4a6a86c5b57c195aed135bc59", "price_changes": [{"asset_id": "24358210787676305697341608050830551906447237235735968811847994703558824459476", "price": "0.591", "size": "0", "side": "SELL", "hash": "0d78cb4390aefcaa6234370125f116be0bc51481", "best_bid": "0.028", "best_ask": "0.051"}, {"asset_id": "5130309043192799999933644817228338805128523784510822154717928819585795504613", "price": "0.409", "size": "0", "side": "BUY", "hash": "36e839d9be92bbf2f9bd06478ea1ec3926eee424", "best_bid": "0.949", "best_ask": "0.972"}], "timestamp": "1769384050040", "event_type": "price_change"}}
{"_local_timestamp": "2026-01-25T23:34:10.147229+00:00", "data": {"market": "0x9b3432e989e48d27f66d747901ccf574c1b181c4a6a86c5b57c195aed135bc59", "price_changes": [{"asset_id": "24358210787676305697341608050830551906447237235735968811847994703558824459476", "price": "0.589", "size": "50", "side": "SELL", "hash": "5865f0ff4f6e9843f7863aba13126bc5ff9fad07", "best_bid": "0.028", "best_ask": "0.051"}, {"asset_id": "5130309043192799999933644817228338805128523784510822154717928819585795504613", "price": "0.411", "size": "50", "side": "BUY", "hash": "beee15a426a1df2f3a1c6a01fca1ba8707c7335f", "best_bid": "0.949", "best_ask": "0.972"}], "timestamp": "1769384050078", "event_type": "price_change"}}
{"_local_timestamp": "2026-01-25T23:34:10.663735+00:00", "data": {"market": "0x9b3432e989e48d27f66d747901ccf574c1b181c4a6a86c5b57c195aed135bc59", "price_changes": [{"asset_id": "24358210787676305697341608050830551906447237235735968811847994703558824459476", "price": "0.59", "size": "0", "side": "SELL", "hash": "e65304ebf62fcf85649ed921c20dc3f8c514f13b", "best_bid": "0.028", "best_ask": "0.051"}, {"asset_id": "5130309043192799999933644817228338805128523784510822154717928819585795504613", "price": "0.41", "size": "0", "side": "BUY", "hash": "e6438e22f7bdc2e30b055d4ead8a66608eca62d1", "best_bid": "0.949", "best_ask": "0.972"}], "timestamp": "1769384050589", "event_type": "price_change"}}
{"_local_timestamp": "2026-01-25T23:34:10.712054+00:00", "data": {"market": "0x9b3432e989e48d27f66d747901ccf574c1b181c4a6a86c5b57c195aed135bc59", "price_changes": [{"asset_id": "24358210787676305697341608050830551906447237235735968811847994703558824459476", "price": "0.588", "size": "29.05", "side": "SELL", "hash": "6547d2f78294c8abab31d7ce02eb110570de0178", "best_bid": "0.028", "best_ask": "0.051"}, {"asset_id": "5130309043192799999933644817228338805128523784510822154717928819585795504613", "price": "0.412", "size": "29.05", "side": "BUY", "hash": "df7ecbeb088b497d22e61a237df150f502f7aa1c", "best_bid": "0.949", "best_ask": "0.972"}], "timestamp": "1769384050642", "event_type": "price_change"}}
