{"_local_timestamp": "2026-01-25T23:33:58.831618+00:00", "data": [{"market": "0x065de1e3531d2b12f8751754bb8b6c9e682f03a43cc9c69a517a8f86f1de80ac", "asset_id": "11142795097497223837970899475540003749465561170711250678954904884629409148417", "timestamp": "1769383874360", "hash": "7ad545100ce70531e1db1685fb8ca4887d4cdd84", "bids": [{"price": "0.001", "size": "99999"}, {"price": "0.002", "size": "55000"}, {"price": "0.003", "size": "1500"}, {"price": "0.008", "size": "155"}, {"price": "0.01", "size": "19200"}, {"price": "0.011", "size": "55710"}, {"price": "0.02", "size": "1000"}, {"price": "0.031", "size": "12000"}, {"price": "0.04", "size": "2000"}, {"price": "0.05", "size": "600"}, {"price": "0.08", "size": "155"}, {"price": "0.097", "size": "100"}, {"price": "0.099", "size": "100"}, {"price": "0.1", "size": "700"}, {"price": "0.101", "size": "10700"}, {"price": "0.102", "size": "5000"}, {"price": "0.11", "size": "3000"}, {"price": "0.111", "size": "4400"}, {"price": "0.142", "size": "400"}, {"price": "0.47", "size": "100"}, {"price": "0.49", "size": "100"}, {"price": "0.497", "size": "100"}, {"price": "0.499", "size": "500"}, {"price": "0.5", "size": "440"}, {"price": "0.75", "size": "60"}, {"price": "0.767", "size": "60"}, {"price": "0.768", "size": "53"}, {"price": "0.769", "size": "60"}, {"price": "0.77", "size": "60"}, {"price": "0.99", "size": "70.7"}, {"price": "0.991", "size": "622.54"}, {"price": "0.992", "size": "50.4"}, {"price": "0.993", "size": "45.31"}, {"price": "0.994", "size": "40.24"}, {"price": "0.995", "size": "35.17"}, {"price": "0.996", "size": "30.12"}, {"price": "0.997", "size": "25.07"}, {"price": "0.998", "size": "520.04"}, {"price": "0.999", "size": "1006.1"}], "asks": [], "event_type": "book", "last_trade_price": "0.050"}, {"market": "0x065de1e3531d2b12f8751754bb8b6c9e682f03a43cc9c69a517a8f86f1de80ac", "asset_id": "58269009290622423547691994075425875909222938692247766207598587715825148162524", "timestamp": "1769383874360", "hash": "eac39707319ebaca5071369c3a0630ab430f0dc3", "bids": [], "asks": [{"price": "0.999", "size": "99999"}, {"price": "0.998", "size": "55000"}, {"price": "0.997", "size": "1500"}, {"price": "0.992", "size": "155"}, {"price": "0.99", "size": "19200"}, {"price": "0.989", "size": "55710"}, {"price": "0.98", "size": "1000"}, {"price": "0.969", "size": "12000"}, {"price": "0.96", "size": "2000"}, {"price": "0.95", "size": "600"}, {"price": "0.92", "size": "155"}, {"price": "0.903", "size": "100"}, {"price": "0.901", "size": "100"}, {"price": "0.9", "size": "700"}, {"price": "0.899", "size": "10700"}, {"price": "0.898", "size": "5000"}, {"price": "0.89", "size": "3000"}, {"price": "0.889", "size": "4400"}, {"price": "0.858", "size": "400"}, {"price": "0.53", "size": "100"}, {"price": "0.51", "size": "100"}, {"price": "0.503", "size": "100"}, {"price": "0.501", "size": "500"}, {"price": "0.5", "size": "440"}, {"price": "0.25", "size": "60"}, {"price": "0.233", "size": "60"}, {"price": "0.232", "size": "53"}, {"price": "0.231", "size": "60"}, {"price": "0.23", "size": "60"}, {"price": "0.01", "size": "70.7"}, {"price": "0.009", "size": "622.54"}, {"price": "0.008", "size": "50.4"}, {"price": "0.007", "size": "45.31"}, {"price": "0.006", "size": "40.24"}, {"price": "0.005", "size": "35.17"}, {"price": "0.004", "size": "30.12"}, {"price": "0.003", "size": "25.07"}, {"price": "0.002", "size": "520.04"}, {"price": "0.001", "size": "1006.1"}], "event_type": "book", "last_trade_price": "0.050"}]}
{"_local_timestamp": "2026-01-25T23:34:19.373604+00:00", "data": {"market": "0x065de1e3531d2b12f8751754bb8b6c9e682f03a43cc9c69a517a8f86f1de80ac", "price_changes": [{"asset_id": "11142795097497223837970899475540003749465561170711250678954904884629409148417", "price": "0.143", "size": "4400", "side": "BUY", "hash": "faecab8e5c910160be3ce31f2325167b1d748cf7", "best_bid": "0.999", "best_ask": "1"}, {"asset_id": "58269009290622423547691994075425875909222938692247766207598587715825148162524", "price": "0.857", "size": "4400", "side": "SELL", "hash": "cb09fa48633483c0ff832f174b72de4b47cf6f99", "best_bid": "0", "best_ask": "0.001"}], "timestamp": "1769384059308", "event_type": "price_change"}}
{"_local_timestamp": "2026-01-25T23:34:21.285940+00:00", "data": {"market": "0x065de1e3531d2b12f8751754bb8b6c9e682f03a43cc9c69a517a8f86f1de80ac", "price_changes": [{"asset_id": "11142795097497223837970899475540003749465561170711250678954904884629409148417", "price": "0.111", "size": "0", "side": "BUY", "hash": "b4206ba36641076e3510ba9b3c656261e436333d", "best_bid": "0.999", "best_ask": "1"}, {"asset_id": "58269009290622423547691994075425875909222938692247766207598587715825148162524", "price": "0.889", "size": "0", "side": "SELL", "hash": "76f775d413a8a7a154786d4ef3cee5d4c4be49e4", "best_bid": "0", "best_ask": "0.001"}], "timestamp": "1769384061215", "event_type": "price_change"}}
{"_local_timestamp": "2026-01-25T23:34:29.038787+00:00", "data": {"market": "0x065de1e3531d2b12f8751754bb8b6c9e682f03a43cc9c69a517a8f86f1de80ac", "price_changes": [{"asset_id": "11142795097497223837970899475540003749465561170711250678954904884629409148417", "price": "0.142", "size": "200", "side": "BUY", "hash": "ac4bf960ebba933aed460ed927bc620a58e2230a", "best_bid": "0.999", "best_ask": "1"}, {"asset_id": "58269009290622423547691994075425875909222938692247766207598587715825148162524", "price": "0.858", "size": "200", "side": "SELL", "hash": "55e855732a425770a2b829886d27dcf23ef07e1f", "best_bid": "0", "best_ask": "0.001"}], "timestamp": "1769384068701", "event_type": "price_change"}}
{"_local_timestamp": "2026-01-25T23:34:29.139209+00:00", "data": {"market": "0x065de1e3531d2b12f8751754bb8b6c9e682f03a43cc9c69a517a8f86f1de80ac", "price_changes": [{"asset_id": "11142795097497223837970899475540003749465561170711250678954904884629409148417", "price": "0.143", "size": "4600", "side": "BUY", "hash": "acedc6906aa19d2add708d9be755a2d90fe851d7", "best_bid": "0.999", "best_ask": "1"}, {"asset_id": "58269009290622423547691994075425875909222938692247766207598587715825148162524", "price": "0.857", "size": "4600", "side": "SELL", "hash": "90aac1eaf491eeee611dfecd48d58fded3c6005d", "best_bid": "0", "best_ask": "0.001"}], "timestamp": "1769384068944", "event_type": "price_change"}}
{"_local_timestamp": "2026-01-25T23:34:50.730659+00:00", "data": {"market": "0x065de1e3531d2b12f8751754bb8b6c9e682f03a43cc9c69a517a8f86f1de80ac", "price_changes": [{"asset_id": "11142795097497223837970899475540003749465561170711250678954904884629409148417", "price": "0.142", "size": "0", "side": "BUY", "hash": "d7fb66408e3b811a0a9fbed99ba243f47f1babd8", "best_bid": "0.999", "best_ask": "1"}, {"asset_id": "58269009290622423547691994075425875909222938692247766207598587715825148162524", "price": "0.858", "size": "0", "side": "SELL", "hash": "3ee7439ff46ff8ff96ed45eb0164165838450e3f", "best_bid": "0", "best_ask": "0.001"}], "timestamp": "1769384090657", "event_type": "price_change"}}
{"_local_timestamp": "2026-01-25T23:34:51.019169+00:00", "data": {"market": "0x065de1e3531d2b12f8751754bb8b6c9e682f03a43cc9c69a517a8f86f1de80ac", "price_changes": [{"asset_id": "11142795097497223837970899475540003749465561170711250678954904884629409148417", "price": "0.143", "size": "4800", "side": "BUY", "hash": "6c14f9707726992595c54bbc45adc1a66d25395a", "best_bid": "0.999", "best_ask": "1"}, {"asset_id": "58269009290622423547691994075425875909222938692247766207598587715825148162524", "price": "0.857", "size": "4800", "side": "SELL", "hash": "08d3334354f9957c54902120fdc4917514f19f23", "best_bid": "0", "best_ask": "0.001"}], "timestamp": "1769384090940", "event_type": "price_change"}}
