{"_local_timestamp": "2026-01-25T23:34:20.556338+00:00", "data": [{"market": "0xe16b23fff00c69daa213199d2e0294bc1df7a5365c525055c9cbdfc757ee1d05", "asset_id": "101414374354901437511792035441318072228789743468957636972821101200211117360034", "timestamp": "1769384057757", "hash": "e2ff98adadb042879a741ace42a9a3b824f1feee", "bids": [{"price": "0.01", "size": "496.11"}, {"price": "0.02", "size": "160.48"}, {"price": "0.03", "size": "141"}, {"price": "0.04", "size": "6.76"}, {"price": "0.05", "size": "23.99"}, {"price": "0.06", "size": "5.47"}], "asks": [{"price": "0.99", "size": "500.64"}, {"price": "0.98", "size": "384.82"}, {"price": "0.97", "size": "13.06"}, {"price": "0.96", "size": "29.99"}], "event_type": "book", "last_trade_price": ""}, {"market": "0xe16b23fff00c69daa213199d2e0294bc1df7a5365c525055c9cbdfc757ee1d05", "asset_id": "106063704789970842267037239529630214045167338414400900021576057227872065318551", "timestamp": "1769384057757", "hash": "eef570a5731fb9df80c06e270aae92a99f00d59b", "bids": [{"price": "0.01", "size": "500.64"}, {"price": "0.02", "size": "384.82"}, {"price": "0.03", "size": "13.06"}, {"price": "0.04", "size": "29.99"}], "asks": [{"price": "0.99", "size": "496.11"}, {"price": "0.98", "size": "160.48"}, {"price": "0.97", "size": "141"}, {"price": "0.96", "size": "6.76"}, {"price": "0.95", "size": "23.99"}, {"price": "0.94", "size": "5.47"}], "event_type": "book", "last_trade_price": ""}]}
{"_local_timestamp": "2026-01-25T23:34:33.630500+00:00", "data": {"market": "0xe16b23fff00c69daa213199d2e0294bc1df7a5365c525055c9cbdfc757ee1d05", "price_changes": [{"asset_id": "101414374354901437511792035441318072228789743468957636972821101200211117360034", "price": "0.05", "size": "0", "side": "BUY", "hash": "d3fafd469de251c5bdfa674401c27676c628d7bd", "best_bid": "0.06", "best_ask": "0.96"}, {"asset_id": "106063704789970842267037239529630214045167338414400900021576057227872065318551", "price": "0.95", "size": "0", "side": "SELL", "hash": "daf7ad6f3b5689f39e11a0b0ec0ec25341eebdfe", "best_bid": "0.04", "best_ask": "0.94"}], "timestamp": "1769384073386", "event_type": "price_change"}}
{"_local_timestamp": "2026-01-25T23:34:35.330875+00:00", "data": {"market": "0xe16b23fff00c69daa213199d2e0294bc1df7a5365c525055c9cbdfc757ee1d05", "price_changes": [{"asset_id": "101414374354901437511792035441318072228789743468957636972821101200211117360034", "price": "0.06", "size": "0", "side": "BUY", "hash": "eea66f89e5e47573f500ba014f71c612b20ef2e5", "best_bid": "0.04", "best_ask": "0.96"}, {"asset_id": "106063704789970842267037239529630214045167338414400900021576057227872065318551", "price": "0.94", "size": "0", "side": "SELL", "hash": "cb58bef08163f922ec71de69a40e1e6a4a6b2906", "best_bid": "0.04", "best_ask": "0.96"}], "timestamp": "1769384075057", "event_type": "price_change"}}
{"_local_timestamp": "2026-01-25T23:34:35.405253+00:00", "data": {"market": "0xe16b23fff00c69daa213199d2e0294bc1df7a5365c525055c9cbdfc757ee1d05", "price_changes": [{"asset_id": "101414374354901437511792035441318072228789743468957636972821101200211117360034", "price": "0.05", "size": "5.47", "side": "BUY", "hash": "5b0a1b0ad55d418c2d1271940c71530bd59903fa", "best_bid": "0.05", "best_ask": "0.96"}, {"asset_id": "106063704789970842267037239529630214045167338414400900021576057227872065318551", "price": "0.95", "size": "5.47", "side": "SELL", "hash": "9a5feeecb1a94bdd29941c3150c16d0689e749a4", "best_bid": "0.04", "best_ask": "0.95"}], "timestamp": "1769384075165", "event_type": "price_change"}}
{"_local_timestamp": "2026-01-25T23:36:16.719998+00:00", "data": {"market": "0xe16b23fff00c69daa213199d2e0294bc1df7a5365c525055c9cbdfc757ee1d05", "price_changes": [{"asset_id": "101414374354901437511792035441318072228789743468957636972821101200211117360034", "price": "0.03", "size": "152.96", "side": "BUY", "hash": "77d6e3a4e9494f1ffed088dc7bf7a19a21b25453", "best_bid": "0.05", "best_ask": "0.96"}, {"asset_id": "106063704789970842267037239529630214045167338414400900021576057227872065318551", "price": "0.97", "size": "152.96", "side": "SELL", "hash": "dd40d6dbd82c65a52ee9c09ee20517b8a35560c8", "best_bid": "0.04", "best_ask": "0.95"}], "timestamp": "1769384176649", "event_type": "price_change"}}
{"_local_timestamp": "2026-01-25T23:36:16.720710+00:00", "data": {"market": "0xe16b23fff00c69daa213199d2e0294bc1df7a5365c525055c9cbdfc757ee1d05", "price_changes": [{"asset_id": "106063704789970842267037239529630214045167338414400900021576057227872065318551", "price": "0.03", "size": "19.9", "side": "BUY", "hash": "98d97dd39bb1b93042b4679798f49909b6d0d0b7", "best_bid": "0.04", "best_ask": "0.95"}, {"asset_id": "101414374354901437511792035441318072228789743468957636972821101200211117360034", "price": "0.97", "size": "19.9", "side": "SELL", "hash": "c9949784b9ad6cd93babe0c1cc7c28e35bf43452", "best_bid": "0.05", "best_ask": "0.96"}], "timestamp": "1769384176650", "event_type": "price_change"}}
{"_local_timestamp": "2026-01-25T23:36:58.222767+00:00", "data": {"market": "0xe16b23fff00c69daa213199d2e0294bc1df7a5365c525055c9cbdfc757ee1d05", "price_changes": [{"asset_id": "106063704789970842267037239529630214045167338414400900021576057227872065318551", "price": "0.02", "size": "159.82", "side": "BUY", "hash": "528f1574f43fcc09591b2eb93ede57f2b2daf005", "best_bid": "0.04", "best_ask": "0.95"}, {"asset_id": "101414374354901437511792035441318072228789743468957636972821101200211117360034", "price": "0.98", "size": "159.82", "side": "SELL", "hash": "4538313c609a27337d6e0d7ce715023fdd5b56bd", "best_bid": "0.05", "best_ask": "0.96"}], "timestamp": "1769384218089", "event_type": "price_change"}}
