{"_local_timestamp": "2026-01-25T23:34:30.798571+00:00", "data": [{"market": "0x98eafc375b943722d56c0e73f9f164b56b7e82b5812879b9c2c54cb6875973e6", "asset_id": "40460191975464892377246004973632661661461118830881514472053857597441439290894", "timestamp": "1769383700178", "hash": "63f7508863857fc0303f34b43d7f1eb31ce73e9f", "bids": [{"price": "0.01", "size": "476.9"}, {"price": "0.02", "size": "137.79"}, {"price": "0.03", "size": "21.3"}], "asks": [{"price": "0.99", "size": "85.01"}, {"price": "0.98", "size": "16.65"}], "event_type": "book", "last_trade_price": ""}, {"market": "0x98eafc375b943722d56c0e73f9f164b56b7e82b5812879b9c2c54cb6875973e6", "asset_id": "3868427724969742247822209908762249532065459981172637598850487134500972718668", "timestamp": "1769383700178", "hash": "67e57e5495cde5e1383ad0861eb22ce57d4006b0", "bids": [{"price": "0.01", "size": "85.01"}, {"price": "0.02", "size": "16.65"}], "asks": [{"price": "0.99", "size": "476.9"}, {"price": "0.98", "size": "137.79"}, {"price": "0.97", "size": "21.3"}], "event_type": "book", "last_trade_price": ""}]}
{"_local_timestamp": "2026-01-25T23:35:25.234678+00:00", "data": {"market": "0x98eafc375b943722d56c0e73f9f164b56b7e82b5812879b9c2c54cb6875973e6", "price_changes": [{"asset_id": "3868427724969742247822209908762249532065459981172637598850487134500972718668", "price": "0.01", "size": "99.99", "side": "BUY", "hash": "7c5198def05584daeedfa158aee426e7011b51a3", "best_bid": "0.02", "best_ask": "0.97"}, {"asset_id": "40460191975464892377246004973632661661461118830881514472053857597441439290894", "price": "0.99", "size": "99.99", "side": "SELL", "hash": "861ceff429d7d54ff7fef330bbe14d2469d58b37", "best_bid": "0.03", "best_ask": "0.98"}], "timestamp": "1769384124985", "event_type": "price_change"}}
{"_local_timestamp": "2026-01-25T23:35:25.235898+00:00", "data": {"market": "0x98eafc375b943722d56c0e73f9f164b56b7e82b5812879b9c2c54cb6875973e6", "price_changes": [{"asset_id": "3868427724969742247822209908762249532065459981172637598850487134500972718668", "price": "0.02", "size": "25", "side": "BUY", "hash": "bae1f2198b3a71bcd50a5adafe3f0f6ba297709b", "best_bid": "0.02", "best_ask": "0.97"}, {"asset_id": "40460191975464892377246004973632661661461118830881514472053857597441439290894", "price": "0.98", "size": "25", "side": "SELL", "hash": "943232fa80eb39d1137eb87478137d3395a49a82", "best_bid": "0.03", "best_ask": "0.98"}], "timestamp": "1769384124991", "event_type": "price_change"}}
{"_local_timestamp": "2026-01-25T23:35:25.672460+00:00", "data": {"market": "0x98eafc375b943722d56c0e73f9f164b56b7e82b5812879b9c2c54cb6875973e6", "price_changes": [{"asset_id": "3868427724969742247822209908762249532065459981172637598850487134500972718668", "price": "0.02", "size": "16.47", "side": "BUY", "hash": "c99e8c4f892209c2fe9405fbcc89c61eba2ee7a0", "best_bid": "0.02", "best_ask": "0.97"}, {"asset_id": "40460191975464892377246004973632661661461118830881514472053857597441439290894", "price": "0.98", "size": "16.47", "side": "SELL", "hash": "45e9bf8d1e990bedb3c347f3a3ca42bd6c5a2363", "best_bid": "0.03", "best_ask": "0.98"}], "timestamp": "1769384125460", "event_type": "price_change"}}
{"_local_timestamp": "2026-01-25T23:35:28.493690+00:00", "data": {"market": "0x98eafc375b943722d56c0e73f9f164b56b7e82b5812879b9c2c54cb6875973e6", "price_changes": [{"asset_id": "3868427724969742247822209908762249532065459981172637598850487134500972718668", "price": "0.02", "size": "25", "side": "BUY", "hash": "6bafe872dbeecb9bea422018f31d423334d6d943", "best_bid": "0.02", "best_ask": "0.97"}, {"asset_id": "40460191975464892377246004973632661661461118830881514472053857597441439290894", "price": "0.98", "size": "25", "side": "SELL", "hash": "a88d2d6d549397948209d4fedb947132f2132af5", "best_bid": "0.03", "best_ask": "0.98"}], "timestamp": "1769384128276", "event_type": "price_change"}}
