{"_local_timestamp": "2026-01-25T23:41:02.637702+00:00", "data": [{"market": "0x6808e9e3302a289b858d3c2bf97f2f365ca0719fe1b53c73425ae0ec00c534fd", "asset_id": "1427092528885090316629294776064317006120781138979270358972345084126042831716", "timestamp": "1769384462143", "hash": "bd5dc6a6997cbcf433cb27ff896e5be9f948841c", "bids": [{"price": "0.002", "size": "5.9"}, {"price": "0.014", "size": "5.79"}, {"price": "0.618", "size": "23.52"}, {"price": "0.619", "size": "25"}, {"price": "0.62", "size": "10"}, {"price": "0.621", "size": "5.47"}], "asks": [], "event_type": "book", "last_trade_price": ""}, {"market": "0x6808e9e3302a289b858d3c2bf97f2f365ca0719fe1b53c73425ae0ec00c534fd", "asset_id": "37301402223479940865116540929927734947379935030164584908552156540507963049559", "timestamp": "1769384462143", "hash": "a9450f225b6ae14330c048166399d5db787ef2c7", "bids": [], "asks": [{"price": "0.998", "size": "5.9"}, {"price": "0.986", "size": "5.79"}, {"price": "0.382", "size": "23.52"}, {"price": "0.381", "size": "25"}, {"price": "0.38", "size": "10"}, {"price": "0.379", "size": "5.47"}], "event_type": "book", "last_trade_price": ""}]}
{"_local_timestamp": "2026-01-25T23:41:24.302461+00:00", "data": {"market": "0x6808e9e3302a289b858d3c2bf97f2f365ca0719fe1b53c73425ae0ec00c534fd", "price_changes": [{"asset_id": "37301402223479940865116540929927734947379935030164584908552156540507963049559", "price": "0.38", "size": "0", "side": "SELL", "hash": "af464e87fcdf0b997a3a34eebd20fc7cc2fe8b3d", "best_bid": "0", "best_ask": "0.379"}, {"asset_id": "1427092528885090316629294776064317006120781138979270358972345084126042831716", "price": "0.62", "size": "0", "side": "BUY", "hash": "7aca6be818c47aee12e0018a18044620acf5863e", "best_bid": "0.621", "best_ask": "1"}], "timestamp": "1769384484199", "event_type": "price_change"}}
{"_local_timestamp": "2026-01-25T23:41:24.736777+00:00", "data": {"market": "0x6808e9e3302a289b858d3c2bf97f2f365ca0719fe1b53c73425ae0ec00c534fd", "price_changes": [{"asset_id": "37301402223479940865116540929927734947379935030164584908552156540507963049559", "price": "0.378", "size": "10", "side": "SELL", "hash": "58671eb90ae1e50b9af3b6de602798d6869c3139", "best_bid": "0", "best_ask": "0.378"}, {"asset_id": "1427092528885090316629294776064317006120781138979270358972345084126042831716", "price": "0.622", "size": "10", "side": "BUY", "hash": "678437e48db0be3cfe347f54863bc61ee4b67326", "best_bid": "0.622", "best_ask": "1"}], "timestamp": "1769384484647", "event_type": "price_change"}}
{"_local_timestamp": "2026-01-25T23:41:24.973688+00:00", "data": {"market": "0x6808e9e3302a289b858d3c2bf97f2f365ca0719fe1b53c73425ae0ec00c534fd", "price_changes": [{"asset_id": "37301402223479940865116540929927734947379935030164584908552156540507963049559", "price": "0.379", "size": "0", "side": "SELL", "hash": "219cab29a09d9028f53bc3d60dcb0dcf2df39e2e", "best_bid": "0", "best_ask": "0.378"}, {"asset_id": "1427092528885090316629294776064317006120781138979270358972345084126042831716", "price": "0.621", "size": "0", "side": "BUY", "hash": "730d7ce99f09d3091cf0c3e3834df0b701df1d67", "best_bid": "0.622", "best_ask": "1"}], "timestamp": "1769384484889", "event_type": "price_change"}}
{"_local_timestamp": "2026-01-25T23:41:25.039364+00:00", "data": {"market": "0x6808e9e3302a289b858d3c2bf97f2f365ca0719fe1b53c73425ae0ec00c534fd", "price_changes": [{"asset_id": "37301402223479940865116540929927734947379935030164584908552156540507963049559", "price": "0.377", "size": "5.47", "side": "SELL", "hash": "3be71f957ceaac1cc0f8cc8918400c81261213d0", "best_bid": "0", "best_ask": "0.377"}, {"asset_id": "1427092528885090316629294776064317006120781138979270358972345084126042831716", "price": "0.623", "size": "5.47", "side": "BUY", "hash": "7a5f7760a50ff3e5426957d6e7b784fbc93f59cd", "best_bid": "0.623", "best_ask": "1"}], "timestamp": "1769384484938", "event_type": "price_change"}}
{"_local_timestamp": "2026-01-25T23:41:44.496438+00:00", "data": {"market": "0x6808e9e3302a289b858d3c2bf97f2f365ca0719fe1b53c73425ae0ec00c534fd", "price_changes": [{"asset_id": "37301402223479940865116540929927734947379935030164584908552156540507963049559", "price": "0.378", "size": "0", "side": "SELL", "hash": "b175ea54697c6a8b7ee0bad20adacd2977a746cd", "best_bid": "0", "best_ask": "0.377"}, {"asset_id": "1427092528885090316629294776064317006120781138979270358972345084126042831716", "price": "0.622", "size": "0", "side": "BUY", "hash": "4f6e6156d3e9fd0020bc00f5479023d6565322ae", "best_bid": "0.623", "best_ask": "1"}], "timestamp": "1769384504426", "event_type": "price_change"}}
{"_local_timestamp": "2026-01-25T23:41:44.716142+00:00", "data": {"market": "0x6808e9e3302a289b858d3c2bf97f2f365ca0719fe1b53c73425ae0ec00c534fd", "price_changes": [{"asset_id": "37301402223479940865116540929927734947379935030164584908552156540507963049559", "price": "0.377", "size": "0", "side": "SELL", "hash": "5d16c9bb389cde0462b380a723ad0db450a51760", "best_bid": "0", "best_ask": "0.381"}, {"asset_id": "1427092528885090316629294776064317006120781138979270358972345084126042831716", "price": "0.623", "size": "0", "side": "BUY", "hash": "b4d0a376ac3834e1925d47728b9d211986a49a12", "best_bid": "0.619", "best_ask": "1"}], "timestamp": "1769384504640", "event_type": "price_change"}}
{"_local_timestamp": "2026-01-25T23:41:44.833228+00:00", "data": {"market": "0x6808e9e3302a289b858d3c2bf97f2f365ca0719fe1b53c73425ae0ec00c534fd", "price_changes": [{"asset_id": "37301402223479940865116540929927734947379935030164584908552156540507963049559", "price": "0.38", "size": "5.47", "side": "SELL", "hash": "e1d3a90ab0ec2601bb6150c99b67c9aff3339a2a", "best_bid": "0", "best_ask": "0.38"}, {"asset_id": "1427092528885090316629294776064317006120781138979270358972345084126042831716", "price": "0.62", "size": "5.47", "side": "BUY", "hash": "cd8000d53b86848d0e130b167ac793bbc52128d6", "best_bid": "0.62", "best_ask": "1"}], "timestamp": "1769384504760", "event_type": "price_change"}}
{"_local_timestamp": "2026-01-25T23:41:44.921548+00:00", "data": {"market": "0x6808e9e3302a289b858d3c2bf97f2f365ca0719fe1b53c73425ae0ec00c534fd", "price_changes": [{"asset_id": "37301402223479940865116540929927734947379935030164584908552156540507963049559", "price": "0.376", "size": "10", "side": "SELL", "hash": "d31480b554205a38038288c615430400afbe2a57", "best_bid": "0", "best_ask": "0.376"}, {"asset_id": "1427092528885090316629294776064317006120781138979270358972345084126042831716", "price": "0.624", "size": "10", "side": "BUY", "hash": "3f27842aa85abbe891d5707e52f1946b5afd43c3", "best_bid": "0.624", "best_ask": "1"}], "timestamp": "1769384504854", "event_type": "price_change"}}
{"_local_timestamp": "2026-01-25T23:41:46.133131+00:00", "data": {"market": "0x6808e9e3302a289b858d3c2bf97f2f365ca0719fe1b53c73425ae0ec00c534fd", "price_changes": [{"asset_id": "37301402223479940865116540929927734947379935030164584908552156540507963049559", "price": "0.38", "size": "0", "side": "SELL", "hash": "23fa1489fcfde02961695a174d9086e09ee908db", "best_bid": "0", "best_ask": "0.376"}, {"asset_id": "1427092528885090316629294776064317006120781138979270358972345084126042831716", "price": "0.62", "size": "0", "side": "BUY", "hash": "9ce217115ac7f95e97e1652d3e2ba5c0222ad61f", "best_bid": "0.624", "best_ask": "1"}], "timestamp": "1769384506060", "event_type": "price_change"}}
{"_local_timestamp": "2026-01-25T23:41:46.279538+00:00", "data": {"market": "0x6808e9e3302a289b858d3c2bf97f2f365ca0719fe1b53c73425ae0ec00c534fd", "price_changes": [{"asset_id": "37301402223479940865116540929927734947379935030164584908552156540507963049559", "price": "0.375", "size": "5.47", "side": "SELL", "hash": "25506b4dda051d0adca3d65a84b8ca340d3c95aa", "best_bid": "0", "best_ask": "0.375"}, {"asset_id": "1427092528885090316629294776064317006120781138979270358972345084126042831716", "price": "0.625", "size": "5.47", "side": "BUY", "hash": "8cda3fbc3804528a1e2389a7a7a0d4608f617e70", "best_bid": "0.625", "best_ask": "1"}], "timestamp": "1769384506198", "event_type": "price_change"}}
{"_local_timestamp": "2026-01-25T23:42:04.670131+00:00", "data": {"market": "0x6808e9e3302a289b858d3c2bf97f2f365ca0719fe1b53c73425ae0ec00c534fd", "price_changes": [{"asset_id": "37301402223479940865116540929927734947379935030164584908552156540507963049559", "price": "0.376", "size": "0", "side": "SELL", "hash": "766a6d52279ba2000aecde9de0ea0b31e2c9df35", "best_bid": "0", "best_ask": "0.375"}, {"asset_id": "1427092528885090316629294776064317006120781138979270358972345084126042831716", "price": "0.624", "size": "0", "side": "BUY", "hash": "96f5b2b5a4b958107d25284483a910f9ab84dbd3", "best_bid": "0.625", "best_ask": "1"}], "timestamp": "1769384524599", "event_type": "price_change"}}
{"_local_timestamp": "2026-01-25T23:42:05.156377+00:00", "data": {"market": "0x6808e9e3302a289b858d3c2bf97f2f365ca0719fe1b53c73425ae0ec00c534fd", "price_changes": [{"asset_id": "37301402223479940865116540929927734947379935030164584908552156540507963049559", "price": "0.374", "size": "10", "side": "SELL", "hash": "3afbbd5c3eae6b000e2a7193d1a65d0b5bbf2701", "best_bid": "0", "best_ask": "0.374"}, {"asset_id": "1427092528885090316629294776064317006120781138979270358972345084126042831716", "price": "0.626", "size": "10", "side": "BUY", "hash": "feaffc9860de03f608f1699abb974b8b12ff534b", "best_bid": "0.626", "best_ask": "1"}], "timestamp": "1769384525027", "event_type": "price_change"}}
{"_local_timestamp": "2026-01-25T23:42:05.452311+00:00", "data": {"market": "0x6808e9e3302a289b858d3c2bf97f2f365ca0719fe1b53c73425ae0ec00c534fd", "price_changes": [{"asset_id": "37301402223479940865116540929927734947379935030164584908552156540507963049559", "price": "0.375", "size": "0", "side": "SELL", "hash": "a686cc3cef1142ba7590a82fbad330a7e3004cef", "best_bid": "0", "best_ask": "0.374"}, {"asset_id": "1427092528885090316629294776064317006120781138979270358972345084126042831716", "price": "0.625", "size": "0", "side": "BUY", "hash": "f7a63f15343ffe8ecdd7a1f8a38c007d52936fd1", "best_bid": "0.626", "best_ask": "1"}], "timestamp": "1769384525379", "event_type": "price_change"}}
{"_local_timestamp": "2026-01-25T23:42:05.596306+00:00", "data": {"market": "0x6808e9e3302a289b858d3c2bf97f2f365ca0719fe1b53c73425ae0ec00c534fd", "price_changes": [{"asset_id": "37301402223479940865116540929927734947379935030164584908552156540507963049559", "price": "0.373", "size": "5.47", "side": "SELL", "hash": "f2f9e5882dbe40c675fd7aec7e03e4f064731432", "best_bid": "0", "best_ask": "0.373"}, {"asset_id": "1427092528885090316629294776064317006120781138979270358972345084126042831716", "price": "0.627", "size": "5.47", "side": "BUY", "hash": "d0f035f2b3a38e4a09831be6ec87eb14e089ac2d", "best_bid": "0.627", "best_ask": "1"}], "timestamp": "1769384525530", "event_type": "price_change"}}
