{"_local_timestamp": "2026-01-25T23:41:06.182826+00:00", "data": [{"market": "0x974873de23a39e7296d2dd7f96e5d42a59a9d4d6eca42d8b34a72563e1928d84", "asset_id": "19183791406169574044573507376546758248087968054036280112606647740876072095684", "timestamp": "1769384465361", "hash": "11ab3d63bc357ad36c6500575115c156cf111dac", "bids": [{"price": "0.001", "size": "100009"}, {"price": "0.002", "size": "55000"}, {"price": "0.008", "size": "155"}, {"price": "0.01", "size": "19200"}, {"price": "0.011", "size": "55710"}, {"price": "0.02", "size": "1000"}, {"price": "0.031", "size": "12000"}, {"price": "0.04", "size": "2000"}, {"price": "0.05", "size": "600"}, {"price": "0.08", "size": "155"}, {"price": "0.097", "size": "100"}, {"price": "0.099", "size": "100"}, {"price": "0.1", "size": "700"}, {"price": "0.101", "size": "10700"}, {"price": "0.102", "size": "5000"}, {"price": "0.11", "size": "3000"}, {"price": "0.144", "size": "4800"}, {"price": "0.47", "size": "100"}, {"price": "0.49", "size": "100"}, {"price": "0.497", "size": "100"}, {"price": "0.499", "size": "500"}, {"price": "0.5", "size": "440"}, {"price": "0.75", "size": "60"}, {"price": "0.767", "size": "60"}, {"price": "0.768", "size": "53"}, {"price": "0.769", "size": "60"}, {"price": "0.77", "size": "60"}, {"price": "0.805", "size": "9.52"}, {"price": "0.806", "size": "5.47"}, {"price": "0.99", "size": "141.4"}, {"price": "0.991", "size": "745.08"}, {"price": "0.992", "size": "100.8"}, {"price": "0.993", "size": "90.62"}, {"price": "0.994", "size": "80.48"}, {"price": "0.995", "size": "70.34"}, {"price": "0.996", "size": "60.24"}, {"price": "0.997", "size": "50.14"}, {"price": "0.998", "size": "540.08"}, {"price": "0.999", "size": "5370.37"}], "asks": [], "event_type": "book", "last_trade_price": "0.001"}, {"market": "0x974873de23a39e7296d2dd7f96e5d42a59a9d4d6eca42d8b34a72563e1928d84", "asset_id": "110740475501002649022554428940893518402973252447561867467565851554473669312364", "timestamp": "1769384465361", "hash": "e5237f0a80e22e19f5a589f1b6b31afe1a839361", "bids": [], "asks": [{"price": "0.999", "size": "100009"}, {"price": "0.998", "size": "55000"}, {"price": "0.992", "size": "155"}, {"price": "0.99", "size": "19200"}, {"price": "0.989", "size": "55710"}, {"price": "0.98", "size": "1000"}, {"price": "0.969", "size": "12000"}, {"price": "0.96", "size": "2000"}, {"price": "0.95", "size": "600"}, {"price": "0.92", "size": "155"}, {"price": "0.903", "size": "100"}, {"price": "0.901", "size": "100"}, {"price": "0.9", "size": "700"}, {"price": "0.899", "size": "10700"}, {"price": "0.898", "size": "5000"}, {"price": "0.89", "size": "3000"}, {"price": "0.856", "size": "4800"}, {"price": "0.53", "size": "100"}, {"price": "0.51", "size": "100"}, {"price": "0.503", "size": "100"}, {"price": "0.501", "size": "500"}, {"price": "0.5", "size": "440"}, {"price": "0.25", "size": "60"}, {"price": "0.233", "size": "60"}, {"price": "0.232", "size": "53"}, {"price": "0.231", "size": "60"}, {"price": "0.23", "size": "60"}, {"price": "0.195", "size": "9.52"}, {"price": "0.194", "size": "5.47"}, {"price": "0.01", "size": "141.4"}, {"price": "0.009", "size": "745.08"}, {"price": "0.008", "size": "100.8"}, {"price": "0.007", "size": "90.62"}, {"price": "0.006", "size": "80.48"}, {"price": "0.005", "size": "70.34"}, {"price": "0.004", "size": "60.24"}, {"price": "0.003", "size": "50.14"}, {"price": "0.002", "size": "540.08"}, {"price": "0.001", "size": "5370.37"}], "event_type": "book", "last_trade_price": "0.001"}]}
{"_local_timestamp": "2026-01-25T23:41:06.616989+00:00", "data": {"market": "0x974873de23a39e7296d2dd7f96e5d42a59a9d4d6eca42d8b34a72563e1928d84", "price_changes": [{"asset_id": "19183791406169574044573507376546758248087968054036280112606647740876072095684", "price": "0.999", "size": "15370.37", "side": "BUY", "hash": "f571a5e0076b73df0f3c33d1bcbbf4c2a5140930", "best_bid": "0.999", "best_ask": "1"}, {"asset_id": "110740475501002649022554428940893518402973252447561867467565851554473669312364", "price": "0.001", "size": "15370.37", "side": "SELL", "hash": "4d0b8993b81a88e032668b7490b66731586ac04a", "best_bid": "0", "best_ask": "0.001"}], "timestamp": "1769384466534", "event_type": "price_change"}}
{"_local_timestamp": "2026-01-25T23:41:07.860195+00:00", "data": {"market": "0x974873de23a39e7296d2dd7f96e5d42a59a9d4d6eca42d8b34a72563e1928d84", "price_changes": [{"asset_id": "19183791406169574044573507376546758248087968054036280112606647740876072095684", "price": "0.999", "size": "25369.37", "side": "BUY", "hash": "08eaa9e988431ca798b51a1c19d321c48cdc6600", "best_bid": "0.999", "best_ask": "1"}, {"asset_id": "110740475501002649022554428940893518402973252447561867467565851554473669312364", "price": "0.001", "size": "25369.37", "side": "SELL", "hash": "55a2494fc25bebaa36167021f13f3fbe27cdbbc7", "best_bid": "0", "best_ask": "0.001"}], "timestamp": "1769384467790", "event_type": "price_change"}}
{"_local_timestamp": "2026-01-25T23:41:08.308239+00:00", "data": {"market": "0x974873de23a39e7296d2dd7f96e5d42a59a9d4d6eca42d8b34a72563e1928d84", "price_changes": [{"asset_id": "19183791406169574044573507376546758248087968054036280112606647740876072095684", "price": "0.999", "size": "35367.37", "side": "BUY", "hash": "462c0d1881c4cf758406018e18a3e1cfacd63a2b", "best_bid": "0.999", "best_ask": "1"}, {"asset_id": "110740475501002649022554428940893518402973252447561867467565851554473669312364", "price": "0.001", "size": "35367.37", "side": "SELL", "hash": "60300f7da1bd58d55dc4c6f6a759bde27f101ad3", "best_bid": "0", "best_ask": "0.001"}], "timestamp": "1769384468238", "event_type": "price_change"}}
{"_local_timestamp": "2026-01-25T23:41:08.800428+00:00", "data": {"market": "0x974873de23a39e7296d2dd7f96e5d42a59a9d4d6eca42d8b34a72563e1928d84", "price_changes": [{"asset_id": "19183791406169574044573507376546758248087968054036280112606647740876072095684", "price": "0.999", "size": "45364.37", "side": "BUY", "hash": "def8631194fb59ba582640a9b7891aed38a8c808", "best_bid": "0.999", "best_ask": "1"}, {"asset_id": "110740475501002649022554428940893518402973252447561867467565851554473669312364", "price": "0.001", "size": "45364.37", "side": "SELL", "hash": "4f7d4aa74c71717ad7f9023ed1e4d6ae450d5cb5", "best_bid": "0", "best_ask": "0.001"}], "timestamp": "1769384468729", "event_type": "price_change"}}
{"_local_timestamp": "2026-01-25T23:41:09.797821+00:00", "data": {"market": "0x974873de23a39e7296d2dd7f96e5d42a59a9d4d6eca42d8b34a72563e1928d84", "price_changes": [{"asset_id": "19183791406169574044573507376546758248087968054036280112606647740876072095684", "price": "0.999", "size": "55360.37", "side": "BUY", "hash": "2c8d2c95c12ea2d899f7c35f2fe18437160c71a6", "best_bid": "0.999", "best_ask": "1"}, {"asset_id": "110740475501002649022554428940893518402973252447561867467565851554473669312364", "price": "0.001", "size": "55360.37", "side": "SELL", "hash": "8c748db48d225c7a47d577b6d5a182b5a71449cc", "best_bid": "0", "best_ask": "0.001"}], "timestamp": "1769384469715", "event_type": "price_change"}}
{"_local_timestamp": "2026-01-25T23:41:10.324112+00:00", "data": {"market": "0x974873de23a39e7296d2dd7f96e5d42a59a9d4d6eca42d8b34a72563e1928d84", "price_changes": [{"asset_id": "19183791406169574044573507376546758248087968054036280112606647740876072095684", "price": "0.999", "size": "65355.37", "side": "BUY", "hash": "b865b29e98ee9bbddad1ba63e32680b75924dea5", "best_bid": "0.999", "best_ask": "1"}, {"asset_id": "110740475501002649022554428940893518402973252447561867467565851554473669312364", "price": "0.001", "size": "65355.37", "side": "SELL", "hash": "88566d58cf90e6527846035e7ff839f37e2f4ef8", "best_bid": "0", "best_ask": "0.001"}], "timestamp": "1769384470258", "event_type": "price_change"}}
{"_local_timestamp": "2026-01-25T23:41:10.774317+00:00", "data": {"market": "0x974873de23a39e7296d2dd7f96e5d42a59a9d4d6eca42d8b34a72563e1928d84", "price_changes": [{"asset_id": "19183791406169574044573507376546758248087968054036280112606647740876072095684", "price": "0.999", "size": "75349.37", "side": "BUY", "hash": "543bc41b87de26cebafb328747367119d46a78bc", "best_bid": "0.999", "best_ask": "1"}, {"asset_id": "110740475501002649022554428940893518402973252447561867467565851554473669312364", "price": "0.001", "size": "75349.37", "side": "SELL", "hash": "c3b505c34e3627ed249b8477d14ad4576b5ffa6a", "best_bid": "0", "best_ask": "0.001"}], "timestamp": "1769384470712", "event_type": "price_change"}}
{"_local_timestamp": "2026-01-25T23:41:11.331097+00:00", "data": {"market": "0x974873de23a39e7296d2dd7f96e5d42a59a9d4d6eca42d8b34a72563e1928d84", "price_changes": [{"asset_id": "19183791406169574044573507376546758248087968054036280112606647740876072095684", "price": "0.999", "size": "85342.37", "side": "BUY", "hash": "d905ec7036ad2dfa570f801e6740c417325ff88d", "best_bid": "0.999", "best_ask": "1"}, {"asset_id": "110740475501002649022554428940893518402973252447561867467565851554473669312364", "price": "0.001", "size": "85342.37", "side": "SELL", "hash": "e21017d31ea33f969c4ce7ab64f14ed19317859d", "best_bid": "0", "best_ask": "0.001"}], "timestamp": "1769384471179", "event_type": "price_change"}}
{"_local_timestamp": "2026-01-25T23:41:12.700820+00:00", "data": {"market": "0x974873de23a39e7296d2dd7f96e5d42a59a9d4d6eca42d8b34a72563e1928d84", "price_changes": [{"asset_id": "19183791406169574044573507376546758248087968054036280112606647740876072095684", "price": "0.999", "size": "85966.37", "side": "BUY", "hash": "6941eea63b89a26e20b00db8a3b3f92363a41b0c", "best_bid": "0.999", "best_ask": "1"}, {"asset_id": "110740475501002649022554428940893518402973252447561867467565851554473669312364", "price": "0.001", "size": "85966.37", "side": "SELL", "hash": "2729b0af4e8b22a98ac18da29fb85df84f0c43fb", "best_bid": "0", "best_ask": "0.001"}], "timestamp": "1769384472626", "event_type": "price_change"}}
{"_local_timestamp": "2026-01-25T23:41:13.122304+00:00", "data": {"market": "0x974873de23a39e7296d2dd7f96e5d42a59a9d4d6eca42d8b34a72563e1928d84", "price_changes": [{"asset_id": "19183791406169574044573507376546758248087968054036280112606647740876072095684", "price": "0.999", "size": "86589.37", "side": "BUY", "hash": "12bc14f4fb7803e709a4558d2e501a96c72dc407", "best_bid": "0.999", "best_ask": "1"}, {"asset_id": "110740475501002649022554428940893518402973252447561867467565851554473669312364", "price": "0.001", "size": "86589.37", "side": "SELL", "hash": "4a7b4f41794c56e8af53aff169b8729f258807b3", "best_bid": "0", "best_ask": "0.001"}], "timestamp": "1769384473051", "event_type": "price_change"}}
