{"_local_timestamp": "2026-01-25T23:34:00.020300+00:00", "data": [{"market": "0x4aa9f334d2c08aea1a9303bc7d27deaf3f079f8296ce68482f71e7dc47e9943f", "asset_id": "96709716713852964424799553530667285363618612795515713032275270228515765270394", "timestamp": "1769383982807", "hash": "3c9add97eec333bde82afc625a2e63e9335aa4ad", "bids": [{"price": "0.01", "size": "184.29"}, {"price": "0.02", "size": "150"}, {"price": "0.03", "size": "441.24"}, {"price": "0.05", "size": "512"}, {"price": "0.07", "size": "84.04"}, {"price": "0.08", "size": "8.12"}, {"price": "0.09", "size": "100"}, {"price": "0.1", "size": "100"}, {"price": "0.15", "size": "100"}], "asks": [{"price": "0.99", "size": "184.52"}, {"price": "0.98", "size": "155.48"}, {"price": "0.97", "size": "25.83"}, {"price": "0.96", "size": "12"}, {"price": "0.95", "size": "500"}, {"price": "0.93", "size": "185.71"}, {"price": "0.92", "size": "68.75"}, {"price": "0.9", "size": "200"}, {"price": "0.85", "size": "100"}], "event_type": "book", "last_trade_price": ""}, {"market": "0x4aa9f334d2c08aea1a9303bc7d27deaf3f079f8296ce68482f71e7dc47e9943f", "asset_id": "79623929420115092029515015922022029547705870756240769259720497932374519381331", "timestamp": "1769383982807", "hash": "8c2bec0f07c1e6b81f9b536f48bfa1c7bb121762", "bids": [{"price": "0.01", "size": "184.52"}, {"price": "0.02", "size": "155.48"}, {"price": "0.03", "size": "25.83"}, {"price": "0.04", "size": "12"}, {"price": "0.05", "size": "500"}, {"price": "0.07", "size": "185.71"}, {"price": "0.08", "size": "68.75"}, {"price": "0.1", "size": "200"}, {"price": "0.15", "size": "100"}], "asks": [{"price": "0.99", "size": "184.29"}, {"price": "0.98", "size": "150"}, {"price": "0.97", "size": "441.24"}, {"price": "0.95", "size": "512"}, {"price": "0.93", "size": "84.04"}, {"price": "0.92", "size": "8.12"}, {"price": "0.91", "size": "100"}, {"price": "0.9", "size": "100"}, {"price": "0.85", "size": "100"}], "event_type": "book", "last_trade_price": ""}]}
{"_local_timestamp": "2026-01-25T23:34:03.216651+00:00", "data": {"market": "0x4aa9f334d2c08aea1a9303bc7d27deaf3f079f8296ce68482f71e7dc47e9943f", "price_changes": [{"asset_id": "79623929420115092029515015922022029547705870756240769259720497932374519381331", "price": "0.02", "size": "150", "side": "BUY", "hash": "e84a5a540b7522f7b93d88998c17625a3f2ba932", "best_bid": "0.15", "best_ask": "0.85"}, {"asset_id": "96709716713852964424799553530667285363618612795515713032275270228515765270394", "price": "0.98", "size": "150", "side": "SELL", "hash": "73d2972e77ba976b283275be455c49e1b8c6f10d", "best_bid": "0.15", "best_ask": "0.85"}], "timestamp": "1769384042970", "event_type": "price_change"}}
{"_local_timestamp": "2026-01-25T23:34:03.217724+00:00", "data": {"market": "0x4aa9f334d2c08aea1a9303bc7d27deaf3f079f8296ce68482f71e7dc47e9943f", "price_changes": [{"asset_id": "79623929420115092029515015922022029547705870756240769259720497932374519381331", "price": "0.03", "size": "10.83", "side": "BUY", "hash": "e84a5a540b7522f7b93d88998c17625a3f2ba932", "best_bid": "0.15", "best_ask": "0.85"}, {"asset_id": "96709716713852964424799553530667285363618612795515713032275270228515765270394", "price": "0.97", "size": "10.83", "side": "SELL", "hash": "73d2972e77ba976b283275be455c49e1b8c6f10d", "best_bid": "0.15", "best_ask": "0.85"}], "timestamp": "1769384042970", "event_type": "price_change"}}
{"_local_timestamp": "2026-01-25T23:34:03.614561+00:00", "data": {"market": "0x4aa9f334d2c08aea1a9303bc7d27deaf3f079f8296ce68482f71e7dc47e9943f", "price_changes": [{"asset_id": "96709716713852964424799553530667285363618612795515713032275270228515765270394", "price": "0.03", "size": "433.33", "side": "BUY", "hash": "b39868252ea39d49bad4dcf88f2483f83529d66c", "best_bid": "0.15", "best_ask": "0.85"}, {"asset_id": "79623929420115092029515015922022029547705870756240769259720497932374519381331", "price": "0.97", "size": "433.33", "side": "SELL", "hash": "d585c82fb78ea2f7cb81631e6fe9cc20c47ec8d4", "best_bid": "0.15", "best_ask": "0.85"}], "timestamp": "1769384043394", "event_type": "price_change"}}
{"_local_timestamp": "2026-01-25T23:34:03.615041+00:00", "data": {"market": "0x4aa9f334d2c08aea1a9303bc7d27deaf3f079f8296ce68482f71e7dc47e9943f", "price_changes": [{"asset_id": "96709716713852964424799553530667285363618612795515713032275270228515765270394", "price": "0.08", "size": "0", "side": "BUY", "hash": "b39868252ea39d49bad4dcf88f2483f83529d66c", "best_bid": "0.15", "best_ask": "0.85"}, {"asset_id": "79623929420115092029515015922022029547705870756240769259720497932374519381331", "price": "0.92", "size": "0", "side": "SELL", "hash": "d585c82fb78ea2f7cb81631e6fe9cc20c47ec8d4", "best_bid": "0.15", "best_ask": "0.85"}], "timestamp": "1769384043394", "event_type": "price_change"}}
{"_local_timestamp": "2026-01-25T23:34:03.969459+00:00", "data": {"market": "0x4aa9f334d2c08aea1a9303bc7d27deaf3f079f8296ce68482f71e7dc47e9943f", "price_changes": [{"asset_id": "79623929420115092029515015922022029547705870756240769259720497932374519381331", "price": "0.04", "size": "20.85", "side": "BUY", "hash": "a9bdc39aae8b5acf0efc1b6d0ac934fc4add8020", "best_bid": "0.15", "best_ask": "0.85"}, {"asset_id": "96709716713852964424799553530667285363618612795515713032275270228515765270394", "price": "0.96", "size": "20.85", "side": "SELL", "hash": "2d4862eeb6a80e01abab89476dc447b7a7d96b87", "best_bid": "0.15", "best_ask": "0.85"}], "timestamp": "1769384043751", "event_type": "price_change"}}
{"_local_timestamp": "2026-01-25T23:34:03.973037+00:00", "data": {"market": "0x4aa9f334d2c08aea1a9303bc7d27deaf3f079f8296ce68482f71e7dc47e9943f", "price_changes": [{"asset_id": "79623929420115092029515015922022029547705870756240769259720497932374519381331", "price": "0.02", "size": "160.27", "side": "BUY", "hash": "f1f449dfc65a573720a45d7581955a3be78e411a", "best_bid": "0.15", "best_ask": "0.85"}, {"asset_id": "96709716713852964424799553530667285363618612795515713032275270228515765270394", "price": "0.98", "size": "160.27", "side": "SELL", "hash": "301cf2b2fe06fec3688de8a55aa65601f6845c27", "best_bid": "0.15", "best_ask": "0.85"}], "timestamp": "1769384043752", "event_type": "price_change"}}
{"_local_timestamp": "2026-01-25T23:34:04.918050+00:00", "data": {"market": "0x4aa9f334d2c08aea1a9303bc7d27deaf3f079f8296ce68482f71e7dc47e9943f", "price_changes": [{"asset_id": "96709716713852964424799553530667285363618612795515713032275270228515765270394", "price": "0.04", "size": "6.89", "side": "BUY", "hash": "a1f5a6abe092ec7178052d7432a82d9ca21c14d1", "best_bid": "0.15", "best_ask": "0.85"}, {"asset_id": "79623929420115092029515015922022029547705870756240769259720497932374519381331", "price": "0.96", "size": "6.89", "side": "SELL", "hash": "bdfd7c254100cc62352fc5904b044bfe774262c3", "best_bid": "0.15", "best_ask": "0.85"}], "timestamp": "1769384044715", "event_type": "price_change"}}
{"_local_timestamp": "2026-01-25T23:34:04.923560+00:00", "data": {"market": "0x4aa9f334d2c08aea1a9303bc7d27deaf3f079f8296ce68482f71e7dc47e9943f", "price_changes": [{"asset_id": "96709716713852964424799553530667285363618612795515713032275270228515765270394", "price": "0.08", "size": "5.64", "side": "BUY", "hash": "f07ea36e875821415a2e4958a524bf36c1e350f0", "best_bid": "0.15", "best_ask": "0.85"}, {"asset_id": "79623929420115092029515015922022029547705870756240769259720497932374519381331", "price": "0.92", "size": "5.64", "side": "SELL", "hash": "1a34ec5f881be4fcc2d23b4dcd9b4f3e7fbfc608", "best_bid": "0.15", "best_ask": "0.85"}], "timestamp": "1769384044716", "event_type": "price_change"}}
{"_local_timestamp": "2026-01-25T23:34:04.924151+00:00", "data": {"market": "0x4aa9f334d2c08aea1a9303bc7d27deaf3f079f8296ce68482f71e7dc47e9943f", "price_changes": [{"asset_id": "96709716713852964424799553530667285363618612795515713032275270228515765270394", "price": "0.02", "size": "157.99", "side": "BUY", "hash": "f3b5474ce981aede7ef53e8498fce3456a1c10bc", "best_bid": "0.15", "best_ask": "0.85"}, {"asset_id": "79623929420115092029515015922022029547705870756240769259720497932374519381331", "price": "0.98", "size": "157.99", "side": "SELL", "hash": "3c6cd040b959a4236fb3966133b2aa64e6deb6ef", "best_bid": "0.15", "best_ask": "0.85"}], "timestamp": "1769384044717", "event_type": "price_change"}}
{"_local_timestamp": "2026-01-25T23:34:51.119622+00:00", "data": {"market": "0x4aa9f334d2c08aea1a9303bc7d27deaf3f079f8296ce68482f71e7dc47e9943f", "price_changes": [{"asset_id": "96709716713852964424799553530667285363618612795515713032275270228515765270394", "price": "0.37", "size": "50", "side": "BUY", "hash": "46b1d045fb496d5b3fb552131eb5895e27db399a", "best_bid": "0.37", "best_ask": "0.85"}, {"asset_id": "79623929420115092029515015922022029547705870756240769259720497932374519381331", "price": "0.63", "size": "50", "side": "SELL", "hash": "3beddc29e2c514930e61abc685191642e7af7073", "best_bid": "0.15", "best_ask": "0.63"}], "timestamp": "1769384090961", "event_type": "price_change"}}
{"_local_timestamp": "2026-01-25T23:34:51.979151+00:00", "data": {"market": "0x4aa9f334d2c08aea1a9303bc7d27deaf3f079f8296ce68482f71e7dc47e9943f", "price_changes": [{"asset_id": "79623929420115092029515015922022029547705870756240769259720497932374519381331", "price": "0.3", "size": "50", "side": "BUY", "hash": "71d06a62eef4ea9d4ad1b3d03568f36e84c6bf64", "best_bid": "0.3", "best_ask": "0.63"}, {"asset_id": "96709716713852964424799553530667285363618612795515713032275270228515765270394", "price": "0.7", "size": "50", "side": "SELL", "hash": "999dff98d52ce82a3a44fc001c59e5a70d9c1a77", "best_bid": "0.37", "best_ask": "0.7"}], "timestamp": "1769384090962", "event_type": "price_change"}}
{"_local_timestamp": "2026-01-25T23:34:52.501371+00:00", "data": {"market": "0x4aa9f334d2c08aea1a9303bc7d27deaf3f079f8296ce68482f71e7dc47e9943f", "price_changes": [{"asset_id": "96709716713852964424799553530667285363618612795515713032275270228515765270394", "price": "0.07", "size": "78.57", "side": "BUY", "hash": "b07c4e8cb86af99aa9c9144016d0418b929c5659", "best_bid": "0.37", "best_ask": "0.7"}, {"asset_id": "79623929420115092029515015922022029547705870756240769259720497932374519381331", "price": "0.93", "size": "78.57", "side": "SELL", "hash": "83a4c9abd55a27223294b863d4df3d1e9b19b1fd", "best_bid": "0.3", "best_ask": "0.63"}], "timestamp": "1769384092338", "event_type": "price_change"}}
{"_local_timestamp": "2026-01-25T23:35:54.302332+00:00", "data": {"market": "0x4aa9f334d2c08aea1a9303bc7d27deaf3f079f8296ce68482f71e7dc47e9943f", "price_changes": [{"asset_id": "96709716713852964424799553530667285363618612795515713032275270228515765270394", "price": "0.37", "size": "0", "side": "BUY", "hash": "2ecc08539f975a13f41e5c70f128b755c82183f7", "best_bid": "0.15", "best_ask": "0.7"}, {"asset_id": "79623929420115092029515015922022029547705870756240769259720497932374519381331", "price": "0.63", "size": "0", "side": "SELL", "hash": "a2b9c3cbc091dddd760b2ac591093dffb0b7411c", "best_bid": "0.3", "best_ask": "0.85"}], "timestamp": "1769384154230", "event_type": "price_change"}}
{"_local_timestamp": "2026-01-25T23:35:54.305809+00:00", "data": {"market": "0x4aa9f334d2c08aea1a9303bc7d27deaf3f079f8296ce68482f71e7dc47e9943f", "price_changes": [{"asset_id": "79623929420115092029515015922022029547705870756240769259720497932374519381331", "price": "0.3", "size": "0", "side": "BUY", "hash": "913b58a77afb4d3d8cad6ef07f8e6c93407f0bff", "best_bid": "0.15", "best_ask": "0.85"}, {"asset_id": "96709716713852964424799553530667285363618612795515713032275270228515765270394", "price": "0.7", "size": "0", "side": "SELL", "hash": "b6987a5c13fecd74beb22d97f533225a8a6d8d17", "best_bid": "0.15", "best_ask": "0.85"}], "timestamp": "1769384154231", "event_type": "price_change"}}
{"_local_timestamp": "2026-01-25T23:35:55.783979+00:00", "data": {"market": "0x4aa9f334d2c08aea1a9303bc7d27deaf3f079f8296ce68482f71e7dc47e9943f", "price_changes": [{"asset_id": "96709716713852964424799553530667285363618612795515713032275270228515765270394", "price": "0.07", "size": "84.04", "side": "BUY", "hash": "df6246aef20cdd72f2072300060147c27d92dd15", "best_bid": "0.15", "best_ask": "0.85"}, {"asset_id": "79623929420115092029515015922022029547705870756240769259720497932374519381331", "price": "0.93", "size": "84.04", "side": "SELL", "hash": "d2cf9918dad1311c760af0fd014996472c13a8a4", "best_bid": "0.15", "best_ask": "0.85"}], "timestamp": "1769384155718", "event_type": "price_change"}}
{"_local_timestamp": "2026-01-25T23:35:56.655880+00:00", "data": {"market": "0x4aa9f334d2c08aea1a9303bc7d27deaf3f079f8296ce68482f71e7dc47e9943f", "price_changes": [{"asset_id": "96709716713852964424799553530667285363618612795515713032275270228515765270394", "price": "0.38", "size": "50", "side": "BUY", "hash": "7c6c411b9945125df37ebc1f9cde5df765c45e0c", "best_bid": "0.38", "best_ask": "0.85"}, {"asset_id": "79623929420115092029515015922022029547705870756240769259720497932374519381331", "price": "0.62", "size": "50", "side": "SELL", "hash": "2792f0cfb54e6fef78d0d7b1d278cc656cd8b46c", "best_bid": "0.15", "best_ask": "0.62"}], "timestamp": "1769384156584", "event_type": "price_change"}}
{"_local_timestamp": "2026-01-25T23:35:56.656634+00:00", "data": {"market": "0x4aa9f334d2c08aea1a9303bc7d27deaf3f079f8296ce68482f71e7dc47e9943f", "price_changes": [{"asset_id": "79623929420115092029515015922022029547705870756240769259720497932374519381331", "price": "0.31", "size": "50", "side": "BUY", "hash": "f2cde1c95bec0ec10d5a767ba80b273f1c8f48c1", "best_bid": "0.31", "best_ask": "0.62"}, {"asset_id": "96709716713852964424799553530667285363618612795515713032275270228515765270394", "price": "0.69", "size": "50", "side": "SELL", "hash": "92565ab424475a98fe79b96e82439b6ab379098f", "best_bid": "0.38", "best_ask": "0.69"}], "timestamp": "1769384156584", "event_type": "price_change"}}
{"_local_timestamp": "2026-01-25T23:35:59.192659+00:00", "data": {"market": "0x4aa9f334d2c08aea1a9303bc7d27deaf3f079f8296ce68482f71e7dc47e9943f", "price_changes": [{"asset_id": "96709716713852964424799553530667285363618612795515713032275270228515765270394", "price": "0.07", "size": "78.57", "side": "BUY", "hash": "1cf1bb2cc3c81647911689bb35bfad6fe2d0ef08", "best_bid": "0.38", "best_ask": "0.69"}, {"asset_id": "79623929420115092029515015922022029547705870756240769259720497932374519381331", "price": "0.93", "size": "78.57", "side": "SELL", "hash": "0c053ac490137acda39eb64fb9ecb1d1cbde9521", "best_bid": "0.31", "best_ask": "0.62"}], "timestamp": "1769384159091", "event_type": "price_change"}}
{"_local_timestamp": "2026-01-25T23:36:24.397989+00:00", "data": {"market": "0x4aa9f334d2c08aea1a9303bc7d27deaf3f079f8296ce68482f71e7dc47e9943f", "price_changes": [{"asset_id": "96709716713852964424799553530667285363618612795515713032275270228515765270394", "price": "0.01", "size": "178.64", "side": "BUY", "hash": "4b8e12a3004e2f64f74da68dd8a0d322ae5748bb", "best_bid": "0.38", "best_ask": "0.69"}, {"asset_id": "79623929420115092029515015922022029547705870756240769259720497932374519381331", "price": "0.99", "size": "178.64", "side": "SELL", "hash": "8477f5066879d1f5130fc807134698c6793646e1", "best_bid": "0.31", "best_ask": "0.62"}], "timestamp": "1769384184322", "event_type": "price_change"}}
{"_local_timestamp": "2026-01-25T23:36:24.398447+00:00", "data": {"market": "0x4aa9f334d2c08aea1a9303bc7d27deaf3f079f8296ce68482f71e7dc47e9943f", "price_changes": [{"asset_id": "96709716713852964424799553530667285363618612795515713032275270228515765270394", "price": "0.02", "size": "150", "side": "BUY", "hash": "4b8e12a3004e2f64f74da68dd8a0d322ae5748bb", "best_bid": "0.38", "best_ask": "0.69"}, {"asset_id": "79623929420115092029515015922022029547705870756240769259720497932374519381331", "price": "0.98", "size": "150", "side": "SELL", "hash": "8477f5066879d1f5130fc807134698c6793646e1", "best_bid": "0.31", "best_ask": "0.62"}], "timestamp": "1769384184322", "event_type": "price_change"}}
{"_local_timestamp": "2026-01-25T23:36:24.398794+00:00", "data": {"market": "0x4aa9f334d2c08aea1a9303bc7d27deaf3f079f8296ce68482f71e7dc47e9943f", "price_changes": [{"asset_id": "96709716713852964424799553530667285363618612795515713032275270228515765270394", "price": "0.08", "size": "0", "side": "BUY", "hash": "4b8e12a3004e2f64f74da68dd8a0d322ae5748bb", "best_bid": "0.38", "best_ask": "0.69"}, {"asset_id": "79623929420115092029515015922022029547705870756240769259720497932374519381331", "price": "0.92", "size": "0", "side": "SELL", "hash": "8477f5066879d1f5130fc807134698c6793646e1", "best_bid": "0.31", "best_ask": "0.62"}], "timestamp": "1769384184322", "event_type": "price_change"}}
{"_local_timestamp": "2026-01-25T23:36:24.399160+00:00", "data": {"market": "0x4aa9f334d2c08aea1a9303bc7d27deaf3f079f8296ce68482f71e7dc47e9943f", "price_changes": [{"asset_id": "79623929420115092029515015922022029547705870756240769259720497932374519381331", "price": "0.02", "size": "150", "side": "BUY", "hash": "4a997b8e1539620754ad4b906f11db7da65f4121", "best_bid": "0.31", "best_ask": "0.62"}, {"asset_id": "96709716713852964424799553530667285363618612795515713032275270228515765270394", "price": "0.98", "size": "150", "side": "SELL", "hash": "358520c4ef684535ddf891b11b5b5d690e6297ac", "best_bid": "0.38", "best_ask": "0.69"}], "timestamp": "1769384184323", "event_type": "price_change"}}
{"_local_timestamp": "2026-01-25T23:36:24.399503+00:00", "data": {"market": "0x4aa9f334d2c08aea1a9303bc7d27deaf3f079f8296ce68482f71e7dc47e9943f", "price_changes": [{"asset_id": "79623929420115092029515015922022029547705870756240769259720497932374519381331", "price": "0.04", "size": "12", "side": "BUY", "hash": "4a997b8e1539620754ad4b906f11db7da65f4121", "best_bid": "0.31", "best_ask": "0.62"}, {"asset_id": "96709716713852964424799553530667285363618612795515713032275270228515765270394", "price": "0.96", "size": "12", "side": "SELL", "hash": "358520c4ef684535ddf891b11b5b5d690e6297ac", "best_bid": "0.38", "best_ask": "0.69"}], "timestamp": "1769384184323", "event_type": "price_change"}}
