{"_local_timestamp": "2026-01-25T23:34:00.020300+00:00", "data": [{"market": "0x4aa9f334d2c08aea1a9303bc7d27deaf3f079f8296ce68482f71e7dc47e9943f", "asset_id": "96709716713852964424799553530667285363618612795515713032275270228515765270394", "timestamp": "1769383982807", "hash": "3c9add97eec333bde82afc625a2e63e9335aa4ad", "bids": [{"price": "0.01", "size": "184.29"}, {"price": "0.02", "size": "150"}, {"price": "0.03", "size": "441.24"}, {"price": "0.05", "size": "512"}, {"price": "0.07", "size": "84.04"}, {"price": "0.08", "size": "8.12"}, {"price": "0.09", "size": "100"}, {"price": "0.1", "size": "100"}, {"price": "0.15", "size": "100"}], "asks": [{"price": "0.99", "size": "184.52"}, {"price": "0.98", "size": "155.48"}, {"price": "0.97", "size": "25.83"}, {"price": "0.96", "size": "12"}, {"price": "0.95", "size": "500"}, {"price": "0.93", "size": "185.71"}, {"price": "0.92", "size": "68.75"}, {"price": "0.9", "size": "200"}, {"price": "0.85", "size": "100"}], "event_type": "book", "last_trade_price": ""}, {"market": "0x4aa9f334d2c08aea1a9303bc7d27deaf3f079f8296ce68482f71e7dc47e9943f", "asset_id": "79623929420115092029515015922022029547705870756240769259720497932374519381331", "timestamp": "1769383982807", "hash": "8c2bec0f07c1e6b81f9b536f48bfa1c7bb121762", "bids": [{"price": "0.01", "size": "184.52"}, {"price": "0.02", "size": "155.48"}, {"price": "0.03", "size": "25.83"}, {"price": "0.04", "size": "12"}, {"price": "0.05", "size": "500"}, {"price": "0.07", "size": "185.71"}, {"price": "0.08", "size": "68.75"}, {"price": "0.1", "size": "200"}, {"price": "0.15", "size": "100"}], "asks": [{"price": "0.99", "size": "184.29"}, {"price": "0.98", "size": "150"}, {"price": "0.97", "size": "441.24"}, {"price": "0.95", "size": "512"}, {"price": "0.93", "size": "84.04"}, {"price": "0.92", "size": "8.12"}, {"price": "0.91", "size": "100"}, {"price": "0.9", "size": "100"}, {"price": "0.85", "size": "100"}], "event_type": "book", "last_trade_price": ""}]}
{"_local_timestamp": "2026-01-25T23:34:03.216651+00:00", "data": {"market": "0x4aa9f334d2c08aea1a9303bc7d27deaf3f079f8296ce68482f71e7dc47e9943f", "price_changes": [{"asset_id": "79623929420115092029515015922022029547705870756240769259720497932374519381331", "price": "0.02", "size": "150", "side": "BUY", "hash": "e84a5a540b7522f7b93d88998c17625a3f2ba932", "best_bid": "0.15", "best_ask": "0.85"}, {"asset_id": "96709716713852964424799553530667285363618612795515713032275270228515765270394", "price": "0.98", "size": "150", "side": "SELL", "hash": "73d2972e77ba976b283275be455c49e1b8c6f10d", "best_bid": "0.15", "best_ask": "0.85"}], "timestamp": "1769384042970", "event_type": "price_change"}}
{"_local_timestamp": "2026-01-25T23:34:03.217724+00:00", "data": {"market": "0x4aa9f334d2c08aea1a9303bc7d27deaf3f079f8296ce68482f71e7dc47e9943f", "price_changes": [{"asset_id": "79623929420115092029515015922022029547705870756240769259720497932374519381331", "price": "0.03", "size": "10.83", "side": "BUY", "hash": "e84a5a540b7522f7b93d88998c17625a3f2ba932", "best_bid": "0.15", "best_ask": "0.85"}, {"asset_id": "96709716713852964424799553530667285363618612795515713032275270228515765270394", "price": "0.97", "size": "10.83", "side": "SELL", "hash": "73d2972e77ba976b283275be455c49e1b8c6f10d", "best_bid": "0.15", "best_ask": "0.85"}], "timestamp": "1769384042970", "event_type": "price_change"}}
{"_local_timestamp": "2026-01-25T23:34:03.614561+00:00", "data": {"market": "0x4aa9f334d2c08aea1a9303bc7d27deaf3f079f8296ce68482f71e7dc47e9943f", "price_changes": [{"asset_id": "96709716713852964424799553530667285363618612795515713032275270228515765270394", "price": "0.03", "size": "433.33", "side": "BUY", "hash": "b39868252ea39d49bad4dcf88f2483f83529d66c", "best_bid": "0.15", "best_ask": "0.85"}, {"asset_id": "79623929420115092029515015922022029547705870756240769259720497932374519381331", "price": "0.97", "size": "433.33", "side": "SELL", "hash": "d585c82fb78ea2f7cb81631e6fe9cc20c47ec8d4", "best_bid": "0.15", "best_ask": "0.85"}], "timestamp": "1769384043394", "event_type": "price_change"}}
{"_local_timestamp": "2026-01-25T23:34:03.615041+00:00", "data": {"market": "0x4aa9f334d2c08aea1a9303bc7d27deaf3f079f8296ce68482f71e7dc47e9943f", "price_changes": [{"asset_id": "96709716713852964424799553530667285363618612795515713032275270228515765270394", "price": "0.08", "size": "0", "side": "BUY", "hash": "b39868252ea39d49bad4dcf88f2483f83529d66c", "best_bid": "0.15", "best_ask": "0.85"}, {"asset_id": "79623929420115092029515015922022029547705870756240769259720497932374519381331", "price": "0.92", "size": "0", "side": "SELL", "hash": "d585c82fb78ea2f7cb81631e6fe9cc20c47ec8d4", "best_bid": "0.15", "best_ask": "0.85"}], "timestamp": "1769384043394", "event_type": "price_change"}}
{"_local_timestamp": "2026-01-25T23:34:03.969459+00:00", "data": {"market": "0x4aa9f334d2c08aea1a9303bc7d27deaf3f079f8296ce68482f71e7dc47e9943f", "price_changes": [{"asset_id": "79623929420115092029515015922022029547705870756240769259720497932374519381331", "price": "0.04", "size": "20.85", "side": "BUY", "hash": "a9bdc39aae8b5acf0efc1b6d0ac934fc4add8020", "best_bid": "0.15", "best_ask": "0.85"}, {"asset_id": "96709716713852964424799553530667285363618612795515713032275270228515765270394", "price": "0.96", "size": "20.85", "side": "SELL", "hash": "2d4862eeb6a80e01abab89476dc447b7a7d96b87", "best_bid": "0.15", "best_ask": "0.85"}], "timestamp": "1769384043751", "event_type": "price_change"}}
{"_local_timestamp": "2026-01-25T23:34:03.973037+00:00", "data": {"market": "0x4aa9f334d2c08aea1a9303bc7d27deaf3f079f8296ce68482f71e7dc47e9943f", "price_changes": [{"asset_id": "79623929420115092029515015922022029547705870756240769259720497932374519381331", "price": "0.02", "size": "160.27", "side": "BUY", "hash": "f1f449dfc65a573720a45d7581955a3be78e411a", "best_bid": "0.15", "best_ask": "0.85"}, {"asset_id": "96709716713852964424799553530667285363618612795515713032275270228515765270394", "price": "0.98", "size": "160.27", "side": "SELL", "hash": "301cf2b2fe06fec3688de8a55aa65601f6845c27", "best_bid": "0.15", "best_ask": "0.85"}], "timestamp": "1769384043752", "event_type": "price_change"}}
{"_local_timestamp": "2026-01-25T23:34:04.918050+00:00", "data": {"market": "0x4aa9f334d2c08aea1a9303bc7d27deaf3f079f8296ce68482f71e7dc47e9943f", "price_changes": [{"asset_id": "96709716713852964424799553530667285363618612795515713032275270228515765270394", "price": "0.04", "size": "6.89", "side": "BUY", "hash": "a1f5a6abe092ec7178052d7432a82d9ca21c14d1", "best_bid": "0.15", "best_ask": "0.85"}, {"asset_id": "79623929420115092029515015922022029547705870756240769259720497932374519381331", "price": "0.96", "size": "6.89", "side": "SELL", "hash": "bdfd7c254100cc62352fc5904b044bfe774262c3", "best_bid": "0.15", "best_ask": "0.85"}], "timestamp": "1769384044715", "event_type": "price_change"}}
{"_local_timestamp": "2026-01-25T23:34:04.923560+00:00", "data": {"market": "0x4aa9f334d2c08aea1a9303bc7d27deaf3f079f8296ce68482f71e7dc47e9943f", "price_changes": [{"asset_id": "96709716713852964424799553530667285363618612795515713032275270228515765270394", "price": "0.08", "size": "5.64", "side": "BUY", "hash": "f07ea36e875821415a2e4958a524bf36c1e350f0", "best_bid": "0.15", "best_ask": "0.85"}, {"asset_id": "79623929420115092029515015922022029547705870756240769259720497932374519381331", "price": "0.92", "size": "5.64", "side": "SELL", "hash": "1a34ec5f881be4fcc2d23b4dcd9b4f3e7fbfc608", "best_bid": "0.15", "best_ask": "0.85"}], "timestamp": "1769384044716", "event_type": "price_change"}}
{"_local_timestamp": "2026-01-25T23:34:04.924151+00:00", "data": {"market": "0x4aa9f334d2c08aea1a9303bc7d27deaf3f079f8296ce68482f71e7dc47e9943f", "price_changes": [{"asset_id": "96709716713852964424799553530667285363618612795515713032275270228515765270394", "price": "0.02", "size": "157.99", "side": "BUY", "hash": "f3b5474ce981aede7ef53e8498fce3456a1c10bc", "best_bid": "0.15", "best_ask": "0.85"}, {"asset_id": "79623929420115092029515015922022029547705870756240769259720497932374519381331", "price": "0.98", "size": "157.99", "side": "SELL", "hash": "3c6cd040b959a4236fb3966133b2aa64e6deb6ef", "best_bid": "0.15", "best_ask": "0.85"}], "timestamp": "1769384044717", "event_type": "price_change"}}
