{"_local_timestamp": "2026-01-25T23:41:23.322565+00:00", "data": [{"market": "0xa82c2489a2562df4a0f567051bea46a4e53a4875188b407cde52a80dc2f3f047", "asset_id": "29496410492650274698748628269602422062088630079257866477541838723178835817779", "timestamp": "1769382316436", "hash": "5db070a081aa1a763a53c881c2b7a753e4da77dd", "bids": [{"price": "0.01", "size": "55.01"}, {"price": "0.02", "size": "850"}, {"price": "0.03", "size": "8.46"}, {"price": "0.05", "size": "500"}, {"price": "0.08", "size": "300"}, {"price": "0.09", "size": "7.73"}, {"price": "0.17", "size": "52"}, {"price": "0.26", "size": "50"}, {"price": "0.27", "size": "40.74"}, {"price": "0.71", "size": "100"}], "asks": [{"price": "0.99", "size": "50"}, {"price": "0.98", "size": "157.75"}, {"price": "0.97", "size": "80"}, {"price": "0.96", "size": "21.12"}, {"price": "0.89", "size": "118.18"}, {"price": "0.88", "size": "91.66"}, {"price": "0.81", "size": "100"}], "event_type": "book", "last_trade_price": ""}, {"market": "0x194812e5d338cbfe11ef5fa5f435d3d04fb3d58e7923bd54413ddaed8754d149", "asset_id": "80367199960816706732241375353703437165990475367974940438433043735038301528692", "timestamp": "1769384424943", "hash": "b25ed64afb141c60c374665615432803ee69e1c0", "bids": [{"price": "0.01", "size": "60.77"}, {"price": "0.02", "size": "850"}, {"price": "0.03", "size": "8.84"}, {"price": "0.05", "size": "500"}, {"price": "0.09", "size": "6.96"}, {"price": "0.13", "size": "237"}, {"price": "0.26", "size": "50"}, {"price": "0.27", "size": "40.74"}, {"price": "0.42", "size": "100"}], "asks": [{"price": "0.99", "size": "60.41"}, {"price": "0.98", "size": "850"}, {"price": "0.97", "size": "9.74"}, {"price": "0.95", "size": "500"}, {"price": "0.92", "size": "300"}, {"price": "0.91", "size": "6.7"}, {"price": "0.84", "size": "104"}, {"price": "0.74", "size": "50"}, {"price": "0.73", "size": "40.74"}, {"price": "0.52", "size": "100"}], "event_type": "book", "last_trade_price": ""}, {"market": "0x0b0f95da3107b95be3d8700ca97a24ce4e3ea307c5198f23773ef92c96b422b2", "asset_id": "93786328529804152958839675886117938018818115103683400784952366561434988108658", "timestamp": "1769384352851", "hash": "83970c2fa256407f5cabe1e9d27c7202994cc1bc", "bids": [{"price": "0.01", "size": "614.79"}, {"price": "0.02", "size": "176.16"}, {"price": "0.04", "size": "12"}, {"price": "0.05", "size": "100"}, {"price": "0.06", "size": "43.95"}], "asks": [{"price": "0.99", "size": "614.79"}, {"price": "0.98", "size": "163.72"}, {"price": "0.97", "size": "16"}, {"price": "0.96", "size": "103.21"}, {"price": "0.95", "size": "70"}, {"price": "0.94", "size": "38.48"}], "event_type": "book", "last_trade_price": ""}, {"market": "0xa82c2489a2562df4a0f567051bea46a4e53a4875188b407cde52a80dc2f3f047", "asset_id": "77531012402574607276525482480865747233749700079558959340500092599096914112571", "timestamp": "1769382316436", "hash": "d19da2e95787c66bf3796a3714bcf4c1369b01b0", "bids": [{"price": "0.01", "size": "50"}, {"price": "0.02", "size": "157.75"}, {"price": "0.03", "size": "80"}, {"price": "0.04", "size": "21.12"}, {"price": "0.11", "size": "118.18"}, {"price": "0.12", "size": "91.66"}, {"price": "0.19", "size": "100"}], "asks": [{"price": "0.99", "size": "55.01"}, {"price": "0.98", "size": "850"}, {"price": "0.97", "size": "8.46"}, {"price": "0.95", "size": "500"}, {"price": "0.92", "size": "300"}, {"price": "0.91", "size": "7.73"}, {"price": "0.83", "size": "52"}, {"price": "0.74", "size": "50"}, {"price": "0.73", "size": "40.74"}, {"price": "0.29", "size": "100"}], "event_type": "book", "last_trade_price": ""}, {"market": "0x591f2edc45ffeaf3010e4b6610e658a0b79c88d93498f25388d88db40a8bf05f", "asset_id": "115174579890595019770435401444811882278958146332761951355694668570668210621966", "timestamp": "1769383104480", "hash": "1d4fe4e5376331a2b210a2fe632157e034cfb2ca", "bids": [{"price": "0.01", "size": "55.08"}, {"price": "0.02", "size": "850"}, {"price": "0.03", "size": "8.58"}, {"price": "0.05", "size": "500"}, {"price": "0.08", "size": "300"}, {"price": "0.09", "size": "7.68"}, {"price": "0.17", "size": "52"}, {"price": "0.26", "size": "50"}, {"price": "0.27", "size": "40.74"}, {"price": "0.63", "size": "100"}], "asks": [{"price": "0.99", "size": "59.5"}, {"price": "0.98", "size": "850"}, {"price": "0.97", "size": "7.38"}, {"price": "0.94", "size": "125"}, {"price": "0.93", "size": "9.76"}, {"price": "0.87", "size": "200"}, {"price": "0.86", "size": "78.57"}, {"price": "0.73", "size": "100"}], "event_type": "book", "last_trade_price": ""}, {"market": "0x0b0f95da3107b95be3d8700ca97a24ce4e3ea307c5198f23773ef92c96b422b2", "asset_id": "50076187924299068707637217882294244356333458372852735780794085266588788122777", "timestamp": "1769384352851", "hash": "0f6f801837864a34a0743e74a457fcbbf680db83", "bids": [{"price": "0.01", "size": "614.79"}, {"price": "0.02", "size": "163.72"}, {"price": "0.03", "size": "16"}, {"price": "0.04", "size": "103.21"}, {"price": "0.05", "size": "70"}, {"price": "0.06", "size": "38.48"}], "asks": [{"price": "0.99", "size": "614.79"}, {"price": "0.98", "size": "176.16"}, {"price": "0.96", "size": "12"}, {"price": "0.95", "size": "100"}, {"price": "0.94", "size": "43.95"}], "event_type": "book", "last_trade_price": ""}, {"market": "0x194812e5d338cbfe11ef5fa5f435d3d04fb3d58e7923bd54413ddaed8754d149", "asset_id": "12005305610137980123825427844795754064903443569595020427605191673803701279861", "timestamp": "1769384424943", "hash": "1cd8fe3883d398d3ba7420b8634a7c562dfc13ca", "bids": [{"price": "0.01", "size": "60.41"}, {"price": "0.02", "size": "850"}, {"price": "0.03", "size": "9.74"}, {"price": "0.05", "size": "500"}, {"price": "0.08", "size": "300"}, {"price": "0.09", "size": "6.7"}, {"price": "0.16", "size": "104"}, {"price": "0.26", "size": "50"}, {"price": "0.27", "size": "40.74"}, {"price": "0.48", "size": "100"}], "asks": [{"price": "0.99", "size": "60.77"}, {"price": "0.98", "size": "850"}, {"price": "0.97", "size": "8.84"}, {"price": "0.95", "size": "500"}, {"price": "0.91", "size": "6.96"}, {"price": "0.87", "size": "237"}, {"price": "0.74", "size": "50"}, {"price": "0.73", "size": "40.74"}, {"price": "0.58", "size": "100"}], "event_type": "book", "last_trade_price": ""}, {"market": "0x591f2edc45ffeaf3010e4b6610e658a0b79c88d93498f25388d88db40a8bf05f", "asset_id": "6257686707797356173939913790986120557570798193118837274418091856170810991784", "timestamp": "1769383104480", "hash": "dfb1a1011d1e2be1bf079316de8710a4486208f7", "bids": [{"price": "0.01", "size": "59.5"}, {"price": "0.02", "size": "850"}, {"price": "0.03", "size": "7.38"}, {"price": "0.06", "size": "125"}, {"price": "0.07", "size": "9.76"}, {"price": "0.13", "size": "200"}, {"price": "0.14", "size": "78.57"}, {"price": "0.27", "size": "100"}], "asks": [{"price": "0.99", "size": "55.08"}, {"price": "0.98", "size": "850"}, {"price": "0.97", "size": "8.58"}, {"price": "0.95", "size": "500"}, {"price": "0.92", "size": "300"}, {"price": "0.91", "size": "7.68"}, {"price": "0.83", "size": "52"}, {"price": "0.74", "size": "50"}, {"price": "0.73", "size": "40.74"}, {"price": "0.37", "size": "100"}], "event_type": "book", "last_trade_price": ""}, {"market": "0xd05bd2527d036dd93bcf24915507d1f8e460382cc3583f7dad54689a8e856ffe", "asset_id": "67730316309817985174063516015819043042097916114688075395690150425019866028987", "timestamp": "1769382821977", "hash": "67215e8f1e7cac420e7e33ad4ec0dfc95330fb78", "bids": [{"price": "0.01", "size": "50"}, {"price": "0.02", "size": "159.45"}, {"price": "0.03", "size": "183.33"}, {"price": "0.04", "size": "144.14"}, {"price": "0.07", "size": "185.71"}, {"price": "0.08", "size": "6.06"}, {"price": "0.13", "size": "100"}, {"price": "0.14", "size": "7.14"}], "asks": [{"price": "0.99", "size": "59.71"}, {"price": "0.98", "size": "850"}, {"price": "0.97", "size": "7.97"}, {"price": "0.95", "size": "500"}, {"price": "0.92", "size": "300"}, {"price": "0.91", "size": "7.37"}, {"price": "0.83", "size": "52"}, {"price": "0.74", "size": "50"}, {"price": "0.73", "size": "40.74"}, {"price": "0.23", "size": "100"}], "event_type": "book", "last_trade_price": ""}, {"market": "0xd05bd2527d036dd93bcf24915507d1f8e460382cc3583f7dad54689a8e856ffe", "asset_id": "97923825430745735506483403188470143910348669007411867537326966222607658973250", "timestamp": "1769382821977", "hash": "3f041a531144ba6a435d2c347e55a322df526354", "bids": [{"price": "0.01", "size": "59.71"}, {"price": "0.02", "size": "850"}, {"price": "0.03", "size": "7.97"}, {"price": "0.05", "size": "500"}, {"price": "0.08", "size": "300"}, {"price": "0.09", "size": "7.37"}, {"price": "0.17", "size": "52"}, {"price": "0.26", "size": "50"}, {"price": "0.27", "size": "40.74"}, {"price": "0.77", "size": "100"}], "asks": [{"price": "0.99", "size": "50"}, {"price": "0.98", "size": "159.45"}, {"price": "0.97", "size": "183.33"}, {"price": "0.96", "size": "144.14"}, {"price": "0.93", "size": "185.71"}, {"price": "0.92", "size": "6.06"}, {"price": "0.87", "size": "100"}, {"price": "0.86", "size": "7.14"}], "event_type": "book", "last_trade_price": ""}]}
{"_local_timestamp": "2026-01-25T23:41:27.087239+00:00", "data": {"market": "0xa82c2489a2562df4a0f567051bea46a4e53a4875188b407cde52a80dc2f3f047", "price_changes": [{"asset_id": "77531012402574607276525482480865747233749700079558959340500092599096914112571", "price": "0.02", "size": "7.75", "side": "BUY", "hash": "e86df72d55ccddfad9ae73cf4ea04fd9da134b7c", "best_bid": "0.19", "best_ask": "0.29"}, {"asset_id": "29496410492650274698748628269602422062088630079257866477541838723178835817779", "price": "0.98", "size": "7.75", "side": "SELL", "hash": "73913b3fb248d43856ccaa92ec9eff28bbfe95b3", "best_bid": "0.71", "best_ask": "0.81"}], "timestamp": "1769384487001", "event_type": "price_change"}}
{"_local_timestamp": "2026-01-25T23:41:35.069755+00:00", "data": {"market": "0xa82c2489a2562df4a0f567051bea46a4e53a4875188b407cde52a80dc2f3f047", "price_changes": [{"asset_id": "77531012402574607276525482480865747233749700079558959340500092599096914112571", "price": "0.02", "size": "157.75", "side": "BUY", "hash": "64d0f9c3e65df2ddd498167df8967fdb70ad730f", "best_bid": "0.19", "best_ask": "0.29"}, {"asset_id": "29496410492650274698748628269602422062088630079257866477541838723178835817779", "price": "0.98", "size": "157.75", "side": "SELL", "hash": "cb5a6e7487e7717e6db376ab83fa45a6d32ba905", "best_bid": "0.71", "best_ask": "0.81"}], "timestamp": "1769384494981", "event_type": "price_change"}}
