{"_local_timestamp": "2026-01-25T23:41:38.723412+00:00", "data": [{"market": "0x839ff4a1540c8f49917eff996421d098506ba93419464b78a80e11c26d09874a", "asset_id": "54150870647198940195358943274061104192994088621144334322630581866301686796736", "timestamp": "1769383751098", "hash": "a9ebb8f3037d8ac71282b1fa36a1b0eacac0010d", "bids": [{"price": "0.01", "size": "3119.07"}, {"price": "0.02", "size": "65.46"}], "asks": [{"price": "0.99", "size": "50"}, {"price": "0.98", "size": "5.47"}], "event_type": "book", "last_trade_price": ""}, {"market": "0x839ff4a1540c8f49917eff996421d098506ba93419464b78a80e11c26d09874a", "asset_id": "57327176249210584591742723001204281339035252127229913278826050726988732941856", "timestamp": "1769383751098", "hash": "27976a6ecffd510c44c5f4011374ce1e82e38855", "bids": [{"price": "0.01", "size": "50"}, {"price": "0.02", "size": "5.47"}], "asks": [{"price": "0.99", "size": "3119.07"}, {"price": "0.98", "size": "65.46"}], "event_type": "book", "last_trade_price": ""}, {"market": "0x97f5fc445e7540124ac36441888d76a67750cf6875452e375b7561bf963c5ae5", "asset_id": "48992060150384398658442141040669776284257452774784320108848605714778958953452", "timestamp": "1769383751098", "hash": "b848941d849825017e06d78b20016c0c66f7c393", "bids": [{"price": "0.01", "size": "3119.07"}, {"price": "0.02", "size": "65.46"}], "asks": [{"price": "0.99", "size": "50"}, {"price": "0.98", "size": "5.47"}], "event_type": "book", "last_trade_price": ""}, {"market": "0x037f070fd0985494da4ebe5e52f74d3eec9d6c9825dc861e054b03306a0697be", "asset_id": "52327340821351711356838664936296870709024116571022032681249205807609407646290", "timestamp": "1769383751098", "hash": "a395a7b9def75a04c8ce04a6dcc9426841535080", "bids": [{"price": "0.01", "size": "50"}, {"price": "0.02", "size": "5.47"}], "asks": [{"price": "0.99", "size": "3119.07"}, {"price": "0.98", "size": "65.46"}], "event_type": "book", "last_trade_price": ""}, {"market": "0x037f070fd0985494da4ebe5e52f74d3eec9d6c9825dc861e054b03306a0697be", "asset_id": "29997724141325326812690253487127635616519978972759526867717482042384537465176", "timestamp": "1769383751098", "hash": "b2403a58747897cb338f924ea4e0dbdaf980c401", "bids": [{"price": "0.01", "size": "3119.07"}, {"price": "0.02", "size": "65.46"}], "asks": [{"price": "0.99", "size": "50"}, {"price": "0.98", "size": "5.47"}], "event_type": "book", "last_trade_price": ""}, {"market": "0x97f5fc445e7540124ac36441888d76a67750cf6875452e375b7561bf963c5ae5", "asset_id": "64419053737814379780779424924682409867381576351698042008492738774063805948457", "timestamp": "1769383751098", "hash": "2aac98be1e50a395cf1dbb22a48daf6a2dbb84a9", "bids": [{"price": "0.01", "size": "50"}, {"price": "0.02", "size": "5.47"}], "asks": [{"price": "0.99", "size": "3119.07"}, {"price": "0.98", "size": "65.46"}], "event_type": "book", "last_trade_price": ""}]}
{"_local_timestamp": "2026-01-25T23:43:29.697173+00:00", "data": {"market": "0x037f070fd0985494da4ebe5e52f74d3eec9d6c9825dc861e054b03306a0697be", "price_changes": [{"asset_id": "52327340821351711356838664936296870709024116571022032681249205807609407646290", "price": "0.01", "size": "116.66", "side": "BUY", "hash": "f036eeb0ef9d180bef71c38459fb17f11d9a6013", "best_bid": "0.02", "best_ask": "0.98"}, {"asset_id": "29997724141325326812690253487127635616519978972759526867717482042384537465176", "price": "0.99", "size": "116.66", "side": "SELL", "hash": "ba66d2cb0bb3845e4cc0df7b31176bf46c12cd00", "best_bid": "0.02", "best_ask": "0.98"}], "timestamp": "1769384609600", "event_type": "price_change"}}
{"_local_timestamp": "2026-01-25T23:43:29.698034+00:00", "data": {"market": "0x97f5fc445e7540124ac36441888d76a67750cf6875452e375b7561bf963c5ae5", "price_changes": [{"asset_id": "64419053737814379780779424924682409867381576351698042008492738774063805948457", "price": "0.01", "size": "116.66", "side": "BUY", "hash": "b530979bf9ce697084ccadccb6daa137bc25e754", "best_bid": "0.02", "best_ask": "0.98"}, {"asset_id": "48992060150384398658442141040669776284257452774784320108848605714778958953452", "price": "0.99", "size": "116.66", "side": "SELL", "hash": "b5f66aeee6342f62923e6334640ed67e28603c1e", "best_bid": "0.02", "best_ask": "0.98"}], "timestamp": "1769384609600", "event_type": "price_change"}}
{"_local_timestamp": "2026-01-25T23:43:29.698767+00:00", "data": {"market": "0x839ff4a1540c8f49917eff996421d098506ba93419464b78a80e11c26d09874a", "price_changes": [{"asset_id": "57327176249210584591742723001204281339035252127229913278826050726988732941856", "price": "0.01", "size": "116.66", "side": "BUY", "hash": "d83cb024796680d62c51071dc8a1a206668fc5c8", "best_bid": "0.02", "best_ask": "0.98"}, {"asset_id": "54150870647198940195358943274061104192994088621144334322630581866301686796736", "price": "0.99", "size": "116.66", "side": "SELL", "hash": "f2ddf65d108a413a328d6c8cdef9d6d4bed177cc", "best_bid": "0.02", "best_ask": "0.98"}], "timestamp": "1769384609601", "event_type": "price_change"}}
