{"_local_timestamp": "2026-01-25T23:34:22.151943+00:00", "data": [{"market": "0x0af789368d5a708b5ff26ee94fe42da7eaf4cb5f6eb3e7d9419558dcb4500466", "asset_id": "51678919991577066000177110556387158761572972244757323206842959071695383924157", "timestamp": "1769383484940", "hash": "3a3379d4e64847ec7208d936219f02f72946a48b", "bids": [{"price": "0.01", "size": "627.2"}, {"price": "0.02", "size": "263.62"}, {"price": "0.03", "size": "33.61"}, {"price": "0.05", "size": "60"}, {"price": "0.06", "size": "33"}, {"price": "0.07", "size": "6.39"}, {"price": "0.08", "size": "158"}], "asks": [{"price": "0.99", "size": "614.69"}, {"price": "0.98", "size": "163.64"}, {"price": "0.97", "size": "66"}, {"price": "0.96", "size": "6.17"}, {"price": "0.95", "size": "60"}, {"price": "0.94", "size": "38.47"}], "event_type": "book", "last_trade_price": ""}, {"market": "0x215314dd6e87a9b9c766f25851fcdca7d1faab94b75f0e4c67c182fc730c23d6", "asset_id": "63847279266738140238644882507914841357209585512439436221803785207412432246098", "timestamp": "1769383488018", "hash": "3159cb682a9c49b1b675d267d49ad4ee28c45abb", "bids": [{"price": "0.01", "size": "630.44"}, {"price": "0.02", "size": "263.62"}, {"price": "0.03", "size": "32.53"}, {"price": "0.05", "size": "60"}, {"price": "0.06", "size": "33"}, {"price": "0.07", "size": "6.39"}, {"price": "0.08", "size": "158"}], "asks": [{"price": "0.99", "size": "614.69"}, {"price": "0.98", "size": "163.64"}, {"price": "0.97", "size": "66"}, {"price": "0.96", "size": "6.17"}, {"price": "0.95", "size": "60"}, {"price": "0.94", "size": "38.47"}], "event_type": "book", "last_trade_price": ""}, {"market": "0x0af789368d5a708b5ff26ee94fe42da7eaf4cb5f6eb3e7d9419558dcb4500466", "asset_id": "13571653906368338897731781690354540941393198389678704024084925658493002606564", "timestamp": "1769383484940", "hash": "a9449101b3d88274f112cea6a4bd242b45bb8f3d", "bids": [{"price": "0.01", "size": "614.69"}, {"price": "0.02", "size": "163.64"}, {"price": "0.03", "size": "66"}, {"price": "0.04", "size": "6.17"}, {"price": "0.05", "size": "60"}, {"price": "0.06", "size": "38.47"}], "asks": [{"price": "0.99", "size": "627.2"}, {"price": "0.98", "size": "263.62"}, {"price": "0.97", "size": "33.61"}, {"price": "0.95", "size": "60"}, {"price": "0.94", "size": "33"}, {"price": "0.93", "size": "6.39"}, {"price": "0.92", "size": "158"}], "event_type": "book", "last_trade_price": ""}, {"market": "0x215314dd6e87a9b9c766f25851fcdca7d1faab94b75f0e4c67c182fc730c23d6", "asset_id": "90236461148043127216600493620991991453860499927622955256391663066970389649829", "timestamp": "1769383488018", "hash": "9d594852c59409fffc7d55e46de1eb30e67847f6", "bids": [{"price": "0.01", "size": "614.69"}, {"price": "0.02", "size": "163.64"}, {"price": "0.03", "size": "66"}, {"price": "0.04", "size": "6.17"}, {"price": "0.05", "size": "60"}, {"price": "0.06", "size": "38.47"}], "asks": [{"price": "0.99", "size": "630.44"}, {"price": "0.98", "size": "263.62"}, {"price": "0.97", "size": "32.53"}, {"price": "0.95", "size": "60"}, {"price": "0.94", "size": "33"}, {"price": "0.93", "size": "6.39"}, {"price": "0.92", "size": "158"}], "event_type": "book", "last_trade_price": ""}, {"market": "0xb69f5e1c3e920bef10ed7f6c9d3873e47107013c35dd22562531e4a9a5471beb", "asset_id": "102632468829769203117429944778490835001118321022567558478956115396024715234109", "timestamp": "1769383487021", "hash": "953b62df13c6c8fcfb2e8f73a6bdea964a91b7c7", "bids": [{"price": "0.01", "size": "614.69"}, {"price": "0.02", "size": "163.64"}, {"price": "0.03", "size": "66"}, {"price": "0.04", "size": "6.17"}, {"price": "0.05", "size": "60"}, {"price": "0.06", "size": "38.47"}], "asks": [{"price": "0.99", "size": "627.18"}, {"price": "0.98", "size": "263.62"}, {"price": "0.97", "size": "33.61"}, {"price": "0.95", "size": "60"}, {"price": "0.94", "size": "33"}, {"price": "0.93", "size": "6.39"}, {"price": "0.92", "size": "158"}], "event_type": "book", "last_trade_price": ""}, {"market": "0xb69f5e1c3e920bef10ed7f6c9d3873e47107013c35dd22562531e4a9a5471beb", "asset_id": "19030651786138077820334768408591149415083125669699367494266009626214266266351", "timestamp": "1769383487021", "hash": "394e4390974f82c485c575a9c7249dc20107be84", "bids": [{"price": "0.01", "size": "627.18"}, {"price": "0.02", "size": "263.62"}, {"price": "0.03", "size": "33.61"}, {"price": "0.05", "size": "60"}, {"price": "0.06", "size": "33"}, {"price": "0.07", "size": "6.39"}, {"price": "0.08", "size": "158"}], "asks": [{"price": "0.99", "size": "614.69"}, {"price": "0.98", "size": "163.64"}, {"price": "0.97", "size": "66"}, {"price": "0.96", "size": "6.17"}, {"price": "0.95", "size": "60"}, {"price": "0.94", "size": "38.47"}], "event_type": "book", "last_trade_price": ""}]}
