{"_local_timestamp": "2026-01-25T23:41:21.047077+00:00", "data": [{"market": "0x5f86e459de05dd13d216eb9e556e5a67231637c64b28d9d4ed371787ebd6aaa4", "asset_id": "38770671962631293190921313067014944611026907635621373161561621542066039127844", "timestamp": "1769384082919", "hash": "ab2fbd8a590445665e9d8e6ac43a9fb18e5447ad", "bids": [{"price": "0.01", "size": "429.53"}, {"price": "0.02", "size": "436.27"}, {"price": "0.03", "size": "40.25"}, {"price": "0.04", "size": "306.02"}, {"price": "0.05", "size": "414.12"}, {"price": "0.06", "size": "315"}, {"price": "0.07", "size": "324.73"}], "asks": [{"price": "0.99", "size": "614.69"}, {"price": "0.98", "size": "663.64"}, {"price": "0.97", "size": "233"}, {"price": "0.96", "size": "42.17"}, {"price": "0.95", "size": "80"}, {"price": "0.94", "size": "54.27"}], "event_type": "book", "last_trade_price": ""}, {"market": "0x5f86e459de05dd13d216eb9e556e5a67231637c64b28d9d4ed371787ebd6aaa4", "asset_id": "51247915630875394898498708191345987823135505355631216213571712766390761257621", "timestamp": "1769384082919", "hash": "e0d6dac9eb7fdac664f7ea997728ded3e5d48ac9", "bids": [{"price": "0.01", "size": "614.69"}, {"price": "0.02", "size": "663.64"}, {"price": "0.03", "size": "233"}, {"price": "0.04", "size": "42.17"}, {"price": "0.05", "size": "80"}, {"price": "0.06", "size": "54.27"}], "asks": [{"price": "0.99", "size": "429.53"}, {"price": "0.98", "size": "436.27"}, {"price": "0.97", "size": "40.25"}, {"price": "0.96", "size": "306.02"}, {"price": "0.95", "size": "414.12"}, {"price": "0.94", "size": "315"}, {"price": "0.93", "size": "324.73"}], "event_type": "book", "last_trade_price": ""}, {"market": "0x5a784a69617bd395eb38272b384d27b9fa46c217d219a7a3becc01b49c23b68c", "asset_id": "31984927526563867129869324198259644303953671015435996949780621308885714029935", "timestamp": "1769384085600", "hash": "05abe84916afb0bf2ee27c637cb278d6a570711a", "bids": [{"price": "0.01", "size": "430.45"}, {"price": "0.02", "size": "436.27"}, {"price": "0.03", "size": "40.25"}, {"price": "0.04", "size": "630.24"}, {"price": "0.05", "size": "162.95"}, {"price": "0.06", "size": "114"}, {"price": "0.07", "size": "325.88"}], "asks": [{"price": "0.99", "size": "614.69"}, {"price": "0.98", "size": "663.64"}, {"price": "0.97", "size": "233"}, {"price": "0.96", "size": "42.17"}, {"price": "0.95", "size": "88.57"}, {"price": "0.94", "size": "47.99"}], "event_type": "book", "last_trade_price": ""}, {"market": "0x94e652a8bb0c3938ec522c103aa66d2b1bdc3887780d2c99afa14f40fb77e9c1", "asset_id": "27871580774869776538905744022983623888305975132929314448540993573253676796066", "timestamp": "1769384034021", "hash": "2729e5d1c0be1badab750f35a361df13f45499e3", "bids": [{"price": "0.01", "size": "614.69"}, {"price": "0.02", "size": "663.64"}, {"price": "0.03", "size": "233"}, {"price": "0.04", "size": "42.17"}, {"price": "0.05", "size": "80"}, {"price": "0.06", "size": "51.07"}], "asks": [{"price": "0.99", "size": "430.45"}, {"price": "0.98", "size": "436.27"}, {"price": "0.97", "size": "40.25"}, {"price": "0.96", "size": "630.24"}, {"price": "0.95", "size": "162.95"}, {"price": "0.94", "size": "114"}, {"price": "0.93", "size": "325.88"}], "event_type": "book", "last_trade_price": ""}, {"market": "0x94e652a8bb0c3938ec522c103aa66d2b1bdc3887780d2c99afa14f40fb77e9c1", "asset_id": "53040001052416045178538824826386492304275880604773952796312572978415727461696", "timestamp": "1769384034021", "hash": "9120c872bbeb6c0836c05a69628d1b17ed4f75a6", "bids": [{"price": "0.01", "size": "430.45"}, {"price": "0.02", "size": "436.27"}, {"price": "0.03", "size": "40.25"}, {"price": "0.04", "size": "630.24"}, {"price": "0.05", "size": "162.95"}, {"price": "0.06", "size": "114"}, {"price": "0.07", "size": "325.88"}], "asks": [{"price": "0.99", "size": "614.69"}, {"price": "0.98", "size": "663.64"}, {"price": "0.97", "size": "233"}, {"price": "0.96", "size": "42.17"}, {"price": "0.95", "size": "80"}, {"price": "0.94", "size": "51.07"}], "event_type": "book", "last_trade_price": ""}, {"market": "0x5a784a69617bd395eb38272b384d27b9fa46c217d219a7a3becc01b49c23b68c", "asset_id": "7034561260772591454159882970417527724927626664913094205628657575802494836401", "timestamp": "1769384085600", "hash": "ba5e0e34307408ad5712c8faf67df9feb9bc5e78", "bids": [{"price": "0.01", "size": "614.69"}, {"price": "0.02", "size": "663.64"}, {"price": "0.03", "size": "233"}, {"price": "0.04", "size": "42.17"}, {"price": "0.05", "size": "88.57"}, {"price": "0.06", "size": "47.99"}], "asks": [{"price": "0.99", "size": "430.45"}, {"price": "0.98", "size": "436.27"}, {"price": "0.97", "size": "40.25"}, {"price": "0.96", "size": "630.24"}, {"price": "0.95", "size": "162.95"}, {"price": "0.94", "size": "114"}, {"price": "0.93", "size": "325.88"}], "event_type": "book", "last_trade_price": ""}]}
