{"_local_timestamp": "2026-01-25T23:41:20.918373+00:00", "data": [{"market": "0x3a185c9781ec2d36406ca57aab4fb5c5b98c0ac6c5134c4b9b3d5b686a145b5f", "asset_id": "51351680693264863006673275531267805403321269097644756849613119180243537398971", "timestamp": "1769384015256", "hash": "a42ebfd91469cdfa2184ce396d07fd85ef62ab5f", "bids": [{"price": "0.01", "size": "614.69"}, {"price": "0.02", "size": "1013.64"}, {"price": "0.03", "size": "66"}, {"price": "0.04", "size": "114.17"}, {"price": "0.06", "size": "54.27"}], "asks": [{"price": "0.99", "size": "230.26"}, {"price": "0.98", "size": "160.42"}, {"price": "0.97", "size": "656.36"}, {"price": "0.96", "size": "517.45"}, {"price": "0.95", "size": "279.75"}, {"price": "0.94", "size": "33"}, {"price": "0.93", "size": "94.32"}, {"price": "0.92", "size": "316.66"}], "event_type": "book", "last_trade_price": ""}, {"market": "0xd41a7743d23d9302596e5e209d60421ede3382fdf51e45eb423ab8ee9297f196", "asset_id": "86158524524020999359566817868075167310848765648938201482478561485789418821351", "timestamp": "1769384012189", "hash": "4d892eabaad687ce04d3120686859345564c97eb", "bids": [{"price": "0.01", "size": "614.69"}, {"price": "0.02", "size": "813.64"}, {"price": "0.03", "size": "266"}, {"price": "0.04", "size": "239.17"}, {"price": "0.05", "size": "50"}, {"price": "0.06", "size": "13.08"}], "asks": [{"price": "0.99", "size": "232.43"}, {"price": "0.98", "size": "160.42"}, {"price": "0.97", "size": "661.01"}, {"price": "0.96", "size": "517.45"}, {"price": "0.95", "size": "278.26"}, {"price": "0.94", "size": "33"}, {"price": "0.93", "size": "132.08"}, {"price": "0.92", "size": "158"}], "event_type": "book", "last_trade_price": ""}, {"market": "0xd41a7743d23d9302596e5e209d60421ede3382fdf51e45eb423ab8ee9297f196", "asset_id": "70065639423755015405832543117390216126609205239663701846052718380478276186314", "timestamp": "1769384012189", "hash": "6d79175d6506ced8c20eb8090db78438b7bcae27", "bids": [{"price": "0.01", "size": "232.43"}, {"price": "0.02", "size": "160.42"}, {"price": "0.03", "size": "661.01"}, {"price": "0.04", "size": "517.45"}, {"price": "0.05", "size": "278.26"}, {"price": "0.06", "size": "33"}, {"price": "0.07", "size": "132.08"}, {"price": "0.08", "size": "158"}], "asks": [{"price": "0.99", "size": "614.69"}, {"price": "0.98", "size": "813.64"}, {"price": "0.97", "size": "266"}, {"price": "0.96", "size": "239.17"}, {"price": "0.95", "size": "50"}, {"price": "0.94", "size": "13.08"}], "event_type": "book", "last_trade_price": ""}, {"market": "0xfda6e5d40c6b8a8e0dfbe4e12132c1844981eb068fbed32d4d1ad66c3b0b3a08", "asset_id": "13032842507272592301298072719808421556529102011299798397516908467362282071435", "timestamp": "1769384197033", "hash": "86b5e80a3810662431a3d74371c542a024779fe3", "bids": [{"price": "0.01", "size": "429.53"}, {"price": "0.02", "size": "436.27"}, {"price": "0.03", "size": "40.25"}, {"price": "0.04", "size": "643.02"}, {"price": "0.05", "size": "154.12"}, {"price": "0.06", "size": "33"}, {"price": "0.07", "size": "89.07"}, {"price": "0.08", "size": "158"}], "asks": [{"price": "0.99", "size": "614.69"}, {"price": "0.98", "size": "938.64"}, {"price": "0.97", "size": "141"}, {"price": "0.96", "size": "6.17"}, {"price": "0.95", "size": "190.68"}, {"price": "0.94", "size": "16.47"}], "event_type": "book", "last_trade_price": ""}, {"market": "0xfda6e5d40c6b8a8e0dfbe4e12132c1844981eb068fbed32d4d1ad66c3b0b3a08", "asset_id": "15188902651854905969469105061472891658767360277121185712128300727154675472271", "timestamp": "1769384197033", "hash": "44b0720886323f88ee38bed86ac50a24a01d035d", "bids": [{"price": "0.01", "size": "614.69"}, {"price": "0.02", "size": "938.64"}, {"price": "0.03", "size": "141"}, {"price": "0.04", "size": "6.17"}, {"price": "0.05", "size": "190.68"}, {"price": "0.06", "size": "16.47"}], "asks": [{"price": "0.99", "size": "429.53"}, {"price": "0.98", "size": "436.27"}, {"price": "0.97", "size": "40.25"}, {"price": "0.96", "size": "643.02"}, {"price": "0.95", "size": "154.12"}, {"price": "0.94", "size": "33"}, {"price": "0.93", "size": "89.07"}, {"price": "0.92", "size": "158"}], "event_type": "book", "last_trade_price": ""}, {"market": "0x3a185c9781ec2d36406ca57aab4fb5c5b98c0ac6c5134c4b9b3d5b686a145b5f", "asset_id": "32814817672335457081805840522514106800479888662403783846156635282176244494597", "timestamp": "1769384015256", "hash": "ce9e1325c0f7ec307a7aad3c1c02d7d8619508ed", "bids": [{"price": "0.01", "size": "230.26"}, {"price": "0.02", "size": "160.42"}, {"price": "0.03", "size": "656.36"}, {"price": "0.04", "size": "517.45"}, {"price": "0.05", "size": "279.75"}, {"price": "0.06", "size": "33"}, {"price": "0.07", "size": "94.32"}, {"price": "0.08", "size": "316.66"}], "asks": [{"price": "0.99", "size": "614.69"}, {"price": "0.98", "size": "1013.64"}, {"price": "0.97", "size": "66"}, {"price": "0.96", "size": "114.17"}, {"price": "0.94", "size": "54.27"}], "event_type": "book", "last_trade_price": ""}]}
