{"_local_timestamp": "2026-01-25T23:34:14.692052+00:00", "data": [{"market": "0x5a8427c8cdf0c6e2d3d57cc3a1a41bbb569874163e30054bf345fe49112a15ef", "asset_id": "34193779013502734279815861195346622000900501301795504475259919817070301925357", "timestamp": "1769383568282", "hash": "ea619de1243255140bcfe70486124bdd81ec51c7", "bids": [{"price": "0.01", "size": "628.34"}, {"price": "0.02", "size": "163.62"}, {"price": "0.03", "size": "41.76"}, {"price": "0.04", "size": "643.34"}, {"price": "0.05", "size": "154.61"}, {"price": "0.06", "size": "33"}, {"price": "0.07", "size": "117.39"}, {"price": "0.08", "size": "158"}], "asks": [{"price": "0.99", "size": "614.69"}, {"price": "0.98", "size": "813.64"}, {"price": "0.97", "size": "266"}, {"price": "0.96", "size": "176.17"}, {"price": "0.95", "size": "49.03"}, {"price": "0.94", "size": "14.61"}], "event_type": "book", "last_trade_price": ""}, {"market": "0x0693b8b816652ffaccc26bb427b6cce45bb115d67272099b2926887535e5afc9", "asset_id": "81721505239430013991019810869799736619337173083071138249106637200661133740291", "timestamp": "1769383569242", "hash": "2d64e2ceffb43df5c540486ca3703a4556cd5d06", "bids": [{"price": "0.01", "size": "600"}, {"price": "0.02", "size": "800"}, {"price": "0.03", "size": "266"}, {"price": "0.04", "size": "80.85"}, {"price": "0.05", "size": "40"}, {"price": "0.06", "size": "11.56"}], "asks": [{"price": "0.99", "size": "430.45"}, {"price": "0.98", "size": "436.27"}, {"price": "0.97", "size": "40.25"}, {"price": "0.96", "size": "517.24"}, {"price": "0.95", "size": "277.95"}, {"price": "0.94", "size": "33"}, {"price": "0.93", "size": "94.22"}, {"price": "0.92", "size": "158"}], "event_type": "book", "last_trade_price": ""}, {"market": "0x0693b8b816652ffaccc26bb427b6cce45bb115d67272099b2926887535e5afc9", "asset_id": "74946975522079318079509513070225196215939799761713121091375829204290589425732", "timestamp": "1769383569242", "hash": "d2a61e4e98477a00b19884f81601362e6e94d1ba", "bids": [{"price": "0.01", "size": "430.45"}, {"price": "0.02", "size": "436.27"}, {"price": "0.03", "size": "40.25"}, {"price": "0.04", "size": "517.24"}, {"price": "0.05", "size": "277.95"}, {"price": "0.06", "size": "33"}, {"price": "0.07", "size": "94.22"}, {"price": "0.08", "size": "158"}], "asks": [{"price": "0.99", "size": "600"}, {"price": "0.98", "size": "800"}, {"price": "0.97", "size": "266"}, {"price": "0.96", "size": "80.85"}, {"price": "0.95", "size": "40"}, {"price": "0.94", "size": "11.56"}], "event_type": "book", "last_trade_price": ""}, {"market": "0x94fa5abd20831c0c43cf0ec22db470eb6c80ef2fa3adfac073e32950fc8802ab", "asset_id": "114972605862725338638967304006113752725285514617639135351266426933777564469519", "timestamp": "1769383567265", "hash": "e0b935fa0299a7f8cb42841d359ca88a67d9b7c8", "bids": [{"price": "0.01", "size": "600"}, {"price": "0.02", "size": "800"}, {"price": "0.03", "size": "266"}, {"price": "0.04", "size": "233"}, {"price": "0.05", "size": "49.03"}, {"price": "0.06", "size": "14.61"}], "asks": [{"price": "0.99", "size": "429.53"}, {"price": "0.98", "size": "436.27"}, {"price": "0.97", "size": "40.25"}, {"price": "0.96", "size": "318.02"}, {"price": "0.95", "size": "479.12"}, {"price": "0.94", "size": "33"}, {"price": "0.93", "size": "144.07"}, {"price": "0.92", "size": "158"}], "event_type": "book", "last_trade_price": ""}, {"market": "0x94fa5abd20831c0c43cf0ec22db470eb6c80ef2fa3adfac073e32950fc8802ab", "asset_id": "5916832685823968138269757308217557599908458898814870594824381550525040964202", "timestamp": "1769383567265", "hash": "01b9f7233cae3148dfe7429d2200537f878e3dd6", "bids": [{"price": "0.01", "size": "429.53"}, {"price": "0.02", "size": "436.27"}, {"price": "0.03", "size": "40.25"}, {"price": "0.04", "size": "318.02"}, {"price": "0.05", "size": "479.12"}, {"price": "0.06", "size": "33"}, {"price": "0.07", "size": "144.07"}, {"price": "0.08", "size": "158"}], "asks": [{"price": "0.99", "size": "600"}, {"price": "0.98", "size": "800"}, {"price": "0.97", "size": "266"}, {"price": "0.96", "size": "233"}, {"price": "0.95", "size": "49.03"}, {"price": "0.94", "size": "14.61"}], "event_type": "book", "last_trade_price": ""}, {"market": "0x5a8427c8cdf0c6e2d3d57cc3a1a41bbb569874163e30054bf345fe49112a15ef", "asset_id": "8954646139396785364631380354040982978404704441821017488063971020643817012192", "timestamp": "1769383568282", "hash": "d07faf9b893102f6c88352b89b74cc2339d3f612", "bids": [{"price": "0.01", "size": "614.69"}, {"price": "0.02", "size": "813.64"}, {"price": "0.03", "size": "266"}, {"price": "0.04", "size": "176.17"}, {"price": "0.05", "size": "49.03"}, {"price": "0.06", "size": "14.61"}], "asks": [{"price": "0.99", "size": "628.34"}, {"price": "0.98", "size": "163.62"}, {"price": "0.97", "size": "41.76"}, {"price": "0.96", "size": "643.34"}, {"price": "0.95", "size": "154.61"}, {"price": "0.94", "size": "33"}, {"price": "0.93", "size": "117.39"}, {"price": "0.92", "size": "158"}], "event_type": "book", "last_trade_price": ""}]}
{"_local_timestamp": "2026-01-25T23:34:25.580112+00:00", "data": {"market": "0x94fa5abd20831c0c43cf0ec22db470eb6c80ef2fa3adfac073e32950fc8802ab", "price_changes": [{"asset_id": "5916832685823968138269757308217557599908458898814870594824381550525040964202", "price": "0.01", "size": "406.15", "side": "BUY", "hash": "b58740a9436e11c1e7982d13b4a3b4131af151dd", "best_bid": "0.08", "best_ask": "0.94"}, {"asset_id": "114972605862725338638967304006113752725285514617639135351266426933777564469519", "price": "0.99", "size": "406.15", "side": "SELL", "hash": "6270880dbf4d9449531326978f58ee2ab57d631e", "best_bid": "0.06", "best_ask": "0.92"}], "timestamp": "1769384065487", "event_type": "price_change"}}
{"_local_timestamp": "2026-01-25T23:34:25.581154+00:00", "data": {"market": "0x5a8427c8cdf0c6e2d3d57cc3a1a41bbb569874163e30054bf345fe49112a15ef", "price_changes": [{"asset_id": "34193779013502734279815861195346622000900501301795504475259919817070301925357", "price": "0.01", "size": "600", "side": "BUY", "hash": "ae5f77b5e09499875755ac45bb24da947b6a4386", "best_bid": "0.08", "best_ask": "0.94"}, {"asset_id": "8954646139396785364631380354040982978404704441821017488063971020643817012192", "price": "0.99", "size": "600", "side": "SELL", "hash": "c78aa3bafe601559b286a822fac188df20150971", "best_bid": "0.06", "best_ask": "0.92"}], "timestamp": "1769384065487", "event_type": "price_change"}}
{"_local_timestamp": "2026-01-25T23:34:25.582142+00:00", "data": {"market": "0x0693b8b816652ffaccc26bb427b6cce45bb115d67272099b2926887535e5afc9", "price_changes": [{"asset_id": "74946975522079318079509513070225196215939799761713121091375829204290589425732", "price": "0.01", "size": "407.03", "side": "BUY", "hash": "6b8fac6adf9a6c6261dc14ccbcdeb20dbb5aba8a", "best_bid": "0.08", "best_ask": "0.94"}, {"asset_id": "81721505239430013991019810869799736619337173083071138249106637200661133740291", "price": "0.99", "size": "407.03", "side": "SELL", "hash": "4ca5deaec99782f59a08504f454b71e656c8e118", "best_bid": "0.06", "best_ask": "0.92"}], "timestamp": "1769384065487", "event_type": "price_change"}}
{"_local_timestamp": "2026-01-25T23:34:26.055921+00:00", "data": {"market": "0x5a8427c8cdf0c6e2d3d57cc3a1a41bbb569874163e30054bf345fe49112a15ef", "price_changes": [{"asset_id": "34193779013502734279815861195346622000900501301795504475259919817070301925357", "price": "0.01", "size": "628.34", "side": "BUY", "hash": "8600019db383e4d552afa27fe02f63b629cf2efc", "best_bid": "0.08", "best_ask": "0.94"}, {"asset_id": "8954646139396785364631380354040982978404704441821017488063971020643817012192", "price": "0.99", "size": "628.34", "side": "SELL", "hash": "4d26f409bdd3a0828ea3cd5bd9925b9b8a92d3fe", "best_bid": "0.06", "best_ask": "0.92"}], "timestamp": "1769384065981", "event_type": "price_change"}}
{"_local_timestamp": "2026-01-25T23:34:26.703678+00:00", "data": {"market": "0x94fa5abd20831c0c43cf0ec22db470eb6c80ef2fa3adfac073e32950fc8802ab", "price_changes": [{"asset_id": "5916832685823968138269757308217557599908458898814870594824381550525040964202", "price": "0.01", "size": "429.53", "side": "BUY", "hash": "1148994fba40cb0ef82a860251ac1d5818b6c3cc", "best_bid": "0.08", "best_ask": "0.94"}, {"asset_id": "114972605862725338638967304006113752725285514617639135351266426933777564469519", "price": "0.99", "size": "429.53", "side": "SELL", "hash": "d6078f01b421f524bedaff227427eb5a9104e7fe", "best_bid": "0.06", "best_ask": "0.92"}], "timestamp": "1769384066609", "event_type": "price_change"}}
{"_local_timestamp": "2026-01-25T23:34:26.711676+00:00", "data": {"market": "0x0693b8b816652ffaccc26bb427b6cce45bb115d67272099b2926887535e5afc9", "price_changes": [{"asset_id": "74946975522079318079509513070225196215939799761713121091375829204290589425732", "price": "0.01", "size": "430.45", "side": "BUY", "hash": "889bb5d31908b4756293f5850fc1614f78814742", "best_bid": "0.08", "best_ask": "0.94"}, {"asset_id": "81721505239430013991019810869799736619337173083071138249106637200661133740291", "price": "0.99", "size": "430.45", "side": "SELL", "hash": "d5a18bd899c8e54cfda102fbb038ed8b0d270302", "best_bid": "0.06", "best_ask": "0.92"}], "timestamp": "1769384066613", "event_type": "price_change"}}
