{"_local_timestamp": "2026-01-25T23:34:16.727566+00:00", "data": [{"market": "0x0ce7a03b44e173fc7bc3c0842b721dd0e5ec391ce9995ec929f3fd52f1da226b", "asset_id": "112257221841089434364577352765624715576392927044195270685462793076380603187971", "timestamp": "1769383071561", "hash": "0b6d66ba3ef1733c7b9bc4a21da770eadf9cfb89", "bids": [{"price": "0.01", "size": "450"}, {"price": "0.02", "size": "385"}], "asks": [{"price": "0.99", "size": "469.87"}, {"price": "0.98", "size": "156.69"}, {"price": "0.97", "size": "84.18"}, {"price": "0.95", "size": "15.11"}], "event_type": "book", "last_trade_price": ""}, {"market": "0x02e9d9ec1cf7fe8c8ec716ba0cb21210d9b0444a6c0ef6705ebf28d15dd2e5d2", "asset_id": "42664615987142241512828173022585993631278899723816663212817701214646338023660", "timestamp": "1769382485619", "hash": "eedb35be4c03441ae47708a44c66f2c989488e65", "bids": [{"price": "0.01", "size": "489.66"}, {"price": "0.02", "size": "160.56"}, {"price": "0.03", "size": "157.07"}, {"price": "0.04", "size": "5.47"}], "asks": [{"price": "0.99", "size": "450"}, {"price": "0.98", "size": "292"}], "event_type": "book", "last_trade_price": ""}, {"market": "0xf3ba7946a8c8601a177e7b89e794d8f73822efe2c6414f307a7324690390dfe7", "asset_id": "66700538761032867573383677462201945282207832156107115096026659339425764035408", "timestamp": "1769382589276", "hash": "b5cc8b71c0b91a0e1e439f984cdcec268b713f20", "bids": [{"price": "0.01", "size": "614.79"}, {"price": "0.02", "size": "157.03"}, {"price": "0.03", "size": "12.74"}, {"price": "0.04", "size": "19"}, {"price": "0.05", "size": "90"}, {"price": "0.06", "size": "43.95"}], "asks": [{"price": "0.99", "size": "614.79"}, {"price": "0.98", "size": "163.72"}, {"price": "0.97", "size": "16"}, {"price": "0.96", "size": "103.21"}, {"price": "0.95", "size": "70"}, {"price": "0.94", "size": "38.48"}], "event_type": "book", "last_trade_price": ""}, {"market": "0xf3ba7946a8c8601a177e7b89e794d8f73822efe2c6414f307a7324690390dfe7", "asset_id": "108247029393967756982912285525899477894878836644740100208426785111479285079587", "timestamp": "1769382589276", "hash": "90242ccb71036ef924180509d6673134f4176beb", "bids": [{"price": "0.01", "size": "614.79"}, {"price": "0.02", "size": "163.72"}, {"price": "0.03", "size": "16"}, {"price": "0.04", "size": "103.21"}, {"price": "0.05", "size": "70"}, {"price": "0.06", "size": "38.48"}], "asks": [{"price": "0.99", "size": "614.79"}, {"price": "0.98", "size": "157.03"}, {"price": "0.97", "size": "12.74"}, {"price": "0.96", "size": "19"}, {"price": "0.95", "size": "90"}, {"price": "0.94", "size": "43.95"}], "event_type": "book", "last_trade_price": ""}, {"market": "0x02e9d9ec1cf7fe8c8ec716ba0cb21210d9b0444a6c0ef6705ebf28d15dd2e5d2", "asset_id": "84540583608697669386452170572689150225171223695843106716802864947681584131725", "timestamp": "1769382485619", "hash": "cd32455d49fa1fd6642e8d189b286e27c7c46b14", "bids": [{"price": "0.01", "size": "450"}, {"price": "0.02", "size": "292"}], "asks": [{"price": "0.99", "size": "489.66"}, {"price": "0.98", "size": "160.56"}, {"price": "0.97", "size": "157.07"}, {"price": "0.96", "size": "5.47"}], "event_type": "book", "last_trade_price": ""}, {"market": "0x67eeab696469bbe406d79fbc06819eb9bd9a8b33bec480887b687014f94b48f9", "asset_id": "33723020137388364822967695180712557880699058962098916278724164320857415604345", "timestamp": "1769382786197", "hash": "a9bc3645d3f6ddaff95fe47425942cd924d04ae8", "bids": [{"price": "0.01", "size": "464.79"}, {"price": "0.02", "size": "156.69"}, {"price": "0.03", "size": "156.56"}, {"price": "0.05", "size": "12.29"}], "asks": [{"price": "0.99", "size": "450"}, {"price": "0.98", "size": "292"}], "event_type": "book", "last_trade_price": ""}, {"market": "0x4a36f748aeabab99739cb90a1b4f8b3628e37ef5790421cc086bccc2e896c0cc", "asset_id": "63193261245795158492475714021232257379990689816264992288754033749623653436917", "timestamp": "1769383260556", "hash": "1ff6c4af460f8a33ae30ef3765e1be043462d7f7", "bids": [{"price": "0.01", "size": "450"}, {"price": "0.02", "size": "385"}], "asks": [{"price": "0.99", "size": "472.79"}, {"price": "0.98", "size": "160.48"}, {"price": "0.97", "size": "99.65"}, {"price": "0.95", "size": "12.73"}], "event_type": "book", "last_trade_price": ""}, {"market": "0x67eeab696469bbe406d79fbc06819eb9bd9a8b33bec480887b687014f94b48f9", "asset_id": "39900122571393754277150374032519993471492425678409024386115913879022520218561", "timestamp": "1769382786197", "hash": "622583691a9661177820310c01945a9ff3d585a6", "bids": [{"price": "0.01", "size": "450"}, {"price": "0.02", "size": "292"}], "asks": [{"price": "0.99", "size": "464.79"}, {"price": "0.98", "size": "156.69"}, {"price": "0.97", "size": "156.56"}, {"price": "0.95", "size": "12.29"}], "event_type": "book", "last_trade_price": ""}, {"market": "0x0ce7a03b44e173fc7bc3c0842b721dd0e5ec391ce9995ec929f3fd52f1da226b", "asset_id": "52299784018129060117664921080662687424588685935101767841998648963741870180312", "timestamp": "1769383071561", "hash": "b4996b3fc4d935dbab34566514c87c22838c5195", "bids": [{"price": "0.01", "size": "469.87"}, {"price": "0.02", "size": "156.69"}, {"price": "0.03", "size": "84.18"}, {"price": "0.05", "size": "15.11"}], "asks": [{"price": "0.99", "size": "450"}, {"price": "0.98", "size": "385"}], "event_type": "book", "last_trade_price": ""}, {"market": "0x4a36f748aeabab99739cb90a1b4f8b3628e37ef5790421cc086bccc2e896c0cc", "asset_id": "54916713628822604031996431885778284434229253909439496832024050626670854217645", "timestamp": "1769383260556", "hash": "324b357304bcb1fbaebc53d51934bc025a58a753", "bids": [{"price": "0.01", "size": "472.79"}, {"price": "0.02", "size": "160.48"}, {"price": "0.03", "size": "99.65"}, {"price": "0.05", "size": "12.73"}], "asks": [{"price": "0.99", "size": "450"}, {"price": "0.98", "size": "385"}], "event_type": "book", "last_trade_price": ""}]}
