{"_local_timestamp": "2026-01-25T23:41:23.198077+00:00", "data": [{"market": "0x7a99fa43fb20c190121a2e396c201ed8cb0e66355e88f87650307bffea6a1474", "asset_id": "55541201505364851662623349120228279583830489211794042305070251849255656284492", "timestamp": "1769383116878", "hash": "3d1aab23d1b51f0e7c8d9f18ff67d91540d72106", "bids": [{"price": "0.01", "size": "614.79"}, {"price": "0.02", "size": "157.03"}, {"price": "0.03", "size": "12.74"}, {"price": "0.05", "size": "128"}, {"price": "0.06", "size": "43.95"}], "asks": [{"price": "0.99", "size": "614.79"}, {"price": "0.98", "size": "13.72"}, {"price": "0.97", "size": "16"}, {"price": "0.96", "size": "104.21"}, {"price": "0.95", "size": "70"}, {"price": "0.94", "size": "38.48"}], "event_type": "book", "last_trade_price": ""}, {"market": "0x651a37754d76399d3be4e8031d673bf19c05c9ea3c0f6da163f6d21c5c8373f2", "asset_id": "27371878665831463593222782026247680485222068016992353832252982858152786555863", "timestamp": "1769384481661", "hash": "d8ebc2c77aa50caec626d11445489bb8418c673f", "bids": [{"price": "0.01", "size": "50"}, {"price": "0.02", "size": "157.52"}, {"price": "0.03", "size": "75"}, {"price": "0.04", "size": "7.91"}, {"price": "0.08", "size": "162.5"}, {"price": "0.09", "size": "5.92"}, {"price": "0.1", "size": "410"}, {"price": "0.2", "size": "100"}], "asks": [{"price": "0.99", "size": "59.79"}, {"price": "0.98", "size": "850"}, {"price": "0.97", "size": "8.04"}, {"price": "0.95", "size": "500"}, {"price": "0.92", "size": "300"}, {"price": "0.91", "size": "7.33"}, {"price": "0.83", "size": "76.47"}, {"price": "0.82", "size": "129.11"}, {"price": "0.3", "size": "100"}], "event_type": "book", "last_trade_price": ""}, {"market": "0x28201e77569190b0f9d7e626352de60d1bdd3526d5d892a371013b7d44cc1d92", "asset_id": "101983727494315963192917979013602507434040621388596630472468752817447527706624", "timestamp": "1769384424940", "hash": "60df0ddb0384ab8ef628041444d3325505529d16", "bids": [{"price": "0.01", "size": "60.32"}, {"price": "0.02", "size": "850"}, {"price": "0.03", "size": "8.47"}, {"price": "0.05", "size": "500"}, {"price": "0.08", "size": "300"}, {"price": "0.09", "size": "7.13"}, {"price": "0.17", "size": "76.47"}, {"price": "0.18", "size": "99.11"}, {"price": "0.5", "size": "100"}], "asks": [{"price": "0.99", "size": "60.92"}, {"price": "0.98", "size": "850"}, {"price": "0.97", "size": "10.22"}, {"price": "0.95", "size": "500"}, {"price": "0.91", "size": "450"}, {"price": "0.9", "size": "5.84"}, {"price": "0.83", "size": "76.47"}, {"price": "0.82", "size": "61.11"}, {"price": "0.6", "size": "100"}], "event_type": "book", "last_trade_price": ""}, {"market": "0x7a99fa43fb20c190121a2e396c201ed8cb0e66355e88f87650307bffea6a1474", "asset_id": "60262062179934371979690540993946636911557519310786859898294045661705079305899", "timestamp": "1769383116878", "hash": "4d048e9f9816ef52984e4596b5d9cdf40fa487bc", "bids": [{"price": "0.01", "size": "614.79"}, {"price": "0.02", "size": "13.72"}, {"price": "0.03", "size": "16"}, {"price": "0.04", "size": "104.21"}, {"price": "0.05", "size": "70"}, {"price": "0.06", "size": "38.48"}], "asks": [{"price": "0.99", "size": "614.79"}, {"price": "0.98", "size": "157.03"}, {"price": "0.97", "size": "12.74"}, {"price": "0.95", "size": "128"}, {"price": "0.94", "size": "43.95"}], "event_type": "book", "last_trade_price": ""}, {"market": "0xe019195360fabc10cde1ed537f0bded7fa0a8dac9e61f521bf3edb2689d67e7f", "asset_id": "107947673203040944959145117375442717551501991571824391528766841673548899094093", "timestamp": "1769384443104", "hash": "af4ed03bd6e5b8d0b8e24d6474c6e35c63b2b88c", "bids": [{"price": "0.01", "size": "59.88"}, {"price": "0.02", "size": "850"}, {"price": "0.03", "size": "8.11"}, {"price": "0.05", "size": "500"}, {"price": "0.08", "size": "300"}, {"price": "0.09", "size": "7.3"}, {"price": "0.17", "size": "76.47"}, {"price": "0.18", "size": "129.11"}, {"price": "0.65", "size": "100"}], "asks": [{"price": "0.99", "size": "59.53"}, {"price": "0.98", "size": "850"}, {"price": "0.97", "size": "7.82"}, {"price": "0.94", "size": "125"}, {"price": "0.93", "size": "9.57"}, {"price": "0.87", "size": "200"}, {"price": "0.86", "size": "78.57"}, {"price": "0.75", "size": "100"}], "event_type": "book", "last_trade_price": ""}, {"market": "0x651a37754d76399d3be4e8031d673bf19c05c9ea3c0f6da163f6d21c5c8373f2", "asset_id": "28348001069566669338735327402725930372759093530001986694291576249092385098456", "timestamp": "1769384481661", "hash": "7e7a9719acd18a26ff1a59d833ca9ff7d82ae13b", "bids": [{"price": "0.01", "size": "59.79"}, {"price": "0.02", "size": "850"}, {"price": "0.03", "size": "8.04"}, {"price": "0.05", "size": "500"}, {"price": "0.08", "size": "300"}, {"price": "0.09", "size": "7.33"}, {"price": "0.17", "size": "76.47"}, {"price": "0.18", "size": "129.11"}, {"price": "0.7", "size": "100"}], "asks": [{"price": "0.99", "size": "50"}, {"price": "0.98", "size": "157.52"}, {"price": "0.97", "size": "75"}, {"price": "0.96", "size": "7.91"}, {"price": "0.92", "size": "162.5"}, {"price": "0.91", "size": "5.92"}, {"price": "0.9", "size": "410"}, {"price": "0.8", "size": "100"}], "event_type": "book", "last_trade_price": ""}, {"market": "0x3e7e5b06f010cb9a52e922efe1be9b7533c0e8d39f76218f39fafed30f5bb3f4", "asset_id": "53630900513800283256561446678819399809132847801578681168074316784043092082407", "timestamp": "1769384385843", "hash": "88edd12537d9b5c364a7ecaf573c6d251bd59772", "bids": [{"price": "0.01", "size": "450"}, {"price": "0.02", "size": "292"}], "asks": [{"price": "0.99", "size": "469.87"}, {"price": "0.98", "size": "156.69"}, {"price": "0.97", "size": "147.18"}, {"price": "0.96", "size": "17.52"}], "event_type": "book", "last_trade_price": ""}, {"market": "0x28201e77569190b0f9d7e626352de60d1bdd3526d5d892a371013b7d44cc1d92", "asset_id": "47370758109814948243922653745153377439972342218065241431167977754879963272526", "timestamp": "1769384424940", "hash": "4cff60eea535fc6c8288737fb3be815d66624d84", "bids": [{"price": "0.01", "size": "60.92"}, {"price": "0.02", "size": "850"}, {"price": "0.03", "size": "10.22"}, {"price": "0.05", "size": "500"}, {"price": "0.09", "size": "450"}, {"price": "0.1", "size": "5.84"}, {"price": "0.17", "size": "76.47"}, {"price": "0.18", "size": "61.11"}, {"price": "0.4", "size": "100"}], "asks": [{"price": "0.99", "size": "60.32"}, {"price": "0.98", "size": "850"}, {"price": "0.97", "size": "8.47"}, {"price": "0.95", "size": "500"}, {"price": "0.92", "size": "300"}, {"price": "0.91", "size": "7.13"}, {"price": "0.83", "size": "76.47"}, {"price": "0.82", "size": "99.11"}, {"price": "0.5", "size": "100"}], "event_type": "book", "last_trade_price": ""}, {"market": "0x3e7e5b06f010cb9a52e922efe1be9b7533c0e8d39f76218f39fafed30f5bb3f4", "asset_id": "63030767397857971568855193440940484731712861458559493304924522435396489585702", "timestamp": "1769384385843", "hash": "aaf8bf8e93104d266344c783dc58d8f2b1014d6d", "bids": [{"price": "0.01", "size": "469.87"}, {"price": "0.02", "size": "156.69"}, {"price": "0.03", "size": "147.18"}, {"price": "0.04", "size": "17.52"}], "asks": [{"price": "0.99", "size": "450"}, {"price": "0.98", "size": "292"}], "event_type": "book", "last_trade_price": ""}, {"market": "0xe019195360fabc10cde1ed537f0bded7fa0a8dac9e61f521bf3edb2689d67e7f", "asset_id": "4163783665180373852605153224212653726641743205366806705730649876537724918334", "timestamp": "1769384443104", "hash": "c6adfde04d9c61c60807b10a37b4790ba4d05baa", "bids": [{"price": "0.01", "size": "59.53"}, {"price": "0.02", "size": "850"}, {"price": "0.03", "size": "7.82"}, {"price": "0.06", "size": "125"}, {"price": "0.07", "size": "9.57"}, {"price": "0.13", "size": "200"}, {"price": "0.14", "size": "78.57"}, {"price": "0.25", "size": "100"}], "asks": [{"price": "0.99", "size": "59.88"}, {"price": "0.98", "size": "850"}, {"price": "0.97", "size": "8.11"}, {"price": "0.95", "size": "500"}, {"price": "0.92", "size": "300"}, {"price": "0.91", "size": "7.3"}, {"price": "0.83", "size": "76.47"}, {"price": "0.82", "size": "129.11"}, {"price": "0.35", "size": "100"}], "event_type": "book", "last_trade_price": ""}]}
