{"_local_timestamp": "2026-01-25T23:41:20.907650+00:00", "data": [{"market": "0x450329069eb405d6f710d55680e9d38356f18dc4f3db1a9c6be0afd24d76a3e7", "asset_id": "91661150368692040482545713077458682165035570706671654028237497026561062485301", "timestamp": "1769384011476", "hash": "76e7d89ae59eaaa664be4412920ce7e6af68dc6b", "bids": [{"price": "0.01", "size": "614.69"}, {"price": "0.02", "size": "813.64"}, {"price": "0.03", "size": "266"}, {"price": "0.04", "size": "239.17"}, {"price": "0.05", "size": "48"}, {"price": "0.06", "size": "11.56"}], "asks": [{"price": "0.99", "size": "628.34"}, {"price": "0.98", "size": "163.62"}, {"price": "0.97", "size": "41.76"}, {"price": "0.96", "size": "518.34"}, {"price": "0.95", "size": "279.61"}, {"price": "0.94", "size": "33"}, {"price": "0.93", "size": "92.39"}, {"price": "0.92", "size": "158"}], "event_type": "book", "last_trade_price": ""}, {"market": "0x450329069eb405d6f710d55680e9d38356f18dc4f3db1a9c6be0afd24d76a3e7", "asset_id": "15683168163815530990964536893333486258351540036307837390920386575059105390370", "timestamp": "1769384011476", "hash": "01c6d99cfcf292840e450e2a3195a264df52ea9c", "bids": [{"price": "0.01", "size": "628.34"}, {"price": "0.02", "size": "163.62"}, {"price": "0.03", "size": "41.76"}, {"price": "0.04", "size": "518.34"}, {"price": "0.05", "size": "279.61"}, {"price": "0.06", "size": "33"}, {"price": "0.07", "size": "92.39"}, {"price": "0.08", "size": "158"}], "asks": [{"price": "0.99", "size": "614.69"}, {"price": "0.98", "size": "813.64"}, {"price": "0.97", "size": "266"}, {"price": "0.96", "size": "239.17"}, {"price": "0.95", "size": "48"}, {"price": "0.94", "size": "11.56"}], "event_type": "book", "last_trade_price": ""}, {"market": "0xbbdd1077c06fec8ec2b6921ed15419469f4d1f257829cb836d461f83244d4445", "asset_id": "45060656709425892528412214582560000744787898319976166784508693745998471841974", "timestamp": "1769384008553", "hash": "b1a72c351ac087dc82688ca30efd0501a31e72af", "bids": [{"price": "0.01", "size": "235.05"}, {"price": "0.02", "size": "160.42"}, {"price": "0.03", "size": "656.36"}, {"price": "0.04", "size": "317.45"}, {"price": "0.05", "size": "403.26"}, {"price": "0.06", "size": "108"}, {"price": "0.07", "size": "162.7"}, {"price": "0.08", "size": "158"}], "asks": [{"price": "0.99", "size": "614.69"}, {"price": "0.98", "size": "1013.64"}, {"price": "0.97", "size": "66"}, {"price": "0.96", "size": "114.17"}, {"price": "0.94", "size": "55.07"}], "event_type": "book", "last_trade_price": ""}, {"market": "0xbbdd1077c06fec8ec2b6921ed15419469f4d1f257829cb836d461f83244d4445", "asset_id": "24499855963135412978840262246174573841529928801538616236864900803542188584788", "timestamp": "1769384008553", "hash": "c35b9c11a45ac8669a0f43216b63763094a75484", "bids": [{"price": "0.01", "size": "614.69"}, {"price": "0.02", "size": "1013.64"}, {"price": "0.03", "size": "66"}, {"price": "0.04", "size": "114.17"}, {"price": "0.06", "size": "55.07"}], "asks": [{"price": "0.99", "size": "235.05"}, {"price": "0.98", "size": "160.42"}, {"price": "0.97", "size": "656.36"}, {"price": "0.96", "size": "317.45"}, {"price": "0.95", "size": "403.26"}, {"price": "0.94", "size": "108"}, {"price": "0.93", "size": "162.7"}, {"price": "0.92", "size": "158"}], "event_type": "book", "last_trade_price": ""}, {"market": "0x70f86ab3893042fc39528f6d2f63844545d13ce9cdd4ebae024807d1cc5989fa", "asset_id": "66207226576126719140038248176866648268331294921471687721370868379503538818464", "timestamp": "1769384011476", "hash": "29154cc720ac4d551394a4681bf7a2338f641ddb", "bids": [{"price": "0.01", "size": "600"}, {"price": "0.02", "size": "800"}, {"price": "0.03", "size": "266"}, {"price": "0.04", "size": "233"}, {"price": "0.05", "size": "48"}, {"price": "0.06", "size": "11.56"}], "asks": [{"price": "0.99", "size": "430.81"}, {"price": "0.98", "size": "436.27"}, {"price": "0.97", "size": "17.51"}, {"price": "0.96", "size": "650"}, {"price": "0.95", "size": "163.94"}, {"price": "0.94", "size": "33"}, {"price": "0.93", "size": "80.06"}, {"price": "0.92", "size": "158"}], "event_type": "book", "last_trade_price": ""}, {"market": "0x70f86ab3893042fc39528f6d2f63844545d13ce9cdd4ebae024807d1cc5989fa", "asset_id": "77292238136294749834662583421930886934931916041644696199414840098699474995499", "timestamp": "1769384011476", "hash": "783ed753eed872e27923ef58b10dc2f050909db0", "bids": [{"price": "0.01", "size": "430.81"}, {"price": "0.02", "size": "436.27"}, {"price": "0.03", "size": "17.51"}, {"price": "0.04", "size": "650"}, {"price": "0.05", "size": "163.94"}, {"price": "0.06", "size": "33"}, {"price": "0.07", "size": "80.06"}, {"price": "0.08", "size": "158"}], "asks": [{"price": "0.99", "size": "600"}, {"price": "0.98", "size": "800"}, {"price": "0.97", "size": "266"}, {"price": "0.96", "size": "233"}, {"price": "0.95", "size": "48"}, {"price": "0.94", "size": "11.56"}], "event_type": "book", "last_trade_price": ""}]}
