{"_local_timestamp": "2026-01-25T23:41:21.074428+00:00", "data": [{"market": "0x0693b8b816652ffaccc26bb427b6cce45bb115d67272099b2926887535e5afc9", "asset_id": "81721505239430013991019810869799736619337173083071138249106637200661133740291", "timestamp": "1769384066613", "hash": "d5a18bd899c8e54cfda102fbb038ed8b0d270302", "bids": [{"price": "0.01", "size": "600"}, {"price": "0.02", "size": "800"}, {"price": "0.03", "size": "266"}, {"price": "0.04", "size": "80.85"}, {"price": "0.05", "size": "40"}, {"price": "0.06", "size": "11.56"}], "asks": [{"price": "0.99", "size": "430.45"}, {"price": "0.98", "size": "436.27"}, {"price": "0.97", "size": "40.25"}, {"price": "0.96", "size": "517.24"}, {"price": "0.95", "size": "277.95"}, {"price": "0.94", "size": "33"}, {"price": "0.93", "size": "94.22"}, {"price": "0.92", "size": "158"}], "event_type": "book", "last_trade_price": ""}, {"market": "0x94fa5abd20831c0c43cf0ec22db470eb6c80ef2fa3adfac073e32950fc8802ab", "asset_id": "114972605862725338638967304006113752725285514617639135351266426933777564469519", "timestamp": "1769384066609", "hash": "d6078f01b421f524bedaff227427eb5a9104e7fe", "bids": [{"price": "0.01", "size": "600"}, {"price": "0.02", "size": "800"}, {"price": "0.03", "size": "266"}, {"price": "0.04", "size": "233"}, {"price": "0.05", "size": "49.03"}, {"price": "0.06", "size": "14.61"}], "asks": [{"price": "0.99", "size": "429.53"}, {"price": "0.98", "size": "436.27"}, {"price": "0.97", "size": "40.25"}, {"price": "0.96", "size": "318.02"}, {"price": "0.95", "size": "479.12"}, {"price": "0.94", "size": "33"}, {"price": "0.93", "size": "144.07"}, {"price": "0.92", "size": "158"}], "event_type": "book", "last_trade_price": ""}, {"market": "0x94fa5abd20831c0c43cf0ec22db470eb6c80ef2fa3adfac073e32950fc8802ab", "asset_id": "5916832685823968138269757308217557599908458898814870594824381550525040964202", "timestamp": "1769384066609", "hash": "1148994fba40cb0ef82a860251ac1d5818b6c3cc", "bids": [{"price": "0.01", "size": "429.53"}, {"price": "0.02", "size": "436.27"}, {"price": "0.03", "size": "40.25"}, {"price": "0.04", "size": "318.02"}, {"price": "0.05", "size": "479.12"}, {"price": "0.06", "size": "33"}, {"price": "0.07", "size": "144.07"}, {"price": "0.08", "size": "158"}], "asks": [{"price": "0.99", "size": "600"}, {"price": "0.98", "size": "800"}, {"price": "0.97", "size": "266"}, {"price": "0.96", "size": "233"}, {"price": "0.95", "size": "49.03"}, {"price": "0.94", "size": "14.61"}], "event_type": "book", "last_trade_price": ""}, {"market": "0x5a8427c8cdf0c6e2d3d57cc3a1a41bbb569874163e30054bf345fe49112a15ef", "asset_id": "8954646139396785364631380354040982978404704441821017488063971020643817012192", "timestamp": "1769384065981", "hash": "4d26f409bdd3a0828ea3cd5bd9925b9b8a92d3fe", "bids": [{"price": "0.01", "size": "614.69"}, {"price": "0.02", "size": "813.64"}, {"price": "0.03", "size": "266"}, {"price": "0.04", "size": "176.17"}, {"price": "0.05", "size": "49.03"}, {"price": "0.06", "size": "14.61"}], "asks": [{"price": "0.99", "size": "628.34"}, {"price": "0.98", "size": "163.62"}, {"price": "0.97", "size": "41.76"}, {"price": "0.96", "size": "643.34"}, {"price": "0.95", "size": "154.61"}, {"price": "0.94", "size": "33"}, {"price": "0.93", "size": "117.39"}, {"price": "0.92", "size": "158"}], "event_type": "book", "last_trade_price": ""}, {"market": "0x0693b8b816652ffaccc26bb427b6cce45bb115d67272099b2926887535e5afc9", "asset_id": "74946975522079318079509513070225196215939799761713121091375829204290589425732", "timestamp": "1769384066613", "hash": "889bb5d31908b4756293f5850fc1614f78814742", "bids": [{"price": "0.01", "size": "430.45"}, {"price": "0.02", "size": "436.27"}, {"price": "0.03", "size": "40.25"}, {"price": "0.04", "size": "517.24"}, {"price": "0.05", "size": "277.95"}, {"price": "0.06", "size": "33"}, {"price": "0.07", "size": "94.22"}, {"price": "0.08", "size": "158"}], "asks": [{"price": "0.99", "size": "600"}, {"price": "0.98", "size": "800"}, {"price": "0.97", "size": "266"}, {"price": "0.96", "size": "80.85"}, {"price": "0.95", "size": "40"}, {"price": "0.94", "size": "11.56"}], "event_type": "book", "last_trade_price": ""}, {"market": "0x5a8427c8cdf0c6e2d3d57cc3a1a41bbb569874163e30054bf345fe49112a15ef", "asset_id": "34193779013502734279815861195346622000900501301795504475259919817070301925357", "timestamp": "1769384065981", "hash": "8600019db383e4d552afa27fe02f63b629cf2efc", "bids": [{"price": "0.01", "size": "628.34"}, {"price": "0.02", "size": "163.62"}, {"price": "0.03", "size": "41.76"}, {"price": "0.04", "size": "643.34"}, {"price": "0.05", "size": "154.61"}, {"price": "0.06", "size": "33"}, {"price": "0.07", "size": "117.39"}, {"price": "0.08", "size": "158"}], "asks": [{"price": "0.99", "size": "614.69"}, {"price": "0.98", "size": "813.64"}, {"price": "0.97", "size": "266"}, {"price": "0.96", "size": "176.17"}, {"price": "0.95", "size": "49.03"}, {"price": "0.94", "size": "14.61"}], "event_type": "book", "last_trade_price": ""}]}
