{"_local_timestamp": "2026-01-25T23:34:35.167679+00:00", "data": [{"market": "0x5f051d0356d020e5424d38b89eec2313c8d297f92e2abc133f2f728f51f8744e", "asset_id": "34494082504693639270157292302851733603092257333212906035643914918773576330248", "timestamp": "1769383751098", "hash": "62e1bb7b73207eb508d9888d3f4aac13d47bee1b", "bids": [{"price": "0.01", "size": "50"}, {"price": "0.02", "size": "5.47"}], "asks": [{"price": "0.99", "size": "3092.91"}, {"price": "0.98", "size": "40.68"}, {"price": "0.97", "size": "228"}, {"price": "0.96", "size": "18.93"}], "event_type": "book", "last_trade_price": ""}, {"market": "0xfacb7e4087be8613f4cd9acab05c6d97a11fdb76f57b002c23f152933c440f28", "asset_id": "101890582583868474861760103637791803921496941850799817510191567828909973769383", "timestamp": "1769382483698", "hash": "0c79fcaa4ee03ba5fee12c4bfefb07df7772c8ce", "bids": [{"price": "0.01", "size": "73.34"}, {"price": "0.02", "size": "136.1"}, {"price": "0.03", "size": "97.04"}, {"price": "0.04", "size": "5.47"}], "asks": [{"price": "0.99", "size": "3102.72"}, {"price": "0.98", "size": "675.43"}, {"price": "0.97", "size": "32.13"}], "event_type": "book", "last_trade_price": ""}, {"market": "0xc2bf7a57e63874193d908c5991d660247442a1d21709ce040fe52b8be1be6987", "asset_id": "104338285377704091779225670910709838536220774169429376851245930943373595956347", "timestamp": "1769383651555", "hash": "a37daa5229dd45d6191f8deba9e73f706968d8f8", "bids": [{"price": "0.01", "size": "3092.91"}, {"price": "0.02", "size": "40.68"}, {"price": "0.03", "size": "228"}, {"price": "0.04", "size": "18.93"}], "asks": [{"price": "0.99", "size": "50"}, {"price": "0.98", "size": "5.47"}], "event_type": "book", "last_trade_price": ""}, {"market": "0xfacb7e4087be8613f4cd9acab05c6d97a11fdb76f57b002c23f152933c440f28", "asset_id": "9852770230969297214694164349604288099010549613966832419008910322297988146895", "timestamp": "1769382483698", "hash": "a8ad0ec7480672a5c733c991cf9bb62843362ab2", "bids": [{"price": "0.01", "size": "3102.72"}, {"price": "0.02", "size": "675.43"}, {"price": "0.03", "size": "32.13"}], "asks": [{"price": "0.99", "size": "73.34"}, {"price": "0.98", "size": "136.1"}, {"price": "0.97", "size": "97.04"}, {"price": "0.96", "size": "5.47"}], "event_type": "book", "last_trade_price": ""}, {"market": "0xc2bf7a57e63874193d908c5991d660247442a1d21709ce040fe52b8be1be6987", "asset_id": "54982626009739264008741282371574307767490440146309288433360400612822518721128", "timestamp": "1769383651555", "hash": "3a80e19e4607272e9a7d1ddf55d2c3ca190a85a6", "bids": [{"price": "0.01", "size": "50"}, {"price": "0.02", "size": "5.47"}], "asks": [{"price": "0.99", "size": "3092.91"}, {"price": "0.98", "size": "40.68"}, {"price": "0.97", "size": "228"}, {"price": "0.96", "size": "18.93"}], "event_type": "book", "last_trade_price": ""}, {"market": "0x5f051d0356d020e5424d38b89eec2313c8d297f92e2abc133f2f728f51f8744e", "asset_id": "84388091280211804245249697269758229549216210714214284137066862758984400512355", "timestamp": "1769383751098", "hash": "182e5a59c274fbc4c3bb75cb6d59769ed319f9f6", "bids": [{"price": "0.01", "size": "3092.91"}, {"price": "0.02", "size": "40.68"}, {"price": "0.03", "size": "228"}, {"price": "0.04", "size": "18.93"}], "asks": [{"price": "0.99", "size": "50"}, {"price": "0.98", "size": "5.47"}], "event_type": "book", "last_trade_price": ""}]}
