{"_local_timestamp": "2026-01-25T23:34:21.801419+00:00", "data": [{"market": "0xf657d9f7e27cafb914979e91d0fc18fca61d4dc8e25fc280ecc2d26839412106", "asset_id": "10150060435861433152766819630280797147634376990306857471800313996111767873078", "timestamp": "1769384007148", "hash": "9953c2a4dfcdcfb6fd1027dc44afc4240a7e2d72", "bids": [{"price": "0.01", "size": "614.69"}, {"price": "0.02", "size": "163.64"}, {"price": "0.03", "size": "66"}, {"price": "0.04", "size": "82.17"}, {"price": "0.05", "size": "60"}, {"price": "0.06", "size": "38.47"}], "asks": [{"price": "0.99", "size": "423.37"}, {"price": "0.98", "size": "536.27"}, {"price": "0.97", "size": "35.51"}, {"price": "0.95", "size": "60"}, {"price": "0.94", "size": "33"}, {"price": "0.93", "size": "56.79"}, {"price": "0.92", "size": "158"}], "event_type": "book", "last_trade_price": ""}, {"market": "0x46a7b595fd494076aa35deaa99ba3e4801f6a7a43a4002ae35599104acab816a", "asset_id": "54034276493884510289510776124998723568425246845545377930777947831936804883299", "timestamp": "1769383092313", "hash": "c597ce0718382fb31f6ab93de553abd92955a280", "bids": [{"price": "0.01", "size": "614.69"}, {"price": "0.02", "size": "163.64"}, {"price": "0.03", "size": "66"}, {"price": "0.04", "size": "79.17"}, {"price": "0.05", "size": "60"}, {"price": "0.06", "size": "38.47"}], "asks": [{"price": "0.99", "size": "632.05"}, {"price": "0.98", "size": "263.62"}, {"price": "0.97", "size": "31.99"}, {"price": "0.95", "size": "60"}, {"price": "0.94", "size": "33"}, {"price": "0.93", "size": "54.39"}, {"price": "0.92", "size": "158"}], "event_type": "book", "last_trade_price": ""}, {"market": "0x46a7b595fd494076aa35deaa99ba3e4801f6a7a43a4002ae35599104acab816a", "asset_id": "75441929800205143669333306508968034736985786566001855558626499440302419186847", "timestamp": "1769383092313", "hash": "d020435ae018879a3e35df34dcfc625e6e43f429", "bids": [{"price": "0.01", "size": "632.05"}, {"price": "0.02", "size": "263.62"}, {"price": "0.03", "size": "31.99"}, {"price": "0.05", "size": "60"}, {"price": "0.06", "size": "33"}, {"price": "0.07", "size": "54.39"}, {"price": "0.08", "size": "158"}], "asks": [{"price": "0.99", "size": "614.69"}, {"price": "0.98", "size": "163.64"}, {"price": "0.97", "size": "66"}, {"price": "0.96", "size": "79.17"}, {"price": "0.95", "size": "60"}, {"price": "0.94", "size": "38.47"}], "event_type": "book", "last_trade_price": ""}, {"market": "0x9abc24dc7424bed42d6ab787ac47ebc84144b720a4847d3be606a44c0431477b", "asset_id": "79926593169824820306133517590104308126129380771407830151592185262934488497752", "timestamp": "1769382502806", "hash": "7025e14cf67f757b441ce63e444f16d21114d6f7", "bids": [{"price": "0.01", "size": "614.69"}, {"price": "0.02", "size": "163.64"}, {"price": "0.03", "size": "66"}, {"price": "0.04", "size": "82.17"}, {"price": "0.05", "size": "60"}, {"price": "0.06", "size": "38.47"}], "asks": [{"price": "0.99", "size": "426.38"}, {"price": "0.98", "size": "536.27"}, {"price": "0.97", "size": "17.56"}, {"price": "0.96", "size": "12.99"}, {"price": "0.95", "size": "60"}, {"price": "0.94", "size": "33"}, {"price": "0.93", "size": "56.63"}, {"price": "0.92", "size": "158"}], "event_type": "book", "last_trade_price": ""}, {"market": "0xf657d9f7e27cafb914979e91d0fc18fca61d4dc8e25fc280ecc2d26839412106", "asset_id": "41781247672897745949407304414018110331100365808935281658882564047635475106160", "timestamp": "1769384007148", "hash": "3c0ff2a501fa6d32e7f7fae5cbf3f994cebc2937", "bids": [{"price": "0.01", "size": "423.37"}, {"price": "0.02", "size": "536.27"}, {"price": "0.03", "size": "35.51"}, {"price": "0.05", "size": "60"}, {"price": "0.06", "size": "33"}, {"price": "0.07", "size": "56.79"}, {"price": "0.08", "size": "158"}], "asks": [{"price": "0.99", "size": "614.69"}, {"price": "0.98", "size": "163.64"}, {"price": "0.97", "size": "66"}, {"price": "0.96", "size": "82.17"}, {"price": "0.95", "size": "60"}, {"price": "0.94", "size": "38.47"}], "event_type": "book", "last_trade_price": ""}, {"market": "0x9abc24dc7424bed42d6ab787ac47ebc84144b720a4847d3be606a44c0431477b", "asset_id": "69022219600949374037318577927340208544302277158360636069680844267060967897829", "timestamp": "1769382502806", "hash": "77b5345e9db348d5eb5527832616feb86f88ec64", "bids": [{"price": "0.01", "size": "426.38"}, {"price": "0.02", "size": "536.27"}, {"price": "0.03", "size": "17.56"}, {"price": "0.04", "size": "12.99"}, {"price": "0.05", "size": "60"}, {"price": "0.06", "size": "33"}, {"price": "0.07", "size": "56.63"}, {"price": "0.08", "size": "158"}], "asks": [{"price": "0.99", "size": "614.69"}, {"price": "0.98", "size": "163.64"}, {"price": "0.97", "size": "66"}, {"price": "0.96", "size": "82.17"}, {"price": "0.95", "size": "60"}, {"price": "0.94", "size": "38.47"}], "event_type": "book", "last_trade_price": ""}]}
{"_local_timestamp": "2026-01-25T23:34:35.375841+00:00", "data": {"market": "0x9abc24dc7424bed42d6ab787ac47ebc84144b720a4847d3be606a44c0431477b", "price_changes": [{"asset_id": "69022219600949374037318577927340208544302277158360636069680844267060967897829", "price": "0.04", "size": "0", "side": "BUY", "hash": "89384831682fea45a68d0ca8cde910e5df43a4fc", "best_bid": "0.08", "best_ask": "0.94"}, {"asset_id": "79926593169824820306133517590104308126129380771407830151592185262934488497752", "price": "0.96", "size": "0", "side": "SELL", "hash": "c12adf6e03bafb413ea3c54307dc3f65d2addffb", "best_bid": "0.06", "best_ask": "0.92"}], "timestamp": "1769384075304", "event_type": "price_change"}}
{"_local_timestamp": "2026-01-25T23:34:35.376611+00:00", "data": {"market": "0x46a7b595fd494076aa35deaa99ba3e4801f6a7a43a4002ae35599104acab816a", "price_changes": [{"asset_id": "75441929800205143669333306508968034736985786566001855558626499440302419186847", "price": "0.01", "size": "600", "side": "BUY", "hash": "a0520ff911a10ca4b0128a9e35e14c2de4078567", "best_bid": "0.08", "best_ask": "0.94"}, {"asset_id": "54034276493884510289510776124998723568425246845545377930777947831936804883299", "price": "0.99", "size": "600", "side": "SELL", "hash": "3a96d86f35f701a9842ff302b01f11449cc48faf", "best_bid": "0.06", "best_ask": "0.92"}], "timestamp": "1769384075304", "event_type": "price_change"}}
{"_local_timestamp": "2026-01-25T23:34:36.782871+00:00", "data": {"market": "0x9abc24dc7424bed42d6ab787ac47ebc84144b720a4847d3be606a44c0431477b", "price_changes": [{"asset_id": "69022219600949374037318577927340208544302277158360636069680844267060967897829", "price": "0.03", "size": "34.88", "side": "BUY", "hash": "b8e9df27b744c9235594c04d4b06a9d8086d9134", "best_bid": "0.08", "best_ask": "0.94"}, {"asset_id": "79926593169824820306133517590104308126129380771407830151592185262934488497752", "price": "0.97", "size": "34.88", "side": "SELL", "hash": "a7eb1ee0cac7fa3bc08668f7900eaa48a0e28dc0", "best_bid": "0.06", "best_ask": "0.92"}], "timestamp": "1769384076709", "event_type": "price_change"}}
{"_local_timestamp": "2026-01-25T23:34:36.783295+00:00", "data": {"market": "0x46a7b595fd494076aa35deaa99ba3e4801f6a7a43a4002ae35599104acab816a", "price_changes": [{"asset_id": "75441929800205143669333306508968034736985786566001855558626499440302419186847", "price": "0.01", "size": "632.05", "side": "BUY", "hash": "fe1a8d889cd54d3c23f7f6f393af2c071f2b1b32", "best_bid": "0.08", "best_ask": "0.94"}, {"asset_id": "54034276493884510289510776124998723568425246845545377930777947831936804883299", "price": "0.99", "size": "632.05", "side": "SELL", "hash": "1993d14c6d20004e7e4aee0002276444c7acbc93", "best_bid": "0.06", "best_ask": "0.92"}], "timestamp": "1769384076709", "event_type": "price_change"}}
