{"_local_timestamp": "2026-01-25T23:41:27.286430+00:00", "data": [{"market": "0x5272fdb03a87172e767f8cf20a5ef9fb70ffa84270e605d3953f31df2787a2dd", "asset_id": "109317395771172673827370907483102418487137744219887486245206030710036604905421", "timestamp": "1769384078533", "hash": "f23733809e360b1e95bd5d563b279f08c88da0c2", "bids": [{"price": "0.01", "size": "614.69"}, {"price": "0.02", "size": "163.64"}, {"price": "0.03", "size": "66"}, {"price": "0.04", "size": "79.17"}, {"price": "0.05", "size": "60"}, {"price": "0.06", "size": "38.47"}], "asks": [{"price": "0.99", "size": "626.47"}, {"price": "0.98", "size": "263.62"}, {"price": "0.97", "size": "33.85"}, {"price": "0.95", "size": "60"}, {"price": "0.94", "size": "63"}, {"price": "0.93", "size": "6.39"}, {"price": "0.92", "size": "158"}], "event_type": "book", "last_trade_price": ""}, {"market": "0xbf84b3e0bb1a0fd9dd08398e3d6683f30e0d385b1976c85c878c79149fe2c655", "asset_id": "56842381164213115157090040334245865191195769433079129127762612283048841451621", "timestamp": "1769384235496", "hash": "bfa15b6a150a367309571c0a555b3aee8b61f8c7", "bids": [{"price": "0.01", "size": "614.69"}, {"price": "0.02", "size": "163.64"}, {"price": "0.03", "size": "66"}, {"price": "0.04", "size": "39.17"}, {"price": "0.05", "size": "60"}, {"price": "0.06", "size": "38.47"}], "asks": [{"price": "0.99", "size": "626.47"}, {"price": "0.98", "size": "263.62"}, {"price": "0.97", "size": "33.85"}, {"price": "0.95", "size": "60"}, {"price": "0.94", "size": "33"}, {"price": "0.93", "size": "54.39"}, {"price": "0.92", "size": "158"}], "event_type": "book", "last_trade_price": ""}, {"market": "0xbf84b3e0bb1a0fd9dd08398e3d6683f30e0d385b1976c85c878c79149fe2c655", "asset_id": "42039269257226118706481840011820893523074052997006224874670184858960603683292", "timestamp": "1769384235496", "hash": "891b32548129ba6c2efacb3e310dfb9a97199836", "bids": [{"price": "0.01", "size": "626.47"}, {"price": "0.02", "size": "263.62"}, {"price": "0.03", "size": "33.85"}, {"price": "0.05", "size": "60"}, {"price": "0.06", "size": "33"}, {"price": "0.07", "size": "54.39"}, {"price": "0.08", "size": "158"}], "asks": [{"price": "0.99", "size": "614.69"}, {"price": "0.98", "size": "163.64"}, {"price": "0.97", "size": "66"}, {"price": "0.96", "size": "39.17"}, {"price": "0.95", "size": "60"}, {"price": "0.94", "size": "38.47"}], "event_type": "book", "last_trade_price": ""}, {"market": "0x88d625b74cd5b1ae1b4bdab3d6c01efdb62eccb581c76e9d81288396f9b4c658", "asset_id": "90471379206253141049264862126510549358721110617854490362737461882693291157855", "timestamp": "1769384225907", "hash": "e37fbc93b2bfc19beb6965016db660533d4b48c2", "bids": [{"price": "0.01", "size": "626.47"}, {"price": "0.02", "size": "263.62"}, {"price": "0.03", "size": "17.22"}, {"price": "0.04", "size": "12.47"}, {"price": "0.05", "size": "60"}, {"price": "0.06", "size": "83"}, {"price": "0.07", "size": "6.39"}, {"price": "0.08", "size": "158"}], "asks": [{"price": "0.99", "size": "614.69"}, {"price": "0.98", "size": "163.64"}, {"price": "0.97", "size": "66"}, {"price": "0.96", "size": "79.17"}, {"price": "0.95", "size": "60"}, {"price": "0.94", "size": "38.47"}], "event_type": "book", "last_trade_price": ""}, {"market": "0x88d625b74cd5b1ae1b4bdab3d6c01efdb62eccb581c76e9d81288396f9b4c658", "asset_id": "103043805308857322480140733614699975354832289315253729593866053675952565103839", "timestamp": "1769384225907", "hash": "5145bce6cc20cfda48cb76fc088d659b657081c6", "bids": [{"price": "0.01", "size": "614.69"}, {"price": "0.02", "size": "163.64"}, {"price": "0.03", "size": "66"}, {"price": "0.04", "size": "79.17"}, {"price": "0.05", "size": "60"}, {"price": "0.06", "size": "38.47"}], "asks": [{"price": "0.99", "size": "626.47"}, {"price": "0.98", "size": "263.62"}, {"price": "0.97", "size": "17.22"}, {"price": "0.96", "size": "12.47"}, {"price": "0.95", "size": "60"}, {"price": "0.94", "size": "83"}, {"price": "0.93", "size": "6.39"}, {"price": "0.92", "size": "158"}], "event_type": "book", "last_trade_price": ""}, {"market": "0x5272fdb03a87172e767f8cf20a5ef9fb70ffa84270e605d3953f31df2787a2dd", "asset_id": "18702029371784139185186162519907855741902263309979051253875912955686508008123", "timestamp": "1769384078533", "hash": "966a29f4b5027106e44a661dd57cc3d946a8d4d9", "bids": [{"price": "0.01", "size": "626.47"}, {"price": "0.02", "size": "263.62"}, {"price": "0.03", "size": "33.85"}, {"price": "0.05", "size": "60"}, {"price": "0.06", "size": "63"}, {"price": "0.07", "size": "6.39"}, {"price": "0.08", "size": "158"}], "asks": [{"price": "0.99", "size": "614.69"}, {"price": "0.98", "size": "163.64"}, {"price": "0.97", "size": "66"}, {"price": "0.96", "size": "79.17"}, {"price": "0.95", "size": "60"}, {"price": "0.94", "size": "38.47"}], "event_type": "book", "last_trade_price": ""}]}
