{"_local_timestamp": "2026-01-25T23:41:20.836246+00:00", "data": [{"market": "0x75a1ffe1f97425e0400a6af149f799d8fccf373bb3db355cf67f1b69f8ad3e78", "asset_id": "34137246278965409070616282619891503323614891775485763850835095177500096237183", "timestamp": "1769382483675", "hash": "1547ec4541ee4527049ce6ac466a4a6f3de10c46", "bids": [{"price": "0.01", "size": "600"}, {"price": "0.02", "size": "1000"}, {"price": "0.03", "size": "66"}, {"price": "0.04", "size": "122"}, {"price": "0.06", "size": "47.99"}], "asks": [{"price": "0.99", "size": "624.74"}, {"price": "0.98", "size": "163.62"}, {"price": "0.97", "size": "41.76"}, {"price": "0.96", "size": "318.34"}, {"price": "0.95", "size": "401.89"}, {"price": "0.94", "size": "108"}, {"price": "0.93", "size": "201.84"}, {"price": "0.92", "size": "158"}], "event_type": "book", "last_trade_price": ""}, {"market": "0x0204d281f9073f7144b5312ecc5d8d1f0d5d30ad1e0ed71eb97d1f8d0a565032", "asset_id": "12676910501602891199142189359106295975315075417751830472848327324335941245616", "timestamp": "1769384058697", "hash": "6d734e04a671fbd1e378d9bbc0aaebe051c8fad5", "bids": [{"price": "0.01", "size": "221.61"}, {"price": "0.02", "size": "160.42"}, {"price": "0.03", "size": "656.36"}, {"price": "0.04", "size": "517.45"}, {"price": "0.05", "size": "270"}, {"price": "0.06", "size": "41.12"}, {"price": "0.07", "size": "102"}, {"price": "0.08", "size": "8.36"}, {"price": "0.09", "size": "79"}], "asks": [{"price": "0.99", "size": "600"}, {"price": "0.98", "size": "925"}, {"price": "0.97", "size": "141"}, {"price": "0.95", "size": "201"}, {"price": "0.94", "size": "11.56"}], "event_type": "book", "last_trade_price": ""}, {"market": "0x75a1ffe1f97425e0400a6af149f799d8fccf373bb3db355cf67f1b69f8ad3e78", "asset_id": "79478912143727232539565799131811688399582664899925905530017125500003496952777", "timestamp": "1769382483675", "hash": "9df50df25a731d7846b9d41f0198e1c3d550de67", "bids": [{"price": "0.01", "size": "624.74"}, {"price": "0.02", "size": "163.62"}, {"price": "0.03", "size": "41.76"}, {"price": "0.04", "size": "318.34"}, {"price": "0.05", "size": "401.89"}, {"price": "0.06", "size": "108"}, {"price": "0.07", "size": "201.84"}, {"price": "0.08", "size": "158"}], "asks": [{"price": "0.99", "size": "600"}, {"price": "0.98", "size": "1000"}, {"price": "0.97", "size": "66"}, {"price": "0.96", "size": "122"}, {"price": "0.94", "size": "47.99"}], "event_type": "book", "last_trade_price": ""}, {"market": "0x23712b5abd874dea0b8aab9aa23cbc7a24114480498c6a1aa3934e3c1b8398b9", "asset_id": "6158339176165182563794103648412563609221730275981861673067957693762223408067", "timestamp": "1769384060655", "hash": "0c2e5452090f891aa5ed2f81c6f668b7182ad3fc", "bids": [{"price": "0.01", "size": "600"}, {"price": "0.02", "size": "1000"}, {"price": "0.03", "size": "66"}, {"price": "0.04", "size": "122"}, {"price": "0.06", "size": "54.27"}], "asks": [{"price": "0.99", "size": "221.61"}, {"price": "0.98", "size": "160.42"}, {"price": "0.97", "size": "656.36"}, {"price": "0.96", "size": "317.45"}, {"price": "0.95", "size": "478.26"}, {"price": "0.94", "size": "33"}, {"price": "0.93", "size": "185.62"}, {"price": "0.92", "size": "158"}], "event_type": "book", "last_trade_price": ""}, {"market": "0x0204d281f9073f7144b5312ecc5d8d1f0d5d30ad1e0ed71eb97d1f8d0a565032", "asset_id": "108425812939776773890728535121555513602820324786634451634746378052523105163671", "timestamp": "1769384058697", "hash": "bad08e5af37259c835537d822b45fb5467304be2", "bids": [{"price": "0.01", "size": "600"}, {"price": "0.02", "size": "925"}, {"price": "0.03", "size": "141"}, {"price": "0.05", "size": "201"}, {"price": "0.06", "size": "11.56"}], "asks": [{"price": "0.99", "size": "221.61"}, {"price": "0.98", "size": "160.42"}, {"price": "0.97", "size": "656.36"}, {"price": "0.96", "size": "517.45"}, {"price": "0.95", "size": "270"}, {"price": "0.94", "size": "41.12"}, {"price": "0.93", "size": "102"}, {"price": "0.92", "size": "8.36"}, {"price": "0.91", "size": "79"}], "event_type": "book", "last_trade_price": ""}, {"market": "0x23712b5abd874dea0b8aab9aa23cbc7a24114480498c6a1aa3934e3c1b8398b9", "asset_id": "28135965096767542715645348505711240849327335102505006838113777916888426549115", "timestamp": "1769384060655", "hash": "4733f16cabc2cfb95e98139f1b32f7688ddc45d4", "bids": [{"price": "0.01", "size": "221.61"}, {"price": "0.02", "size": "160.42"}, {"price": "0.03", "size": "656.36"}, {"price": "0.04", "size": "317.45"}, {"price": "0.05", "size": "478.26"}, {"price": "0.06", "size": "33"}, {"price": "0.07", "size": "185.62"}, {"price": "0.08", "size": "158"}], "asks": [{"price": "0.99", "size": "600"}, {"price": "0.98", "size": "1000"}, {"price": "0.97", "size": "66"}, {"price": "0.96", "size": "122"}, {"price": "0.94", "size": "54.27"}], "event_type": "book", "last_trade_price": ""}]}
{"_local_timestamp": "2026-01-25T23:43:08.101712+00:00", "data": {"market": "0x23712b5abd874dea0b8aab9aa23cbc7a24114480498c6a1aa3934e3c1b8398b9", "price_changes": [{"asset_id": "6158339176165182563794103648412563609221730275981861673067957693762223408067", "price": "0.02", "size": "850", "side": "BUY", "hash": "79a8899de295a3979532238f7ef16aa0ee2b5d2d", "best_bid": "0.06", "best_ask": "0.92"}, {"asset_id": "28135965096767542715645348505711240849327335102505006838113777916888426549115", "price": "0.98", "size": "850", "side": "SELL", "hash": "b33ae64edf8cdd02324f34ac97f9468ef317fca2", "best_bid": "0.08", "best_ask": "0.94"}], "timestamp": "1769384588000", "event_type": "price_change"}}
{"_local_timestamp": "2026-01-25T23:43:08.154670+00:00", "data": {"market": "0x23712b5abd874dea0b8aab9aa23cbc7a24114480498c6a1aa3934e3c1b8398b9", "price_changes": [{"asset_id": "28135965096767542715645348505711240849327335102505006838113777916888426549115", "price": "0.02", "size": "10.42", "side": "BUY", "hash": "4756a7161873411c42d96648aec5fe80ed7e8d50", "best_bid": "0.08", "best_ask": "0.94"}, {"asset_id": "6158339176165182563794103648412563609221730275981861673067957693762223408067", "price": "0.98", "size": "10.42", "side": "SELL", "hash": "4da2ced240fd4da9d6783cb02ecea80df9bf7bfa", "best_bid": "0.06", "best_ask": "0.92"}], "timestamp": "1769384588005", "event_type": "price_change"}}
{"_local_timestamp": "2026-01-25T23:43:12.525142+00:00", "data": {"market": "0x23712b5abd874dea0b8aab9aa23cbc7a24114480498c6a1aa3934e3c1b8398b9", "price_changes": [{"asset_id": "6158339176165182563794103648412563609221730275981861673067957693762223408067", "price": "0.02", "size": "1000", "side": "BUY", "hash": "994192cd7f376058177019f5f77956f68de7b1c7", "best_bid": "0.06", "best_ask": "0.92"}, {"asset_id": "28135965096767542715645348505711240849327335102505006838113777916888426549115", "price": "0.98", "size": "1000", "side": "SELL", "hash": "759fdffc31a5a3fc870dc417dceda5b0f1802d54", "best_bid": "0.08", "best_ask": "0.94"}], "timestamp": "1769384592373", "event_type": "price_change"}}
{"_local_timestamp": "2026-01-25T23:43:12.525669+00:00", "data": {"market": "0x23712b5abd874dea0b8aab9aa23cbc7a24114480498c6a1aa3934e3c1b8398b9", "price_changes": [{"asset_id": "28135965096767542715645348505711240849327335102505006838113777916888426549115", "price": "0.02", "size": "160.42", "side": "BUY", "hash": "913ae05211e932144d461b5ce1ca74a954fdeeef", "best_bid": "0.08", "best_ask": "0.94"}, {"asset_id": "6158339176165182563794103648412563609221730275981861673067957693762223408067", "price": "0.98", "size": "160.42", "side": "SELL", "hash": "e0f25673a31f69bc1b76c317413be7837736ea69", "best_bid": "0.06", "best_ask": "0.92"}], "timestamp": "1769384592374", "event_type": "price_change"}}
