{"_local_timestamp": "2026-01-25T23:41:27.115864+00:00", "data": [{"market": "0x835b692e16db6ad503d55061286085bebe6ddf89aa10a3bd1bfd7fb87a418976", "asset_id": "15271980246860928066673229139320107238910982295420211914248572346292954811535", "timestamp": "1769384015256", "hash": "def07bb3fe70db1763d5562529bbbff051755c08", "bids": [{"price": "0.01", "size": "614.69"}, {"price": "0.02", "size": "163.64"}, {"price": "0.03", "size": "66"}, {"price": "0.04", "size": "82.17"}, {"price": "0.05", "size": "60"}, {"price": "0.06", "size": "38.47"}], "asks": [{"price": "0.99", "size": "626.43"}, {"price": "0.98", "size": "263.62"}, {"price": "0.97", "size": "16.05"}, {"price": "0.95", "size": "70.69"}, {"price": "0.94", "size": "33"}, {"price": "0.93", "size": "56.39"}, {"price": "0.92", "size": "158"}], "event_type": "book", "last_trade_price": ""}, {"market": "0xaabe5cf1b4bfed92b27c4fb01857a82dd501b05db60939292ea20b8d3d399736", "asset_id": "83782248804710501319644953256377750042616880880954933566798265297192156380109", "timestamp": "1769384010887", "hash": "b055c12be2b20dcb5da5c4499c93abd556ada439", "bids": [{"price": "0.01", "size": "614.69"}, {"price": "0.02", "size": "163.64"}, {"price": "0.03", "size": "66"}, {"price": "0.04", "size": "82.17"}, {"price": "0.05", "size": "60"}, {"price": "0.06", "size": "38.47"}], "asks": [{"price": "0.99", "size": "626.47"}, {"price": "0.98", "size": "263.62"}, {"price": "0.97", "size": "33.85"}, {"price": "0.95", "size": "60"}, {"price": "0.94", "size": "33"}, {"price": "0.93", "size": "54.39"}, {"price": "0.92", "size": "158"}], "event_type": "book", "last_trade_price": ""}, {"market": "0xaabe5cf1b4bfed92b27c4fb01857a82dd501b05db60939292ea20b8d3d399736", "asset_id": "56204867555422771295884231334116191104299468423283342503180441690059249129401", "timestamp": "1769384010887", "hash": "3fb54edf719009f9a2f23c2201d24e21887c7c37", "bids": [{"price": "0.01", "size": "626.47"}, {"price": "0.02", "size": "263.62"}, {"price": "0.03", "size": "33.85"}, {"price": "0.05", "size": "60"}, {"price": "0.06", "size": "33"}, {"price": "0.07", "size": "54.39"}, {"price": "0.08", "size": "158"}], "asks": [{"price": "0.99", "size": "614.69"}, {"price": "0.98", "size": "163.64"}, {"price": "0.97", "size": "66"}, {"price": "0.96", "size": "82.17"}, {"price": "0.95", "size": "60"}, {"price": "0.94", "size": "38.47"}], "event_type": "book", "last_trade_price": ""}, {"market": "0x048782eec7cf41e440e547e5854653748a0c89cb476377feb32e7237a0c765ac", "asset_id": "2351931250404761757113582698701234675205174087729475697135354863487330139314", "timestamp": "1769384010074", "hash": "83f43eca3d94f4116b610bdc86061639a66d2a0b", "bids": [{"price": "0.01", "size": "626.47"}, {"price": "0.02", "size": "263.62"}, {"price": "0.03", "size": "17.22"}, {"price": "0.04", "size": "12.47"}, {"price": "0.05", "size": "60"}, {"price": "0.06", "size": "33"}, {"price": "0.07", "size": "54.39"}, {"price": "0.08", "size": "158"}], "asks": [{"price": "0.99", "size": "614.69"}, {"price": "0.98", "size": "163.64"}, {"price": "0.97", "size": "66"}, {"price": "0.96", "size": "82.17"}, {"price": "0.95", "size": "60"}, {"price": "0.94", "size": "38.47"}], "event_type": "book", "last_trade_price": ""}, {"market": "0x048782eec7cf41e440e547e5854653748a0c89cb476377feb32e7237a0c765ac", "asset_id": "61529099965400631282505339734507114346022604784119146212756675542370165809640", "timestamp": "1769384010074", "hash": "2d5a90576be254b7e0c89c4a58231719d35cc175", "bids": [{"price": "0.01", "size": "614.69"}, {"price": "0.02", "size": "163.64"}, {"price": "0.03", "size": "66"}, {"price": "0.04", "size": "82.17"}, {"price": "0.05", "size": "60"}, {"price": "0.06", "size": "38.47"}], "asks": [{"price": "0.99", "size": "626.47"}, {"price": "0.98", "size": "263.62"}, {"price": "0.97", "size": "17.22"}, {"price": "0.96", "size": "12.47"}, {"price": "0.95", "size": "60"}, {"price": "0.94", "size": "33"}, {"price": "0.93", "size": "54.39"}, {"price": "0.92", "size": "158"}], "event_type": "book", "last_trade_price": ""}, {"market": "0x835b692e16db6ad503d55061286085bebe6ddf89aa10a3bd1bfd7fb87a418976", "asset_id": "58678637319453060786763176796070351028079157683123804197639969340602935612059", "timestamp": "1769384015256", "hash": "ee130cb0666cbe8235fb25576769edecccc69391", "bids": [{"price": "0.01", "size": "626.43"}, {"price": "0.02", "size": "263.62"}, {"price": "0.03", "size": "16.05"}, {"price": "0.05", "size": "70.69"}, {"price": "0.06", "size": "33"}, {"price": "0.07", "size": "56.39"}, {"price": "0.08", "size": "158"}], "asks": [{"price": "0.99", "size": "614.69"}, {"price": "0.98", "size": "163.64"}, {"price": "0.97", "size": "66"}, {"price": "0.96", "size": "82.17"}, {"price": "0.95", "size": "60"}, {"price": "0.94", "size": "38.47"}], "event_type": "book", "last_trade_price": ""}]}
