{"_local_timestamp": "2026-01-25T23:41:21.048915+00:00", "data": [{"market": "0x4a1ae6bb4edbc6d0b89d52ab6d0c312c05c7dca81f2d31c8e2ff8d1383812e8a", "asset_id": "109945455589364896262732410985178104503794973858638363267979898880277628619793", "timestamp": "1769384082364", "hash": "9d1ff028d11e4445643d181a30c7e5268a5f6580", "bids": [{"price": "0.01", "size": "234.99"}, {"price": "0.02", "size": "160.42"}, {"price": "0.03", "size": "656.36"}, {"price": "0.04", "size": "517.45"}, {"price": "0.05", "size": "278.26"}, {"price": "0.06", "size": "172"}, {"price": "0.07", "size": "87.7"}], "asks": [{"price": "0.99", "size": "914.69"}, {"price": "0.98", "size": "713.64"}, {"price": "0.97", "size": "141"}, {"price": "0.96", "size": "6.17"}, {"price": "0.94", "size": "51.07"}], "event_type": "book", "last_trade_price": ""}, {"market": "0xde52315d3f4164ce6c1dbffe24fabf9c77e4ffe9147085d40e6348014c10bfa3", "asset_id": "94710494944095208585273217470797443148200809329636776657238621507905008404197", "timestamp": "1769382502805", "hash": "5999357678aa9c9f930e145faf9210d9bd397c45", "bids": [{"price": "0.01", "size": "614.69"}, {"price": "0.02", "size": "813.64"}, {"price": "0.03", "size": "266"}, {"price": "0.04", "size": "176.17"}, {"price": "0.05", "size": "46"}, {"price": "0.06", "size": "5.47"}], "asks": [{"price": "0.99", "size": "625.53"}, {"price": "0.98", "size": "162.32"}, {"price": "0.97", "size": "340.92"}, {"price": "0.96", "size": "417.73"}, {"price": "0.95", "size": "78.69"}, {"price": "0.94", "size": "33"}, {"price": "0.93", "size": "96.52"}, {"price": "0.92", "size": "79"}], "event_type": "book", "last_trade_price": ""}, {"market": "0xde52315d3f4164ce6c1dbffe24fabf9c77e4ffe9147085d40e6348014c10bfa3", "asset_id": "108132715461719855265827853522792336278349375363548191613257765933911570275112", "timestamp": "1769382502805", "hash": "562b94b47c2b015c38c784c9c860e978bae8e478", "bids": [{"price": "0.01", "size": "625.53"}, {"price": "0.02", "size": "162.32"}, {"price": "0.03", "size": "340.92"}, {"price": "0.04", "size": "417.73"}, {"price": "0.05", "size": "78.69"}, {"price": "0.06", "size": "33"}, {"price": "0.07", "size": "96.52"}, {"price": "0.08", "size": "79"}], "asks": [{"price": "0.99", "size": "614.69"}, {"price": "0.98", "size": "813.64"}, {"price": "0.97", "size": "266"}, {"price": "0.96", "size": "176.17"}, {"price": "0.95", "size": "46"}, {"price": "0.94", "size": "5.47"}], "event_type": "book", "last_trade_price": ""}, {"market": "0xd035d2858888e41b4db42ab1a002ad6115d084da65867abf58d8773f9d73f9e0", "asset_id": "53336069845061069099479742210782568061361370564701372569981097499116360280673", "timestamp": "1769382483670", "hash": "bc79264478b74516e43897ec213b6ad42f668d9a", "bids": [{"price": "0.01", "size": "625.53"}, {"price": "0.02", "size": "162.32"}, {"price": "0.03", "size": "340.92"}, {"price": "0.04", "size": "417.73"}, {"price": "0.05", "size": "78.69"}, {"price": "0.06", "size": "151"}, {"price": "0.07", "size": "8.52"}, {"price": "0.08", "size": "79"}], "asks": [{"price": "0.99", "size": "614.69"}, {"price": "0.98", "size": "813.64"}, {"price": "0.97", "size": "266"}, {"price": "0.96", "size": "176.17"}, {"price": "0.95", "size": "49.03"}, {"price": "0.94", "size": "14.61"}], "event_type": "book", "last_trade_price": ""}, {"market": "0x4a1ae6bb4edbc6d0b89d52ab6d0c312c05c7dca81f2d31c8e2ff8d1383812e8a", "asset_id": "37271067001285947806194375480184684999139457932576220308024521851018771282329", "timestamp": "1769384082364", "hash": "2ce3fdf39ecee3d45f7de83bda353a88c974e17d", "bids": [{"price": "0.01", "size": "914.69"}, {"price": "0.02", "size": "713.64"}, {"price": "0.03", "size": "141"}, {"price": "0.04", "size": "6.17"}, {"price": "0.06", "size": "51.07"}], "asks": [{"price": "0.99", "size": "234.99"}, {"price": "0.98", "size": "160.42"}, {"price": "0.97", "size": "656.36"}, {"price": "0.96", "size": "517.45"}, {"price": "0.95", "size": "278.26"}, {"price": "0.94", "size": "172"}, {"price": "0.93", "size": "87.7"}], "event_type": "book", "last_trade_price": ""}, {"market": "0xd035d2858888e41b4db42ab1a002ad6115d084da65867abf58d8773f9d73f9e0", "asset_id": "65921372551311879640314887408856046926198153784267906930577950300321424772424", "timestamp": "1769382483670", "hash": "57d0d260d351b2de95d4dd2c120865ee8b0ce0c1", "bids": [{"price": "0.01", "size": "614.69"}, {"price": "0.02", "size": "813.64"}, {"price": "0.03", "size": "266"}, {"price": "0.04", "size": "176.17"}, {"price": "0.05", "size": "49.03"}, {"price": "0.06", "size": "14.61"}], "asks": [{"price": "0.99", "size": "625.53"}, {"price": "0.98", "size": "162.32"}, {"price": "0.97", "size": "340.92"}, {"price": "0.96", "size": "417.73"}, {"price": "0.95", "size": "78.69"}, {"price": "0.94", "size": "151"}, {"price": "0.93", "size": "8.52"}, {"price": "0.92", "size": "79"}], "event_type": "book", "last_trade_price": ""}]}
