{"_local_timestamp": "2026-01-25T23:41:23.256862+00:00", "data": [{"market": "0x91d3f6453b9068088bacabfefef4fc253f11bd0ebd6152517db2ee8f9a1fed7b", "asset_id": "60797233980962994142024369426688847117310132138205404185212316367263441301940", "timestamp": "1769384392564", "hash": "db6922cc42b3e603d4940e48828924983de2db52", "bids": [{"price": "0.01", "size": "468.08"}, {"price": "0.02", "size": "160.56"}, {"price": "0.03", "size": "146.3"}, {"price": "0.04", "size": "11.21"}, {"price": "0.05", "size": "5.47"}], "asks": [{"price": "0.99", "size": "450"}, {"price": "0.98", "size": "292"}], "event_type": "book", "last_trade_price": ""}, {"market": "0xce08805c0253b6040212dfed70e4fec2dc5c165250f5371becb0afe77ebf7644", "asset_id": "32987985709016845175211736193950180327098442435557529343771329516971296117618", "timestamp": "1769382686106", "hash": "1dceebbd43a041f971b70099a203474a397e0b94", "bids": [{"price": "0.01", "size": "614.79"}, {"price": "0.02", "size": "163.72"}, {"price": "0.03", "size": "16"}, {"price": "0.04", "size": "104.21"}, {"price": "0.05", "size": "80.7"}, {"price": "0.06", "size": "46.17"}], "asks": [{"price": "0.99", "size": "614.79"}, {"price": "0.98", "size": "157.03"}, {"price": "0.97", "size": "12.74"}, {"price": "0.96", "size": "6"}, {"price": "0.95", "size": "100"}, {"price": "0.94", "size": "43.95"}], "event_type": "book", "last_trade_price": ""}, {"market": "0x69c0fe64be84871d7e999d308f2b67ac93dd2661e75e9b86f4864163764f11e5", "asset_id": "87970528862269471156779712403930758886478239863353821817213749421961570874395", "timestamp": "1769382588172", "hash": "b67ccc9f3c30f17592f5e7b532c62db1cac46859", "bids": [{"price": "0.01", "size": "450"}, {"price": "0.02", "size": "292"}], "asks": [{"price": "0.99", "size": "472.29"}, {"price": "0.98", "size": "160.56"}, {"price": "0.97", "size": "151.58"}, {"price": "0.96", "size": "6.21"}, {"price": "0.95", "size": "5.47"}], "event_type": "book", "last_trade_price": ""}, {"market": "0xc3b789e3da9ee1d57c4feb2590949e8d3534456e726988cb52b5138b62a1f2d2", "asset_id": "14272006857616843126301612644736197205513891249420267700354962990891039699356", "timestamp": "1769382483687", "hash": "9af7451ac9b62a67e0e295829b46bfaa9f3eaf78", "bids": [{"price": "0.01", "size": "466.74"}, {"price": "0.02", "size": "158.94"}, {"price": "0.03", "size": "203.44"}, {"price": "0.05", "size": "11.68"}], "asks": [{"price": "0.99", "size": "450"}, {"price": "0.98", "size": "292"}], "event_type": "book", "last_trade_price": ""}, {"market": "0xc3b789e3da9ee1d57c4feb2590949e8d3534456e726988cb52b5138b62a1f2d2", "asset_id": "43180857492275013873426821300324832593206129674624546446776214140771636309879", "timestamp": "1769382483687", "hash": "375518673c3e72c28bc7b60969d5fcc889ca71ec", "bids": [{"price": "0.01", "size": "450"}, {"price": "0.02", "size": "292"}], "asks": [{"price": "0.99", "size": "466.74"}, {"price": "0.98", "size": "158.94"}, {"price": "0.97", "size": "203.44"}, {"price": "0.95", "size": "11.68"}], "event_type": "book", "last_trade_price": ""}, {"market": "0xce08805c0253b6040212dfed70e4fec2dc5c165250f5371becb0afe77ebf7644", "asset_id": "47436221912427706735256387138882923107714511128308935809727518788024043280780", "timestamp": "1769382686106", "hash": "027a96856c38580a81a8992bcde302f23cb62b0e", "bids": [{"price": "0.01", "size": "614.79"}, {"price": "0.02", "size": "157.03"}, {"price": "0.03", "size": "12.74"}, {"price": "0.04", "size": "6"}, {"price": "0.05", "size": "100"}, {"price": "0.06", "size": "43.95"}], "asks": [{"price": "0.99", "size": "614.79"}, {"price": "0.98", "size": "163.72"}, {"price": "0.97", "size": "16"}, {"price": "0.96", "size": "104.21"}, {"price": "0.95", "size": "80.7"}, {"price": "0.94", "size": "46.17"}], "event_type": "book", "last_trade_price": ""}, {"market": "0x0465c84761fc3f9a218518f76952245c99afce8cf1433776ef6125433e634adb", "asset_id": "41569382202346433678631834334812513190774201731173141212648950381437685032296", "timestamp": "1769382484888", "hash": "88fac14b5c4c116050dc6878b34251967b366e61", "bids": [{"price": "0.01", "size": "471.06"}, {"price": "0.02", "size": "157.03"}, {"price": "0.03", "size": "265.62"}, {"price": "0.04", "size": "5.47"}], "asks": [{"price": "0.99", "size": "450"}, {"price": "0.98", "size": "150"}], "event_type": "book", "last_trade_price": ""}, {"market": "0x91d3f6453b9068088bacabfefef4fc253f11bd0ebd6152517db2ee8f9a1fed7b", "asset_id": "55544919262362472058360612976653098725671541808115726770467610856301969568021", "timestamp": "1769384392564", "hash": "605155d4f05e10d540ac3eafe833bf2b75acd149", "bids": [{"price": "0.01", "size": "450"}, {"price": "0.02", "size": "292"}], "asks": [{"price": "0.99", "size": "468.08"}, {"price": "0.98", "size": "160.56"}, {"price": "0.97", "size": "146.3"}, {"price": "0.96", "size": "11.21"}, {"price": "0.95", "size": "5.47"}], "event_type": "book", "last_trade_price": ""}, {"market": "0x0465c84761fc3f9a218518f76952245c99afce8cf1433776ef6125433e634adb", "asset_id": "60616081367307902178997827238557143729418865893710486069459026566497858337006", "timestamp": "1769382484888", "hash": "54c0f1532199de96e260ab55dce113ce9511b47d", "bids": [{"price": "0.01", "size": "450"}, {"price": "0.02", "size": "150"}], "asks": [{"price": "0.99", "size": "471.06"}, {"price": "0.98", "size": "157.03"}, {"price": "0.97", "size": "265.62"}, {"price": "0.96", "size": "5.47"}], "event_type": "book", "last_trade_price": ""}, {"market": "0x69c0fe64be84871d7e999d308f2b67ac93dd2661e75e9b86f4864163764f11e5", "asset_id": "19568938721142732168400624672322386936544253310610261032134867841047417781965", "timestamp": "1769382588172", "hash": "be036115f6e9bafb01d377c1da4153fe35ba82a9", "bids": [{"price": "0.01", "size": "472.29"}, {"price": "0.02", "size": "160.56"}, {"price": "0.03", "size": "151.58"}, {"price": "0.04", "size": "6.21"}, {"price": "0.05", "size": "5.47"}], "asks": [{"price": "0.99", "size": "450"}, {"price": "0.98", "size": "292"}], "event_type": "book", "last_trade_price": ""}]}
{"_local_timestamp": "2026-01-25T23:41:27.101921+00:00", "data": {"market": "0x0465c84761fc3f9a218518f76952245c99afce8cf1433776ef6125433e634adb", "price_changes": [{"asset_id": "60616081367307902178997827238557143729418865893710486069459026566497858337006", "price": "0.02", "size": "0", "side": "BUY", "hash": "e8cd337e8cf83a956cda5fab5bb76030fde40191", "best_bid": "0.01", "best_ask": "0.96"}, {"asset_id": "41569382202346433678631834334812513190774201731173141212648950381437685032296", "price": "0.98", "size": "0", "side": "SELL", "hash": "7bc4ae2ce85a52f79c2d319e7f04151d8776f48e", "best_bid": "0.04", "best_ask": "0.99"}], "timestamp": "1769384487001", "event_type": "price_change"}}
{"_local_timestamp": "2026-01-25T23:41:27.102660+00:00", "data": {"market": "0x0465c84761fc3f9a218518f76952245c99afce8cf1433776ef6125433e634adb", "price_changes": [{"asset_id": "41569382202346433678631834334812513190774201731173141212648950381437685032296", "price": "0.02", "size": "7.03", "side": "BUY", "hash": "c91cde8ea8faa9ca66d7e01fdbd566ae8bf49b12", "best_bid": "0.04", "best_ask": "0.99"}, {"asset_id": "60616081367307902178997827238557143729418865893710486069459026566497858337006", "price": "0.98", "size": "7.03", "side": "SELL", "hash": "98d87a4b6dda89e0a1953d15a0f4f4dcb5c436e5", "best_bid": "0.01", "best_ask": "0.96"}], "timestamp": "1769384487005", "event_type": "price_change"}}
