{"_local_timestamp": "2026-01-25T23:34:14.687289+00:00", "data": [{"market": "0x2fdea9ccedd65c1a06c66dbbc8af536ac3ad9d7425556d32adcc0aafa06a433b", "asset_id": "96739877479897447422779717667317049413427951200346154845846902987140715574583", "timestamp": "1769382483678", "hash": "8b8fc5331db1c971784d7aa866f4caf4cb1314b7", "bids": [{"price": "0.01", "size": "600"}, {"price": "0.02", "size": "1000"}, {"price": "0.03", "size": "66"}, {"price": "0.04", "size": "108"}, {"price": "0.06", "size": "52.17"}], "asks": [{"price": "0.99", "size": "225.48"}, {"price": "0.98", "size": "161.27"}, {"price": "0.97", "size": "625.26"}, {"price": "0.96", "size": "331.02"}, {"price": "0.95", "size": "414.12"}, {"price": "0.94", "size": "108"}, {"price": "0.93", "size": "165.07"}, {"price": "0.92", "size": "316.66"}], "event_type": "book", "last_trade_price": ""}, {"market": "0x95bec28057f225ac1ec67216aa4e79492c07f8dbac709ec8350867040548c0d6", "asset_id": "83448920766699502892512497398490549408979643985401403775895936664105839767660", "timestamp": "1769383609796", "hash": "9b70f8a74761893b69e3245f4a43a05811b2a803", "bids": [{"price": "0.01", "size": "614.69"}, {"price": "0.02", "size": "938.64"}, {"price": "0.03", "size": "141"}, {"price": "0.04", "size": "6.17"}, {"price": "0.05", "size": "190.68"}, {"price": "0.06", "size": "16.47"}], "asks": [{"price": "0.99", "size": "625.53"}, {"price": "0.98", "size": "162.32"}, {"price": "0.97", "size": "40.92"}, {"price": "0.96", "size": "517.73"}, {"price": "0.95", "size": "277.37"}, {"price": "0.94", "size": "33"}, {"price": "0.93", "size": "9.46"}, {"price": "0.92", "size": "51"}, {"price": "0.91", "size": "79"}], "event_type": "book", "last_trade_price": ""}, {"market": "0x95bec28057f225ac1ec67216aa4e79492c07f8dbac709ec8350867040548c0d6", "asset_id": "93929919877073302049405728259394097408200096687041157802625975164608518622847", "timestamp": "1769383609796", "hash": "5b19bb48384b5c24a062d6db51a192ac7e8a7f68", "bids": [{"price": "0.01", "size": "625.53"}, {"price": "0.02", "size": "162.32"}, {"price": "0.03", "size": "40.92"}, {"price": "0.04", "size": "517.73"}, {"price": "0.05", "size": "277.37"}, {"price": "0.06", "size": "33"}, {"price": "0.07", "size": "9.46"}, {"price": "0.08", "size": "51"}, {"price": "0.09", "size": "79"}], "asks": [{"price": "0.99", "size": "614.69"}, {"price": "0.98", "size": "938.64"}, {"price": "0.97", "size": "141"}, {"price": "0.96", "size": "6.17"}, {"price": "0.95", "size": "190.68"}, {"price": "0.94", "size": "16.47"}], "event_type": "book", "last_trade_price": ""}, {"market": "0xb630e9bdebe913d06d1784f58e4ce02589f1664bd573ee949098bd4b631eb837", "asset_id": "52452088278227652607538467781902772113618277771847225332709464649581753032815", "timestamp": "1769382483676", "hash": "1d7ba01738f1002185186b2d9d476eaef5038e8a", "bids": [{"price": "0.01", "size": "221.61"}, {"price": "0.02", "size": "160.42"}, {"price": "0.03", "size": "656.36"}, {"price": "0.04", "size": "517.45"}, {"price": "0.05", "size": "278.26"}, {"price": "0.06", "size": "33"}, {"price": "0.07", "size": "10.61"}, {"price": "0.08", "size": "79"}, {"price": "0.09", "size": "158"}], "asks": [{"price": "0.99", "size": "600"}, {"price": "0.98", "size": "800"}, {"price": "0.97", "size": "266"}, {"price": "0.96", "size": "233"}, {"price": "0.95", "size": "50"}, {"price": "0.94", "size": "13.08"}], "event_type": "book", "last_trade_price": ""}, {"market": "0xb630e9bdebe913d06d1784f58e4ce02589f1664bd573ee949098bd4b631eb837", "asset_id": "115625267827116314194140105016884986106237788464154384364808616224662317025367", "timestamp": "1769382483676", "hash": "f239b17ceea7e3d45df8238b2412785d8d137662", "bids": [{"price": "0.01", "size": "600"}, {"price": "0.02", "size": "800"}, {"price": "0.03", "size": "266"}, {"price": "0.04", "size": "233"}, {"price": "0.05", "size": "50"}, {"price": "0.06", "size": "13.08"}], "asks": [{"price": "0.99", "size": "221.61"}, {"price": "0.98", "size": "160.42"}, {"price": "0.97", "size": "656.36"}, {"price": "0.96", "size": "517.45"}, {"price": "0.95", "size": "278.26"}, {"price": "0.94", "size": "33"}, {"price": "0.93", "size": "10.61"}, {"price": "0.92", "size": "79"}, {"price": "0.91", "size": "158"}], "event_type": "book", "last_trade_price": ""}, {"market": "0x2fdea9ccedd65c1a06c66dbbc8af536ac3ad9d7425556d32adcc0aafa06a433b", "asset_id": "56446737811452255550954585601427311933249265655888962617383992595838444534371", "timestamp": "1769382483678", "hash": "930a328e3d9839a130895891a97f07d4d25e4917", "bids": [{"price": "0.01", "size": "225.48"}, {"price": "0.02", "size": "161.27"}, {"price": "0.03", "size": "625.26"}, {"price": "0.04", "size": "331.02"}, {"price": "0.05", "size": "414.12"}, {"price": "0.06", "size": "108"}, {"price": "0.07", "size": "165.07"}, {"price": "0.08", "size": "316.66"}], "asks": [{"price": "0.99", "size": "600"}, {"price": "0.98", "size": "1000"}, {"price": "0.97", "size": "66"}, {"price": "0.96", "size": "108"}, {"price": "0.94", "size": "52.17"}], "event_type": "book", "last_trade_price": ""}]}
