{"_local_timestamp": "2026-01-25T23:34:14.681200+00:00", "data": [{"market": "0xda26fed52a17e2a3a526b97d7d64c70db03c5fe640a220efe383fc06ec829634", "asset_id": "43218646789548825937802774949087058040683880631166988875297454107449511682193", "timestamp": "1769382166500", "hash": "57d554887439a5213690ee3ab5a3690a9bcb1310", "bids": [{"price": "0.01", "size": "200"}, {"price": "0.02", "size": "150"}, {"price": "0.05", "size": "100"}, {"price": "0.06", "size": "33"}, {"price": "0.08", "size": "300"}, {"price": "0.09", "size": "200"}, {"price": "0.1", "size": "125"}, {"price": "0.11", "size": "325"}, {"price": "0.13", "size": "100"}, {"price": "0.14", "size": "78.57"}, {"price": "0.18", "size": "10"}, {"price": "0.21", "size": "100"}], "asks": [{"price": "0.99", "size": "215.06"}, {"price": "0.98", "size": "850"}, {"price": "0.97", "size": "6.19"}, {"price": "0.95", "size": "520"}, {"price": "0.94", "size": "5.94"}, {"price": "0.89", "size": "350"}, {"price": "0.88", "size": "10.89"}, {"price": "0.76", "size": "300"}, {"price": "0.72", "size": "200"}, {"price": "0.7", "size": "125"}, {"price": "0.68", "size": "75"}, {"price": "0.67", "size": "39.39"}, {"price": "0.65", "size": "31.42"}, {"price": "0.62", "size": "158"}, {"price": "0.31", "size": "100"}], "event_type": "book", "last_trade_price": ""}, {"market": "0x30ddd25a1b0c1509525d87038e64f2425e03f8ffc578703cf7cb541749a3ad60", "asset_id": "39459739291777409824004595129220132083904390291767792161494984876349930755898", "timestamp": "1769383818882", "hash": "d8d55a25bd9f8f0ffb236d40245e302cd7c75b82", "bids": [{"price": "0.01", "size": "200"}, {"price": "0.02", "size": "150"}, {"price": "0.03", "size": "75"}, {"price": "0.05", "size": "100"}, {"price": "0.06", "size": "33"}, {"price": "0.08", "size": "300"}, {"price": "0.09", "size": "200"}, {"price": "0.1", "size": "200"}, {"price": "0.12", "size": "91.66"}, {"price": "0.13", "size": "100"}, {"price": "0.17", "size": "10"}, {"price": "0.2", "size": "100"}], "asks": [{"price": "0.99", "size": "215.01"}, {"price": "0.98", "size": "850"}, {"price": "0.97", "size": "16.79"}, {"price": "0.95", "size": "520"}, {"price": "0.89", "size": "374.23"}, {"price": "0.75", "size": "300"}, {"price": "0.72", "size": "200"}, {"price": "0.69", "size": "125"}, {"price": "0.67", "size": "75"}, {"price": "0.66", "size": "38.23"}, {"price": "0.65", "size": "31.42"}, {"price": "0.64", "size": "316.66"}, {"price": "0.3", "size": "100"}], "event_type": "book", "last_trade_price": ""}, {"market": "0xe01d3ee61ab0ab665c0c093c69b9ed9dc2e92d7b398be7217cbf9eab0ccb4a88", "asset_id": "88923878214739175155818548018491001110533584621259372027005893046017333008927", "timestamp": "1769383071559", "hash": "32d04aa06b1268dad2647e9ff0b8a9c15da45322", "bids": [{"price": "0.01", "size": "66.99"}, {"price": "0.02", "size": "700"}, {"price": "0.03", "size": "14.74"}, {"price": "0.05", "size": "500"}, {"price": "0.08", "size": "300"}, {"price": "0.09", "size": "15.41"}, {"price": "0.17", "size": "300"}, {"price": "0.2", "size": "200"}, {"price": "0.21", "size": "125"}, {"price": "0.22", "size": "62"}, {"price": "0.23", "size": "75"}, {"price": "0.24", "size": "54.16"}, {"price": "0.26", "size": "42.3"}, {"price": "0.27", "size": "79"}, {"price": "0.46", "size": "100"}], "asks": [{"price": "0.99", "size": "200"}, {"price": "0.98", "size": "850"}, {"price": "0.95", "size": "600"}, {"price": "0.94", "size": "33"}, {"price": "0.92", "size": "300"}, {"price": "0.83", "size": "300"}, {"price": "0.8", "size": "200"}, {"price": "0.79", "size": "125"}, {"price": "0.78", "size": "62"}, {"price": "0.77", "size": "75"}, {"price": "0.67", "size": "10"}, {"price": "0.66", "size": "38.23"}, {"price": "0.65", "size": "31.42"}, {"price": "0.56", "size": "100"}], "event_type": "book", "last_trade_price": ""}, {"market": "0x30ddd25a1b0c1509525d87038e64f2425e03f8ffc578703cf7cb541749a3ad60", "asset_id": "62468159970966185773235318019265495555119676317499814794255268687724338409865", "timestamp": "1769383818882", "hash": "1a516d61257e51c830590eed46f788c2454e5401", "bids": [{"price": "0.01", "size": "215.01"}, {"price": "0.02", "size": "850"}, {"price": "0.03", "size": "16.79"}, {"price": "0.05", "size": "520"}, {"price": "0.11", "size": "374.23"}, {"price": "0.25", "size": "300"}, {"price": "0.28", "size": "200"}, {"price": "0.31", "size": "125"}, {"price": "0.33", "size": "75"}, {"price": "0.34", "size": "38.23"}, {"price": "0.35", "size": "31.42"}, {"price": "0.36", "size": "316.66"}, {"price": "0.7", "size": "100"}], "asks": [{"price": "0.99", "size": "200"}, {"price": "0.98", "size": "150"}, {"price": "0.97", "size": "75"}, {"price": "0.95", "size": "100"}, {"price": "0.94", "size": "33"}, {"price": "0.92", "size": "300"}, {"price": "0.91", "size": "200"}, {"price": "0.9", "size": "200"}, {"price": "0.88", "size": "91.66"}, {"price": "0.87", "size": "100"}, {"price": "0.83", "size": "10"}, {"price": "0.8", "size": "100"}], "event_type": "book", "last_trade_price": ""}, {"market": "0xe01d3ee61ab0ab665c0c093c69b9ed9dc2e92d7b398be7217cbf9eab0ccb4a88", "asset_id": "36657478875310289505899256519413973983796869099415148889211720369361046219409", "timestamp": "1769383071559", "hash": "311575cda1d76d7e071b865a734704db533fea72", "bids": [{"price": "0.01", "size": "200"}, {"price": "0.02", "size": "850"}, {"price": "0.05", "size": "600"}, {"price": "0.06", "size": "33"}, {"price": "0.08", "size": "300"}, {"price": "0.17", "size": "300"}, {"price": "0.2", "size": "200"}, {"price": "0.21", "size": "125"}, {"price": "0.22", "size": "62"}, {"price": "0.23", "size": "75"}, {"price": "0.33", "size": "10"}, {"price": "0.34", "size": "38.23"}, {"price": "0.35", "size": "31.42"}, {"price": "0.44", "size": "100"}], "asks": [{"price": "0.99", "size": "66.99"}, {"price": "0.98", "size": "700"}, {"price": "0.97", "size": "14.74"}, {"price": "0.95", "size": "500"}, {"price": "0.92", "size": "300"}, {"price": "0.91", "size": "15.41"}, {"price": "0.83", "size": "300"}, {"price": "0.8", "size": "200"}, {"price": "0.79", "size": "125"}, {"price": "0.78", "size": "62"}, {"price": "0.77", "size": "75"}, {"price": "0.76", "size": "54.16"}, {"price": "0.74", "size": "42.3"}, {"price": "0.73", "size": "79"}, {"price": "0.54", "size": "100"}], "event_type": "book", "last_trade_price": ""}, {"market": "0xda26fed52a17e2a3a526b97d7d64c70db03c5fe640a220efe383fc06ec829634", "asset_id": "15509116792034788279603379459557802175851507951548548794839707588715407896383", "timestamp": "1769382166500", "hash": "2356af22f032ffb7209aba7ee11de0da09410552", "bids": [{"price": "0.01", "size": "215.06"}, {"price": "0.02", "size": "850"}, {"price": "0.03", "size": "6.19"}, {"price": "0.05", "size": "520"}, {"price": "0.06", "size": "5.94"}, {"price": "0.11", "size": "350"}, {"price": "0.12", "size": "10.89"}, {"price": "0.24", "size": "300"}, {"price": "0.28", "size": "200"}, {"price": "0.3", "size": "125"}, {"price": "0.32", "size": "75"}, {"price": "0.33", "size": "39.39"}, {"price": "0.35", "size": "31.42"}, {"price": "0.38", "size": "158"}, {"price": "0.69", "size": "100"}], "asks": [{"price": "0.99", "size": "200"}, {"price": "0.98", "size": "150"}, {"price": "0.95", "size": "100"}, {"price": "0.94", "size": "33"}, {"price": "0.92", "size": "300"}, {"price": "0.91", "size": "200"}, {"price": "0.9", "size": "125"}, {"price": "0.89", "size": "325"}, {"price": "0.87", "size": "100"}, {"price": "0.86", "size": "78.57"}, {"price": "0.82", "size": "10"}, {"price": "0.79", "size": "100"}], "event_type": "book", "last_trade_price": ""}]}
{"_local_timestamp": "2026-01-25T23:34:19.276596+00:00", "data": {"market": "0x30ddd25a1b0c1509525d87038e64f2425e03f8ffc578703cf7cb541749a3ad60", "price_changes": [{"asset_id": "62468159970966185773235318019265495555119676317499814794255268687724338409865", "price": "0.03", "size": "6.17", "side": "BUY", "hash": "701162386206b800187774af243121b556dd4cbb", "best_bid": "0.7", "best_ask": "0.8"}, {"asset_id": "39459739291777409824004595129220132083904390291767792161494984876349930755898", "price": "0.97", "size": "6.17", "side": "SELL", "hash": "a82de05bf906d50284ac9f8443fe0fcccf7a6f1d", "best_bid": "0.2", "best_ask": "0.3"}], "timestamp": "1769384059202", "event_type": "price_change"}}
{"_local_timestamp": "2026-01-25T23:34:19.279742+00:00", "data": {"market": "0x30ddd25a1b0c1509525d87038e64f2425e03f8ffc578703cf7cb541749a3ad60", "price_changes": [{"asset_id": "62468159970966185773235318019265495555119676317499814794255268687724338409865", "price": "0.11", "size": "362", "side": "BUY", "hash": "701162386206b800187774af243121b556dd4cbb", "best_bid": "0.7", "best_ask": "0.8"}, {"asset_id": "39459739291777409824004595129220132083904390291767792161494984876349930755898", "price": "0.89", "size": "362", "side": "SELL", "hash": "a82de05bf906d50284ac9f8443fe0fcccf7a6f1d", "best_bid": "0.2", "best_ask": "0.3"}], "timestamp": "1769384059202", "event_type": "price_change"}}
{"_local_timestamp": "2026-01-25T23:34:20.498748+00:00", "data": {"market": "0x30ddd25a1b0c1509525d87038e64f2425e03f8ffc578703cf7cb541749a3ad60", "price_changes": [{"asset_id": "62468159970966185773235318019265495555119676317499814794255268687724338409865", "price": "0.12", "size": "10.9", "side": "BUY", "hash": "0d4512a1dd460dc444369b1c2035fa44d834898d", "best_bid": "0.7", "best_ask": "0.8"}, {"asset_id": "39459739291777409824004595129220132083904390291767792161494984876349930755898", "price": "0.88", "size": "10.9", "side": "SELL", "hash": "9509256468a71b2770f5bb31045c428a03b17ce3", "best_bid": "0.2", "best_ask": "0.3"}], "timestamp": "1769384060431", "event_type": "price_change"}}
{"_local_timestamp": "2026-01-25T23:34:20.503459+00:00", "data": {"market": "0x30ddd25a1b0c1509525d87038e64f2425e03f8ffc578703cf7cb541749a3ad60", "price_changes": [{"asset_id": "62468159970966185773235318019265495555119676317499814794255268687724338409865", "price": "0.06", "size": "5.92", "side": "BUY", "hash": "fd3348a4602bfeef15c68a332cd4f3b513dcc4ac", "best_bid": "0.7", "best_ask": "0.8"}, {"asset_id": "39459739291777409824004595129220132083904390291767792161494984876349930755898", "price": "0.94", "size": "5.92", "side": "SELL", "hash": "5659dd880bf976d1b5d205c0c1525dd5ed526119", "best_bid": "0.2", "best_ask": "0.3"}], "timestamp": "1769384060433", "event_type": "price_change"}}
