{"_local_timestamp": "2026-01-25T23:34:14.823043+00:00", "data": [{"market": "0x56b3445dabd456ebf156618a8ef46168eb376fbb02dd998465b363787155c9ce", "asset_id": "44387416236635595450083694972111279367549312649450244216188863656937108912434", "timestamp": "1769382484885", "hash": "1f5665f95861c7c19349c6937f88c98bd4529d50", "bids": [{"price": "0.01", "size": "900"}, {"price": "0.02", "size": "700"}, {"price": "0.03", "size": "141"}, {"price": "0.06", "size": "48.77"}], "asks": [{"price": "0.99", "size": "625.53"}, {"price": "0.98", "size": "162.32"}, {"price": "0.97", "size": "340.92"}, {"price": "0.96", "size": "342.73"}, {"price": "0.95", "size": "153.69"}, {"price": "0.94", "size": "33"}, {"price": "0.93", "size": "62.52"}, {"price": "0.92", "size": "79"}], "event_type": "book", "last_trade_price": ""}, {"market": "0x2d36116788cbc1e9284921265165552187e2a932ad210821426cadcef51fd65b", "asset_id": "67166930828971711922288512749855801184448658099641227081133558040899560118438", "timestamp": "1769383110709", "hash": "aa9f817443c5a065b2b21fbbb7d2ab35cb94e398", "bids": [{"price": "0.01", "size": "900"}, {"price": "0.02", "size": "700"}, {"price": "0.03", "size": "141"}, {"price": "0.06", "size": "54.27"}], "asks": [{"price": "0.99", "size": "625.53"}, {"price": "0.98", "size": "162.32"}, {"price": "0.97", "size": "340.92"}, {"price": "0.96", "size": "342.73"}, {"price": "0.95", "size": "153.69"}, {"price": "0.94", "size": "33"}, {"price": "0.93", "size": "54.52"}, {"price": "0.92", "size": "79"}], "event_type": "book", "last_trade_price": ""}, {"market": "0x5bb983f79c2abd4bbffa25209fe32f906b76637dc8f7dcb491c07cc750282eb8", "asset_id": "67708359894387899075582793354622038796924533239008164093482052837228707233546", "timestamp": "1769384047903", "hash": "2c160f77d68d03addd1cbb5a6116967cc1d65b87", "bids": [{"price": "0.01", "size": "231.26"}, {"price": "0.02", "size": "160.46"}, {"price": "0.03", "size": "656.39"}, {"price": "0.04", "size": "517.44"}, {"price": "0.05", "size": "278.25"}, {"price": "0.06", "size": "33"}, {"price": "0.07", "size": "95.23"}, {"price": "0.08", "size": "79"}], "asks": [{"price": "0.99", "size": "914.69"}, {"price": "0.98", "size": "713.64"}, {"price": "0.97", "size": "141"}, {"price": "0.96", "size": "6.17"}, {"price": "0.94", "size": "47.99"}], "event_type": "book", "last_trade_price": ""}, {"market": "0x5bb983f79c2abd4bbffa25209fe32f906b76637dc8f7dcb491c07cc750282eb8", "asset_id": "98895271300843701942963213347511623010053664613490817181197953427663888534314", "timestamp": "1769384047903", "hash": "1e82e46e08a8f3c7a215044c9887d58a4c9a5dab", "bids": [{"price": "0.01", "size": "914.69"}, {"price": "0.02", "size": "713.64"}, {"price": "0.03", "size": "141"}, {"price": "0.04", "size": "6.17"}, {"price": "0.06", "size": "47.99"}], "asks": [{"price": "0.99", "size": "231.26"}, {"price": "0.98", "size": "160.46"}, {"price": "0.97", "size": "656.39"}, {"price": "0.96", "size": "517.44"}, {"price": "0.95", "size": "278.25"}, {"price": "0.94", "size": "33"}, {"price": "0.93", "size": "95.23"}, {"price": "0.92", "size": "79"}], "event_type": "book", "last_trade_price": ""}, {"market": "0x56b3445dabd456ebf156618a8ef46168eb376fbb02dd998465b363787155c9ce", "asset_id": "26186364143775571585042973235438307731844363938150229900190582086780304816855", "timestamp": "1769382484885", "hash": "15b32286be7274d191f69cfb8b239b4b6c5fdea0", "bids": [{"price": "0.01", "size": "625.53"}, {"price": "0.02", "size": "162.32"}, {"price": "0.03", "size": "340.92"}, {"price": "0.04", "size": "342.73"}, {"price": "0.05", "size": "153.69"}, {"price": "0.06", "size": "33"}, {"price": "0.07", "size": "62.52"}, {"price": "0.08", "size": "79"}], "asks": [{"price": "0.99", "size": "900"}, {"price": "0.98", "size": "700"}, {"price": "0.97", "size": "141"}, {"price": "0.94", "size": "48.77"}], "event_type": "book", "last_trade_price": ""}, {"market": "0x2d36116788cbc1e9284921265165552187e2a932ad210821426cadcef51fd65b", "asset_id": "8356833274257981894653770514750140836447366627688429682556311234453998269480", "timestamp": "1769383110709", "hash": "34c9bd15dac4b545c64dd5df0e03717f9f7eaaa6", "bids": [{"price": "0.01", "size": "625.53"}, {"price": "0.02", "size": "162.32"}, {"price": "0.03", "size": "340.92"}, {"price": "0.04", "size": "342.73"}, {"price": "0.05", "size": "153.69"}, {"price": "0.06", "size": "33"}, {"price": "0.07", "size": "54.52"}, {"price": "0.08", "size": "79"}], "asks": [{"price": "0.99", "size": "900"}, {"price": "0.98", "size": "700"}, {"price": "0.97", "size": "141"}, {"price": "0.94", "size": "54.27"}], "event_type": "book", "last_trade_price": ""}]}
{"_local_timestamp": "2026-01-25T23:34:29.557201+00:00", "data": {"market": "0x5bb983f79c2abd4bbffa25209fe32f906b76637dc8f7dcb491c07cc750282eb8", "price_changes": [{"asset_id": "67708359894387899075582793354622038796924533239008164093482052837228707233546", "price": "0.01", "size": "209.59", "side": "BUY", "hash": "8438f7b81286cc4d3cad6e4810fd79427ac7bb4c", "best_bid": "0.08", "best_ask": "0.94"}, {"asset_id": "98895271300843701942963213347511623010053664613490817181197953427663888534314", "price": "0.99", "size": "209.59", "side": "SELL", "hash": "29d7a34c3cef4499b018ef53ab4bee92811cf58f", "best_bid": "0.06", "best_ask": "0.92"}], "timestamp": "1769384069482", "event_type": "price_change"}}
{"_local_timestamp": "2026-01-25T23:34:30.736925+00:00", "data": {"market": "0x5bb983f79c2abd4bbffa25209fe32f906b76637dc8f7dcb491c07cc750282eb8", "price_changes": [{"asset_id": "67708359894387899075582793354622038796924533239008164093482052837228707233546", "price": "0.01", "size": "231.26", "side": "BUY", "hash": "94acf571b3d07af68e0d4795588d61179a6ebd9d", "best_bid": "0.08", "best_ask": "0.94"}, {"asset_id": "98895271300843701942963213347511623010053664613490817181197953427663888534314", "price": "0.99", "size": "231.26", "side": "SELL", "hash": "6a181a889d1bba48bd1f3a2ecb4ca75ab5b6d50e", "best_bid": "0.06", "best_ask": "0.92"}], "timestamp": "1769384070672", "event_type": "price_change"}}
