{"_local_timestamp": "2026-01-25T23:34:14.687318+00:00", "data": [{"market": "0xbef20efcf026c97d352a7df33a6772f7b855ae3656f37ad3cb1ddc6692c3f1e4", "asset_id": "104369483228505873519523325118798479122706629507259937633264837400093936038183", "timestamp": "1769383215837", "hash": "057b78a19548fc1dfe70240f2f4a0265b8a34bfa", "bids": [{"price": "0.01", "size": "430.41"}, {"price": "0.02", "size": "436.27"}, {"price": "0.03", "size": "14.25"}, {"price": "0.04", "size": "525"}, {"price": "0.05", "size": "287.95"}, {"price": "0.06", "size": "33"}, {"price": "0.07", "size": "97.22"}, {"price": "0.08", "size": "158"}], "asks": [{"price": "0.99", "size": "600"}, {"price": "0.98", "size": "1000"}, {"price": "0.97", "size": "66"}, {"price": "0.96", "size": "158"}, {"price": "0.94", "size": "47.99"}], "event_type": "book", "last_trade_price": ""}, {"market": "0x760eef269e6051c7e38cdc60106f4c5833554956779479c6f3d723e351ac08f5", "asset_id": "49890675725042360688088313059712186671425514392804718308705709444870420951401", "timestamp": "1769383213986", "hash": "c00e55b9113764d4f8ca57c6db8660a469193fd0", "bids": [{"price": "0.01", "size": "600"}, {"price": "0.02", "size": "1000"}, {"price": "0.03", "size": "66"}, {"price": "0.04", "size": "158"}, {"price": "0.06", "size": "51.07"}], "asks": [{"price": "0.99", "size": "423.37"}, {"price": "0.98", "size": "436.27"}, {"price": "0.97", "size": "40.25"}, {"price": "0.96", "size": "518.02"}, {"price": "0.95", "size": "270"}, {"price": "0.94", "size": "40.6"}, {"price": "0.93", "size": "158"}, {"price": "0.92", "size": "50.83"}, {"price": "0.91", "size": "79"}], "event_type": "book", "last_trade_price": ""}, {"market": "0x81d466eb2dd7ee61b9c1822c7075a058819a0e71fb26a9a39c2179c3e2979f92", "asset_id": "101066188365847391444319927905858811702338255649552429442412015134898119033192", "timestamp": "1769383260552", "hash": "1f4d85461a6996d5a36ee73757faf3b86aa041f9", "bids": [{"price": "0.01", "size": "600"}, {"price": "0.02", "size": "800"}, {"price": "0.03", "size": "266"}, {"price": "0.04", "size": "210"}, {"price": "0.05", "size": "48"}, {"price": "0.06", "size": "11.56"}], "asks": [{"price": "0.99", "size": "221.61"}, {"price": "0.98", "size": "160.42"}, {"price": "0.97", "size": "623.36"}, {"price": "0.96", "size": "530.45"}, {"price": "0.95", "size": "288.26"}, {"price": "0.94", "size": "33"}, {"price": "0.93", "size": "98.62"}, {"price": "0.92", "size": "158"}], "event_type": "book", "last_trade_price": ""}, {"market": "0xbef20efcf026c97d352a7df33a6772f7b855ae3656f37ad3cb1ddc6692c3f1e4", "asset_id": "23205581828679481162011567399244637343324760106257472039445027855199362810189", "timestamp": "1769383215837", "hash": "7f3679570c6c40190b71ca3203097b3c721ac58e", "bids": [{"price": "0.01", "size": "600"}, {"price": "0.02", "size": "1000"}, {"price": "0.03", "size": "66"}, {"price": "0.04", "size": "158"}, {"price": "0.06", "size": "47.99"}], "asks": [{"price": "0.99", "size": "430.41"}, {"price": "0.98", "size": "436.27"}, {"price": "0.97", "size": "14.25"}, {"price": "0.96", "size": "525"}, {"price": "0.95", "size": "287.95"}, {"price": "0.94", "size": "33"}, {"price": "0.93", "size": "97.22"}, {"price": "0.92", "size": "158"}], "event_type": "book", "last_trade_price": ""}, {"market": "0x81d466eb2dd7ee61b9c1822c7075a058819a0e71fb26a9a39c2179c3e2979f92", "asset_id": "2199484088696107212152968292071727554134141076030073767709128062654440178730", "timestamp": "1769383260552", "hash": "00ba536e5de7b0a8df52a0dad15df1f6e62c6aa0", "bids": [{"price": "0.01", "size": "221.61"}, {"price": "0.02", "size": "160.42"}, {"price": "0.03", "size": "623.36"}, {"price": "0.04", "size": "530.45"}, {"price": "0.05", "size": "288.26"}, {"price": "0.06", "size": "33"}, {"price": "0.07", "size": "98.62"}, {"price": "0.08", "size": "158"}], "asks": [{"price": "0.99", "size": "600"}, {"price": "0.98", "size": "800"}, {"price": "0.97", "size": "266"}, {"price": "0.96", "size": "210"}, {"price": "0.95", "size": "48"}, {"price": "0.94", "size": "11.56"}], "event_type": "book", "last_trade_price": ""}, {"market": "0x760eef269e6051c7e38cdc60106f4c5833554956779479c6f3d723e351ac08f5", "asset_id": "3916688222463875528060435777372200426155331201662519749150248607337124692954", "timestamp": "1769383213986", "hash": "7ec3e52ee31e7d7810363df5c862e1d498530c2c", "bids": [{"price": "0.01", "size": "423.37"}, {"price": "0.02", "size": "436.27"}, {"price": "0.03", "size": "40.25"}, {"price": "0.04", "size": "518.02"}, {"price": "0.05", "size": "270"}, {"price": "0.06", "size": "40.6"}, {"price": "0.07", "size": "158"}, {"price": "0.08", "size": "50.83"}, {"price": "0.09", "size": "79"}], "asks": [{"price": "0.99", "size": "600"}, {"price": "0.98", "size": "1000"}, {"price": "0.97", "size": "66"}, {"price": "0.96", "size": "158"}, {"price": "0.94", "size": "51.07"}], "event_type": "book", "last_trade_price": ""}]}
