{"_local_timestamp": "2026-01-25T23:33:46.152333+00:00", "data": [{"market": "0xa5b719af6cc8429796272dabed54b0bef5a7471edcff5226be4d9dc2ff74e6bc", "asset_id": "65459267857880481830369803861948568974035460866039469490105219368481212520647", "timestamp": "1769383892954", "hash": "164f918e96d7c18b3f565655daeb24d0cff9a59f", "bids": [{"price": "0.001", "size": "2417.99"}, {"price": "0.002", "size": "76.84"}, {"price": "0.003", "size": "59.72"}, {"price": "0.004", "size": "34.74"}, {"price": "0.007", "size": "6.11"}, {"price": "0.008", "size": "5.82"}, {"price": "0.01", "size": "50"}, {"price": "0.011", "size": "8.14"}, {"price": "0.013", "size": "70.59"}, {"price": "0.014", "size": "20.64"}, {"price": "0.021", "size": "74.56"}, {"price": "0.022", "size": "61.15"}], "asks": [{"price": "0.999", "size": "6201.07"}, {"price": "0.998", "size": "1255.04"}, {"price": "0.997", "size": "1000"}, {"price": "0.996", "size": "20.44"}, {"price": "0.99", "size": "5100"}, {"price": "0.98", "size": "2000"}, {"price": "0.979", "size": "14.47"}, {"price": "0.95", "size": "330"}, {"price": "0.93", "size": "300"}, {"price": "0.9", "size": "860"}, {"price": "0.899", "size": "5.93"}, {"price": "0.85", "size": "751.66"}, {"price": "0.81", "size": "100"}, {"price": "0.8", "size": "460"}, {"price": "0.76", "size": "100"}, {"price": "0.75", "size": "212"}, {"price": "0.749", "size": "81"}, {"price": "0.7", "size": "86.66"}, {"price": "0.67", "size": "300"}, {"price": "0.66", "size": "120.58"}, {"price": "0.61", "size": "51.28"}, {"price": "0.52", "size": "260"}, {"price": "0.519", "size": "5"}, {"price": "0.27", "size": "200"}, {"price": "0.181", "size": "100"}, {"price": "0.18", "size": "200"}, {"price": "0.17", "size": "200"}, {"price": "0.109", "size": "100"}, {"price": "0.04", "size": "217.83"}, {"price": "0.037", "size": "2.15"}], "event_type": "book", "last_trade_price": "0.021"}, {"market": "0x9fa5a9291e907fa7bb271f7a130571236c2e4121d9f4a48db6172dea4ca03bc3", "asset_id": "14067016405011170389827231468934152514414980840940183898095512290519534120789", "timestamp": "1769383873900", "hash": "a70c36c9ddbae22af752ce59effb8f1e5a70450e", "bids": [{"price": "0.01", "size": "16101.77"}, {"price": "0.02", "size": "5298"}, {"price": "0.03", "size": "9.12"}, {"price": "0.04", "size": "1524"}, {"price": "0.05", "size": "330"}, {"price": "0.06", "size": "33"}, {"price": "0.08", "size": "256"}, {"price": "0.09", "size": "700"}, {"price": "0.1", "size": "6.28"}, {"price": "0.14", "size": "567.85"}, {"price": "0.16", "size": "128"}, {"price": "0.19", "size": "418.42"}, {"price": "0.2", "size": "121"}, {"price": "0.23", "size": "321.73"}, {"price": "0.27", "size": "50"}, {"price": "0.28", "size": "92.85"}, {"price": "0.32", "size": "64"}, {"price": "0.33", "size": "72.72"}, {"price": "0.37", "size": "179.05"}, {"price": "0.48", "size": "48"}, {"price": "0.51", "size": "100"}, {"price": "0.64", "size": "32"}, {"price": "0.72", "size": "2.14"}, {"price": "0.8", "size": "800"}, {"price": "0.9", "size": "600"}, {"price": "0.91", "size": "15"}], "asks": [{"price": "0.99", "size": "1272.72"}, {"price": "0.98", "size": "1088.15"}, {"price": "0.97", "size": "213.64"}, {"price": "0.96", "size": "500"}, {"price": "0.95", "size": "107.4"}, {"price": "0.94", "size": "452.9"}], "event_type": "book", "last_trade_price": "0.060"}, {"market": "0x9fa5a9291e907fa7bb271f7a130571236c2e4121d9f4a48db6172dea4ca03bc3", "asset_id": "78815142431083849466760320631809378008908419269621506725715368790867448517046", "timestamp": "1769383873900", "hash": "b486df3b997fdc34c0a8fa493d2e7969d383855f", "bids": [{"price": "0.01", "size": "1272.72"}, {"price": "0.02", "size": "1088.15"}, {"price": "0.03", "size": "213.64"}, {"price": "0.04", "size": "500"}, {"price": "0.05", "size": "107.4"}, {"price": "0.06", "size": "452.9"}], "asks": [{"price": "0.99", "size": "16101.77"}, {"price": "0.98", "size": "5298"}, {"price": "0.97", "size": "9.12"}, {"price": "0.96", "size": "1524"}, {"price": "0.95", "size": "330"}, {"price": "0.94", "size": "33"}, {"price": "0.92", "size": "256"}, {"price": "0.91", "size": "700"}, {"price": "0.9", "size": "6.28"}, {"price": "0.86", "size": "567.85"}, {"price": "0.84", "size": "128"}, {"price": "0.81", "size": "418.42"}, {"price": "0.8", "size": "121"}, {"price": "0.77", "size": "321.73"}, {"price": "0.73", "size": "50"}, {"price": "0.72", "size": "92.85"}, {"price": "0.68", "size": "64"}, {"price": "0.67", "size": "72.72"}, {"price": "0.63", "size": "179.05"}, {"price": "0.52", "size": "48"}, {"price": "0.49", "size": "100"}, {"price": "0.36", "size": "32"}, {"price": "0.28", "size": "2.14"}, {"price": "0.2", "size": "800"}, {"price": "0.1", "size": "600"}, {"price": "0.09", "size": "15"}], "event_type": "book", "last_trade_price": "0.060"}, {"market": "0xa5b719af6cc8429796272dabed54b0bef5a7471edcff5226be4d9dc2ff74e6bc", "asset_id": "46455141202335968145313615420847542452126287744713851279502283452441722021320", "timestamp": "1769383892954", "hash": "39faf27d428fc8038f3adda4c0f84ca0540f1bd8", "bids": [{"price": "0.001", "size": "6201.07"}, {"price": "0.002", "size": "1255.04"}, {"price": "0.003", "size": "1000"}, {"price": "0.004", "size": "20.44"}, {"price": "0.01", "size": "5100"}, {"price": "0.02", "size": "2000"}, {"price": "0.021", "size": "14.47"}, {"price": "0.05", "size": "330"}, {"price": "0.07", "size": "300"}, {"price": "0.1", "size": "860"}, {"price": "0.101", "size": "5.93"}, {"price": "0.15", "size": "751.66"}, {"price": "0.19", "size": "100"}, {"price": "0.2", "size": "460"}, {"price": "0.24", "size": "100"}, {"price": "0.25", "size": "212"}, {"price": "0.251", "size": "81"}, {"price": "0.3", "size": "86.66"}, {"price": "0.33", "size": "300"}, {"price": "0.34", "size": "120.58"}, {"price": "0.39", "size": "51.28"}, {"price": "0.48", "size": "260"}, {"price": "0.481", "size": "5"}, {"price": "0.73", "size": "200"}, {"price": "0.819", "size": "100"}, {"price": "0.82", "size": "200"}, {"price": "0.83", "size": "200"}, {"price": "0.891", "size": "100"}, {"price": "0.96", "size": "217.83"}, {"price": "0.963", "size": "2.15"}], "asks": [{"price": "0.999", "size": "2417.99"}, {"price": "0.998", "size": "76.84"}, {"price": "0.997", "size": "59.72"}, {"price": "0.996", "size": "34.74"}, {"price": "0.993", "size": "6.11"}, {"price": "0.992", "size": "5.82"}, {"price": "0.99", "size": "50"}, {"price": "0.989", "size": "8.14"}, {"price": "0.987", "size": "70.59"}, {"price": "0.986", "size": "20.64"}, {"price": "0.979", "size": "74.56"}, {"price": "0.978", "size": "61.15"}], "event_type": "book", "last_trade_price": "0.021"}]}
{"_local_timestamp": "2026-01-25T23:35:48.261556+00:00", "data": {"market": "0x9fa5a9291e907fa7bb271f7a130571236c2e4121d9f4a48db6172dea4ca03bc3", "price_changes": [{"asset_id": "78815142431083849466760320631809378008908419269621506725715368790867448517046", "price": "0.03", "size": "200", "side": "BUY", "hash": "31f3fdede7e6b29d296f9d8e63e5dc070f37d29d", "best_bid": "0.06", "best_ask": "0.09"}, {"asset_id": "14067016405011170389827231468934152514414980840940183898095512290519534120789", "price": "0.97", "size": "200", "side": "SELL", "hash": "d8232285e5b1df69bcd6d11c541eaad783c50663", "best_bid": "0.91", "best_ask": "0.94"}], "timestamp": "1769384148191", "event_type": "price_change"}}
{"_local_timestamp": "2026-01-25T23:35:49.530986+00:00", "data": {"market": "0x9fa5a9291e907fa7bb271f7a130571236c2e4121d9f4a48db6172dea4ca03bc3", "price_changes": [{"asset_id": "78815142431083849466760320631809378008908419269621506725715368790867448517046", "price": "0.03", "size": "213.64", "side": "BUY", "hash": "7d5289e4bea65caedf7a027b5a684b296305c9d5", "best_bid": "0.06", "best_ask": "0.09"}, {"asset_id": "14067016405011170389827231468934152514414980840940183898095512290519534120789", "price": "0.97", "size": "213.64", "side": "SELL", "hash": "49d875ba2a42bd9d2452f40d509e89ca13f9e45a", "best_bid": "0.91", "best_ask": "0.94"}], "timestamp": "1769384149458", "event_type": "price_change"}}
{"_local_timestamp": "2026-01-25T23:37:47.779249+00:00", "data": {"market": "0x9fa5a9291e907fa7bb271f7a130571236c2e4121d9f4a48db6172dea4ca03bc3", "price_changes": [{"asset_id": "78815142431083849466760320631809378008908419269621506725715368790867448517046", "price": "0.03", "size": "200", "side": "BUY", "hash": "43d2b153ee37535ec0e26d8e2019891f90053865", "best_bid": "0.06", "best_ask": "0.09"}, {"asset_id": "14067016405011170389827231468934152514414980840940183898095512290519534120789", "price": "0.97", "size": "200", "side": "SELL", "hash": "a8a913505593778f32337ef133131272bea3966f", "best_bid": "0.91", "best_ask": "0.94"}], "timestamp": "1769384267701", "event_type": "price_change"}}
{"_local_timestamp": "2026-01-25T23:37:48.112278+00:00", "data": {"market": "0x9fa5a9291e907fa7bb271f7a130571236c2e4121d9f4a48db6172dea4ca03bc3", "price_changes": [{"asset_id": "78815142431083849466760320631809378008908419269621506725715368790867448517046", "price": "0.03", "size": "213.64", "side": "BUY", "hash": "249a12c379d527b297d8b53ad9ff06c178d1d258", "best_bid": "0.06", "best_ask": "0.09"}, {"asset_id": "14067016405011170389827231468934152514414980840940183898095512290519534120789", "price": "0.97", "size": "213.64", "side": "SELL", "hash": "c8311f800a691389315a20eaa8f2919493d6d475", "best_bid": "0.91", "best_ask": "0.94"}], "timestamp": "1769384268042", "event_type": "price_change"}}
