{"_local_timestamp": "2026-01-25T23:34:03.285058+00:00", "data": [{"market": "0x6623492071562090590c7ab5ab1be02c89e4bc31b3bd27438e9667bb848242fe", "asset_id": "45408956481026390874409787017898861848521399686484942219494021521682802213145", "timestamp": "1769383960256", "hash": "05d3da284a82e74ba8ceed599c1d1bd1fcc831af", "bids": [{"price": "0.01", "size": "1587.21"}, {"price": "0.02", "size": "2100"}, {"price": "0.03", "size": "256.78"}, {"price": "0.06", "size": "216.66"}, {"price": "0.07", "size": "10.05"}, {"price": "0.26", "size": "10"}, {"price": "0.27", "size": "40.74"}, {"price": "0.32", "size": "100"}, {"price": "0.34", "size": "1565"}], "asks": [{"price": "0.99", "size": "2212.96"}, {"price": "0.98", "size": "1475"}, {"price": "0.97", "size": "608.18"}, {"price": "0.92", "size": "400"}, {"price": "0.91", "size": "7.27"}, {"price": "0.85", "size": "400"}, {"price": "0.51", "size": "8.16"}, {"price": "0.5", "size": "26"}, {"price": "0.49", "size": "21.56"}, {"price": "0.44", "size": "150"}, {"price": "0.42", "size": "100"}, {"price": "0.39", "size": "695"}], "event_type": "book", "last_trade_price": ""}, {"market": "0x6623492071562090590c7ab5ab1be02c89e4bc31b3bd27438e9667bb848242fe", "asset_id": "44148537384395546495344999138620692814118543037237519164767817634939157094268", "timestamp": "1769383960256", "hash": "acbed10ccb577e1ce85663d2a7f6fbd5976ef7f1", "bids": [{"price": "0.01", "size": "2212.96"}, {"price": "0.02", "size": "1475"}, {"price": "0.03", "size": "608.18"}, {"price": "0.08", "size": "400"}, {"price": "0.09", "size": "7.27"}, {"price": "0.15", "size": "400"}, {"price": "0.49", "size": "8.16"}, {"price": "0.5", "size": "26"}, {"price": "0.51", "size": "21.56"}, {"price": "0.56", "size": "150"}, {"price": "0.58", "size": "100"}, {"price": "0.61", "size": "695"}], "asks": [{"price": "0.99", "size": "1587.21"}, {"price": "0.98", "size": "2100"}, {"price": "0.97", "size": "256.78"}, {"price": "0.94", "size": "216.66"}, {"price": "0.93", "size": "10.05"}, {"price": "0.74", "size": "10"}, {"price": "0.73", "size": "40.74"}, {"price": "0.68", "size": "100"}, {"price": "0.66", "size": "1565"}], "event_type": "book", "last_trade_price": ""}]}
{"_local_timestamp": "2026-01-25T23:36:05.071498+00:00", "data": {"market": "0x6623492071562090590c7ab5ab1be02c89e4bc31b3bd27438e9667bb848242fe", "price_changes": [{"asset_id": "44148537384395546495344999138620692814118543037237519164767817634939157094268", "price": "0.56", "size": "0", "side": "BUY", "hash": "8b0b0248dfd01cf8eef8e3f13559a5ebf34cc7d8", "best_bid": "0.61", "best_ask": "0.66"}, {"asset_id": "45408956481026390874409787017898861848521399686484942219494021521682802213145", "price": "0.44", "size": "0", "side": "SELL", "hash": "1e61646b70de9aba8f79898b7af04935f1beae4f", "best_bid": "0.34", "best_ask": "0.39"}], "timestamp": "1769384165000", "event_type": "price_change"}}
{"_local_timestamp": "2026-01-25T23:36:05.072454+00:00", "data": {"market": "0x6623492071562090590c7ab5ab1be02c89e4bc31b3bd27438e9667bb848242fe", "price_changes": [{"asset_id": "45408956481026390874409787017898861848521399686484942219494021521682802213145", "price": "0.34", "size": "1415", "side": "BUY", "hash": "989f1cbeebd45e31cfe1df51d6642eae4728ef2e", "best_bid": "0.34", "best_ask": "0.39"}, {"asset_id": "44148537384395546495344999138620692814118543037237519164767817634939157094268", "price": "0.66", "size": "1415", "side": "SELL", "hash": "090137c4357961aacfb002cd26f922bb7286d07c", "best_bid": "0.61", "best_ask": "0.66"}], "timestamp": "1769384165000", "event_type": "price_change"}}
{"_local_timestamp": "2026-01-25T23:36:09.822729+00:00", "data": {"market": "0x6623492071562090590c7ab5ab1be02c89e4bc31b3bd27438e9667bb848242fe", "price_changes": [{"asset_id": "44148537384395546495344999138620692814118543037237519164767817634939157094268", "price": "0.56", "size": "150", "side": "BUY", "hash": "e2e4bf4d0043a45f17a72c399ce0575125a2e227", "best_bid": "0.61", "best_ask": "0.66"}, {"asset_id": "45408956481026390874409787017898861848521399686484942219494021521682802213145", "price": "0.44", "size": "150", "side": "SELL", "hash": "799b9e8cb98d52eb0c6040a9784a5b84688db52b", "best_bid": "0.34", "best_ask": "0.39"}], "timestamp": "1769384169753", "event_type": "price_change"}}
{"_local_timestamp": "2026-01-25T23:36:09.831160+00:00", "data": {"market": "0x6623492071562090590c7ab5ab1be02c89e4bc31b3bd27438e9667bb848242fe", "price_changes": [{"asset_id": "45408956481026390874409787017898861848521399686484942219494021521682802213145", "price": "0.34", "size": "1565", "side": "BUY", "hash": "af796641633157f7445d7a0c04b146bd5487c333", "best_bid": "0.34", "best_ask": "0.39"}, {"asset_id": "44148537384395546495344999138620692814118543037237519164767817634939157094268", "price": "0.66", "size": "1565", "side": "SELL", "hash": "48d6fca52f50bc8c42ed12f8258d9b8b2c73c6a4", "best_bid": "0.61", "best_ask": "0.66"}], "timestamp": "1769384169754", "event_type": "price_change"}}
{"_local_timestamp": "2026-01-25T23:36:58.404434+00:00", "data": {"market": "0x6623492071562090590c7ab5ab1be02c89e4bc31b3bd27438e9667bb848242fe", "price_changes": [{"asset_id": "44148537384395546495344999138620692814118543037237519164767817634939157094268", "price": "0.15", "size": "300", "side": "BUY", "hash": "1266131d20893b44a132c1a3d7927a32792bf3ab", "best_bid": "0.61", "best_ask": "0.66"}, {"asset_id": "45408956481026390874409787017898861848521399686484942219494021521682802213145", "price": "0.85", "size": "300", "side": "SELL", "hash": "8d034227cde63d448ee9bae40a6b4ca4d660a465", "best_bid": "0.34", "best_ask": "0.39"}], "timestamp": "1769384218093", "event_type": "price_change"}}
{"_local_timestamp": "2026-01-25T23:37:37.948770+00:00", "data": {"market": "0x6623492071562090590c7ab5ab1be02c89e4bc31b3bd27438e9667bb848242fe", "price_changes": [{"asset_id": "44148537384395546495344999138620692814118543037237519164767817634939157094268", "price": "0.15", "size": "200", "side": "BUY", "hash": "800c6e656b4930ba97451fca3edf4fe64ccc39df", "best_bid": "0.61", "best_ask": "0.66"}, {"asset_id": "45408956481026390874409787017898861848521399686484942219494021521682802213145", "price": "0.85", "size": "200", "side": "SELL", "hash": "a1f44af3c7bd03c92a6882551337a63fd9f2cc71", "best_bid": "0.34", "best_ask": "0.39"}], "timestamp": "1769384257882", "event_type": "price_change"}}
{"_local_timestamp": "2026-01-25T23:37:38.234532+00:00", "data": {"market": "0x6623492071562090590c7ab5ab1be02c89e4bc31b3bd27438e9667bb848242fe", "price_changes": [{"asset_id": "44148537384395546495344999138620692814118543037237519164767817634939157094268", "price": "0.08", "size": "500", "side": "BUY", "hash": "684b87d610b3347951b0705a8f9a5336d9ed3e21", "best_bid": "0.61", "best_ask": "0.66"}, {"asset_id": "45408956481026390874409787017898861848521399686484942219494021521682802213145", "price": "0.92", "size": "500", "side": "SELL", "hash": "13d2892c424a7f29273d8e8f03bfd1d7ebd2d243", "best_bid": "0.34", "best_ask": "0.39"}], "timestamp": "1769384258164", "event_type": "price_change"}}
{"_local_timestamp": "2026-01-25T23:37:52.965904+00:00", "data": {"market": "0x6623492071562090590c7ab5ab1be02c89e4bc31b3bd27438e9667bb848242fe", "price_changes": [{"asset_id": "44148537384395546495344999138620692814118543037237519164767817634939157094268", "price": "0.16", "size": "200", "side": "BUY", "hash": "18ce644ad7668a779d8076f499d7718a96df9adc", "best_bid": "0.61", "best_ask": "0.66"}, {"asset_id": "45408956481026390874409787017898861848521399686484942219494021521682802213145", "price": "0.84", "size": "200", "side": "SELL", "hash": "f94ca75fbd02e986cbc973da8256b4d50b5ef4f3", "best_bid": "0.34", "best_ask": "0.39"}], "timestamp": "1769384272785", "event_type": "price_change"}}
