{"_local_timestamp": "2026-01-25T23:33:31.952943+00:00", "data": [{"market": "0x173c9a8c124777f2efb35508135163727a9ae551bfb3233d06492d789ab8dbde", "asset_id": "75261924073222569186024612262830688258854850931901632873937067600470528953436", "timestamp": "1769383803880", "hash": "9fdcb161af07791630747c97a08f43f81deb7ec6", "bids": [{"price": "0.01", "size": "767.4"}, {"price": "0.02", "size": "508.36"}, {"price": "0.03", "size": "510.49"}, {"price": "0.04", "size": "320"}, {"price": "0.05", "size": "315.81"}, {"price": "0.06", "size": "266.66"}, {"price": "0.07", "size": "5.63"}, {"price": "0.09", "size": "66.66"}, {"price": "0.1", "size": "106.59"}, {"price": "0.11", "size": "9.19"}, {"price": "0.13", "size": "74.35"}], "asks": [{"price": "0.99", "size": "5810.5"}, {"price": "0.98", "size": "2200"}, {"price": "0.97", "size": "9.81"}, {"price": "0.95", "size": "30"}, {"price": "0.94", "size": "33"}, {"price": "0.91", "size": "500"}, {"price": "0.9", "size": "6"}, {"price": "0.89", "size": "550"}, {"price": "0.81", "size": "450"}, {"price": "0.8", "size": "66.66"}, {"price": "0.79", "size": "8.5"}, {"price": "0.75", "size": "93"}, {"price": "0.67", "size": "66.66"}, {"price": "0.54", "size": "100"}, {"price": "0.53", "size": "15"}, {"price": "0.52", "size": "66.66"}], "event_type": "book", "last_trade_price": ""}, {"market": "0xfca8283b2e4ec0825818ca2b93860cd47c7c7d07d57fb581b9bc1f1593ddda7a", "asset_id": "92366606754622534078995797765190732003960647316450324078089268695674720585270", "timestamp": "1769383894961", "hash": "26b80592d612bba691f7615d325ed93b9e93c356", "bids": [{"price": "0.01", "size": "80.18"}, {"price": "0.02", "size": "23.8"}, {"price": "0.04", "size": "78.66"}, {"price": "0.05", "size": "56"}, {"price": "0.06", "size": "6.48"}, {"price": "0.09", "size": "77.76"}], "asks": [{"price": "0.99", "size": "3325.5"}, {"price": "0.98", "size": "533.69"}, {"price": "0.97", "size": "1300"}, {"price": "0.96", "size": "205.89"}, {"price": "0.95", "size": "220"}, {"price": "0.94", "size": "333"}, {"price": "0.93", "size": "21.46"}, {"price": "0.89", "size": "225"}, {"price": "0.84", "size": "150"}, {"price": "0.76", "size": "66.66"}, {"price": "0.75", "size": "139"}, {"price": "0.74", "size": "7"}, {"price": "0.73", "size": "20"}, {"price": "0.53", "size": "35"}, {"price": "0.52", "size": "66.66"}], "event_type": "book", "last_trade_price": ""}, {"market": "0x173c9a8c124777f2efb35508135163727a9ae551bfb3233d06492d789ab8dbde", "asset_id": "43717234548449575192910846885398999330517160165994032544710768432108823933606", "timestamp": "1769383803880", "hash": "6e9ca7a80292159e087528145761be0b1fc6634c", "bids": [{"price": "0.01", "size": "5810.5"}, {"price": "0.02", "size": "2200"}, {"price": "0.03", "size": "9.81"}, {"price": "0.05", "size": "30"}, {"price": "0.06", "size": "33"}, {"price": "0.09", "size": "500"}, {"price": "0.1", "size": "6"}, {"price": "0.11", "size": "550"}, {"price": "0.19", "size": "450"}, {"price": "0.2", "size": "66.66"}, {"price": "0.21", "size": "8.5"}, {"price": "0.25", "size": "93"}, {"price": "0.33", "size": "66.66"}, {"price": "0.46", "size": "100"}, {"price": "0.47", "size": "15"}, {"price": "0.48", "size": "66.66"}], "asks": [{"price": "0.99", "size": "767.4"}, {"price": "0.98", "size": "508.36"}, {"price": "0.97", "size": "510.49"}, {"price": "0.96", "size": "320"}, {"price": "0.95", "size": "315.81"}, {"price": "0.94", "size": "266.66"}, {"price": "0.93", "size": "5.63"}, {"price": "0.91", "size": "66.66"}, {"price": "0.9", "size": "106.59"}, {"price": "0.89", "size": "9.19"}, {"price": "0.87", "size": "74.35"}], "event_type": "book", "last_trade_price": ""}, {"market": "0xfca8283b2e4ec0825818ca2b93860cd47c7c7d07d57fb581b9bc1f1593ddda7a", "asset_id": "95584815061070935992736235441185075094312967902658270690511156894883546406146", "timestamp": "1769383894961", "hash": "06f118be767786ddd0524b7cd34eba48595c7711", "bids": [{"price": "0.01", "size": "3325.5"}, {"price": "0.02", "size": "533.69"}, {"price": "0.03", "size": "1300"}, {"price": "0.04", "size": "205.89"}, {"price": "0.05", "size": "220"}, {"price": "0.06", "size": "333"}, {"price": "0.07", "size": "21.46"}, {"price": "0.11", "size": "225"}, {"price": "0.16", "size": "150"}, {"price": "0.24", "size": "66.66"}, {"price": "0.25", "size": "139"}, {"price": "0.26", "size": "7"}, {"price": "0.27", "size": "20"}, {"price": "0.47", "size": "35"}, {"price": "0.48", "size": "66.66"}], "asks": [{"price": "0.99", "size": "80.18"}, {"price": "0.98", "size": "23.8"}, {"price": "0.96", "size": "78.66"}, {"price": "0.95", "size": "56"}, {"price": "0.94", "size": "6.48"}, {"price": "0.91", "size": "77.76"}], "event_type": "book", "last_trade_price": ""}]}
{"_local_timestamp": "2026-01-25T23:34:12.933365+00:00", "data": {"market": "0xfca8283b2e4ec0825818ca2b93860cd47c7c7d07d57fb581b9bc1f1593ddda7a", "price_changes": [{"asset_id": "95584815061070935992736235441185075094312967902658270690511156894883546406146", "price": "0.06", "size": "233", "side": "BUY", "hash": "8c2ae41830141c3c45c149101b33874cf307291d", "best_bid": "0.48", "best_ask": "0.91"}, {"asset_id": "92366606754622534078995797765190732003960647316450324078089268695674720585270", "price": "0.94", "size": "233", "side": "SELL", "hash": "995078243866ba3af613ffb1d0996fb12a931f2b", "best_bid": "0.09", "best_ask": "0.52"}], "timestamp": "1769384052806", "event_type": "price_change"}}
{"_local_timestamp": "2026-01-25T23:34:13.477616+00:00", "data": {"market": "0xfca8283b2e4ec0825818ca2b93860cd47c7c7d07d57fb581b9bc1f1593ddda7a", "price_changes": [{"asset_id": "95584815061070935992736235441185075094312967902658270690511156894883546406146", "price": "0.04", "size": "305.89", "side": "BUY", "hash": "e544b85c7cb223725bb9097e4099ee3eb500e03e", "best_bid": "0.48", "best_ask": "0.91"}, {"asset_id": "92366606754622534078995797765190732003960647316450324078089268695674720585270", "price": "0.96", "size": "305.89", "side": "SELL", "hash": "e3b28dd0fa546fa40f6c3fdb367a9d97482731e9", "best_bid": "0.09", "best_ask": "0.52"}], "timestamp": "1769384053284", "event_type": "price_change"}}
{"_local_timestamp": "2026-01-25T23:34:21.132228+00:00", "data": {"market": "0xfca8283b2e4ec0825818ca2b93860cd47c7c7d07d57fb581b9bc1f1593ddda7a", "price_changes": [{"asset_id": "95584815061070935992736235441185075094312967902658270690511156894883546406146", "price": "0.07", "size": "8.68", "side": "BUY", "hash": "3e9a79ad58d2c99144279421c9dad03052eefbd1", "best_bid": "0.48", "best_ask": "0.91"}, {"asset_id": "92366606754622534078995797765190732003960647316450324078089268695674720585270", "price": "0.93", "size": "8.68", "side": "SELL", "hash": "35d7c928f387ae4704517bb565235e13935008f1", "best_bid": "0.09", "best_ask": "0.52"}], "timestamp": "1769384061055", "event_type": "price_change"}}
{"_local_timestamp": "2026-01-25T23:34:21.533061+00:00", "data": {"market": "0xfca8283b2e4ec0825818ca2b93860cd47c7c7d07d57fb581b9bc1f1593ddda7a", "price_changes": [{"asset_id": "95584815061070935992736235441185075094312967902658270690511156894883546406146", "price": "0.17", "size": "5.26", "side": "BUY", "hash": "2f0a76377f8da44100ef43bcd42aeb1034f0d9ff", "best_bid": "0.48", "best_ask": "0.91"}, {"asset_id": "92366606754622534078995797765190732003960647316450324078089268695674720585270", "price": "0.83", "size": "5.26", "side": "SELL", "hash": "575c64858f8fb18b55007095da039c55296c90aa", "best_bid": "0.09", "best_ask": "0.52"}], "timestamp": "1769384061458", "event_type": "price_change"}}
{"_local_timestamp": "2026-01-25T23:35:39.953495+00:00", "data": {"market": "0x173c9a8c124777f2efb35508135163727a9ae551bfb3233d06492d789ab8dbde", "price_changes": [{"asset_id": "43717234548449575192910846885398999330517160165994032544710768432108823933606", "price": "0.49", "size": "10.2", "side": "BUY", "hash": "1534883a5920e526500488c47b1342d2c6366ec1", "best_bid": "0.49", "best_ask": "0.87"}, {"asset_id": "75261924073222569186024612262830688258854850931901632873937067600470528953436", "price": "0.51", "size": "10.2", "side": "SELL", "hash": "ec35be50d4c13972b5167e6d7051e3262951a566", "best_bid": "0.13", "best_ask": "0.51"}], "timestamp": "1769384139879", "event_type": "price_change"}}
{"_local_timestamp": "2026-01-25T23:35:39.954506+00:00", "data": {"market": "0xfca8283b2e4ec0825818ca2b93860cd47c7c7d07d57fb581b9bc1f1593ddda7a", "price_changes": [{"asset_id": "95584815061070935992736235441185075094312967902658270690511156894883546406146", "price": "0.49", "size": "10.2", "side": "BUY", "hash": "ebec6e81bfb14db137ec35d1be57b107586ffb62", "best_bid": "0.49", "best_ask": "0.91"}, {"asset_id": "92366606754622534078995797765190732003960647316450324078089268695674720585270", "price": "0.51", "size": "10.2", "side": "SELL", "hash": "31bd9fba5b99da1dcb80b873f816857235722356", "best_bid": "0.09", "best_ask": "0.51"}], "timestamp": "1769384139879", "event_type": "price_change"}}
{"_local_timestamp": "2026-01-25T23:35:39.970516+00:00", "data": {"market": "0xfca8283b2e4ec0825818ca2b93860cd47c7c7d07d57fb581b9bc1f1593ddda7a", "price_changes": [{"asset_id": "95584815061070935992736235441185075094312967902658270690511156894883546406146", "price": "0.47", "size": "15", "side": "BUY", "hash": "1296eced8d24d4ff014b18264b86471689cc304f", "best_bid": "0.49", "best_ask": "0.91"}, {"asset_id": "92366606754622534078995797765190732003960647316450324078089268695674720585270", "price": "0.53", "size": "15", "side": "SELL", "hash": "a34cedd32b1f412e06e40d85c44ac154a9237c72", "best_bid": "0.09", "best_ask": "0.51"}], "timestamp": "1769384139901", "event_type": "price_change"}}
{"_local_timestamp": "2026-01-25T23:36:07.730804+00:00", "data": {"market": "0x173c9a8c124777f2efb35508135163727a9ae551bfb3233d06492d789ab8dbde", "price_changes": [{"asset_id": "43717234548449575192910846885398999330517160165994032544710768432108823933606", "price": "0.49", "size": "0", "side": "BUY", "hash": "1b858e860350d6519dce16ff5009a99405bcf22a", "best_bid": "0.48", "best_ask": "0.87"}, {"asset_id": "75261924073222569186024612262830688258854850931901632873937067600470528953436", "price": "0.51", "size": "0", "side": "SELL", "hash": "584318254af641087f307dfd2035d3f35e1ba088", "best_bid": "0.13", "best_ask": "0.52"}], "timestamp": "1769384167664", "event_type": "price_change"}}
{"_local_timestamp": "2026-01-25T23:36:07.800536+00:00", "data": {"market": "0xfca8283b2e4ec0825818ca2b93860cd47c7c7d07d57fb581b9bc1f1593ddda7a", "price_changes": [{"asset_id": "95584815061070935992736235441185075094312967902658270690511156894883546406146", "price": "0.49", "size": "0", "side": "BUY", "hash": "a35c1e656fb10f44a469ab8bf1bc8ab54862e5b1", "best_bid": "0.48", "best_ask": "0.91"}, {"asset_id": "92366606754622534078995797765190732003960647316450324078089268695674720585270", "price": "0.51", "size": "0", "side": "SELL", "hash": "c9386ee4afbe3e786b354cecd4db83b73ad30d2b", "best_bid": "0.09", "best_ask": "0.52"}], "timestamp": "1769384167732", "event_type": "price_change"}}
