{"_local_timestamp": "2026-01-25T23:40:41.655247+00:00", "data": [{"market": "0xfca8283b2e4ec0825818ca2b93860cd47c7c7d07d57fb581b9bc1f1593ddda7a", "asset_id": "92366606754622534078995797765190732003960647316450324078089268695674720585270", "timestamp": "1769384429571", "hash": "dfbef155e4da4d0c35b594e2fff91bfacf45d90a", "bids": [{"price": "0.01", "size": "80.18"}, {"price": "0.02", "size": "23.8"}, {"price": "0.04", "size": "78.66"}, {"price": "0.05", "size": "56"}, {"price": "0.06", "size": "6.48"}, {"price": "0.09", "size": "77.76"}], "asks": [{"price": "0.99", "size": "3325.5"}, {"price": "0.98", "size": "533.69"}, {"price": "0.97", "size": "1300"}, {"price": "0.96", "size": "305.89"}, {"price": "0.95", "size": "220"}, {"price": "0.94", "size": "733"}, {"price": "0.93", "size": "21.46"}, {"price": "0.76", "size": "66.66"}, {"price": "0.75", "size": "139"}, {"price": "0.74", "size": "7"}, {"price": "0.72", "size": "400"}, {"price": "0.71", "size": "20"}, {"price": "0.53", "size": "65"}, {"price": "0.52", "size": "66.66"}], "event_type": "book", "last_trade_price": ""}, {"market": "0xfca8283b2e4ec0825818ca2b93860cd47c7c7d07d57fb581b9bc1f1593ddda7a", "asset_id": "95584815061070935992736235441185075094312967902658270690511156894883546406146", "timestamp": "1769384429571", "hash": "08778ac5ec88beb1656ba843c78801bba897ebd6", "bids": [{"price": "0.01", "size": "3325.5"}, {"price": "0.02", "size": "533.69"}, {"price": "0.03", "size": "1300"}, {"price": "0.04", "size": "305.89"}, {"price": "0.05", "size": "220"}, {"price": "0.06", "size": "733"}, {"price": "0.07", "size": "21.46"}, {"price": "0.24", "size": "66.66"}, {"price": "0.25", "size": "139"}, {"price": "0.26", "size": "7"}, {"price": "0.28", "size": "400"}, {"price": "0.29", "size": "20"}, {"price": "0.47", "size": "65"}, {"price": "0.48", "size": "66.66"}], "asks": [{"price": "0.99", "size": "80.18"}, {"price": "0.98", "size": "23.8"}, {"price": "0.96", "size": "78.66"}, {"price": "0.95", "size": "56"}, {"price": "0.94", "size": "6.48"}, {"price": "0.91", "size": "77.76"}], "event_type": "book", "last_trade_price": ""}, {"market": "0x173c9a8c124777f2efb35508135163727a9ae551bfb3233d06492d789ab8dbde", "asset_id": "43717234548449575192910846885398999330517160165994032544710768432108823933606", "timestamp": "1769384167664", "hash": "1b858e860350d6519dce16ff5009a99405bcf22a", "bids": [{"price": "0.01", "size": "5810.5"}, {"price": "0.02", "size": "2200"}, {"price": "0.03", "size": "9.81"}, {"price": "0.05", "size": "30"}, {"price": "0.06", "size": "33"}, {"price": "0.09", "size": "500"}, {"price": "0.1", "size": "6"}, {"price": "0.11", "size": "550"}, {"price": "0.19", "size": "450"}, {"price": "0.2", "size": "66.66"}, {"price": "0.21", "size": "8.5"}, {"price": "0.25", "size": "93"}, {"price": "0.33", "size": "66.66"}, {"price": "0.46", "size": "100"}, {"price": "0.47", "size": "15"}, {"price": "0.48", "size": "66.66"}], "asks": [{"price": "0.99", "size": "767.4"}, {"price": "0.98", "size": "508.36"}, {"price": "0.97", "size": "510.49"}, {"price": "0.96", "size": "320"}, {"price": "0.95", "size": "315.81"}, {"price": "0.94", "size": "266.66"}, {"price": "0.93", "size": "5.63"}, {"price": "0.91", "size": "66.66"}, {"price": "0.9", "size": "106.59"}, {"price": "0.89", "size": "9.19"}, {"price": "0.87", "size": "74.35"}], "event_type": "book", "last_trade_price": ""}, {"market": "0x173c9a8c124777f2efb35508135163727a9ae551bfb3233d06492d789ab8dbde", "asset_id": "75261924073222569186024612262830688258854850931901632873937067600470528953436", "timestamp": "1769384167664", "hash": "584318254af641087f307dfd2035d3f35e1ba088", "bids": [{"price": "0.01", "size": "767.4"}, {"price": "0.02", "size": "508.36"}, {"price": "0.03", "size": "510.49"}, {"price": "0.04", "size": "320"}, {"price": "0.05", "size": "315.81"}, {"price": "0.06", "size": "266.66"}, {"price": "0.07", "size": "5.63"}, {"price": "0.09", "size": "66.66"}, {"price": "0.1", "size": "106.59"}, {"price": "0.11", "size": "9.19"}, {"price": "0.13", "size": "74.35"}], "asks": [{"price": "0.99", "size": "5810.5"}, {"price": "0.98", "size": "2200"}, {"price": "0.97", "size": "9.81"}, {"price": "0.95", "size": "30"}, {"price": "0.94", "size": "33"}, {"price": "0.91", "size": "500"}, {"price": "0.9", "size": "6"}, {"price": "0.89", "size": "550"}, {"price": "0.81", "size": "450"}, {"price": "0.8", "size": "66.66"}, {"price": "0.79", "size": "8.5"}, {"price": "0.75", "size": "93"}, {"price": "0.67", "size": "66.66"}, {"price": "0.54", "size": "100"}, {"price": "0.53", "size": "15"}, {"price": "0.52", "size": "66.66"}], "event_type": "book", "last_trade_price": ""}]}
{"_local_timestamp": "2026-01-25T23:40:52.991901+00:00", "data": {"market": "0xfca8283b2e4ec0825818ca2b93860cd47c7c7d07d57fb581b9bc1f1593ddda7a", "price_changes": [{"asset_id": "95584815061070935992736235441185075094312967902658270690511156894883546406146", "price": "0.47", "size": "15", "side": "BUY", "hash": "db71a4e44cf9f9d803350f3a87fd3c2dd72ab6c2", "best_bid": "0.48", "best_ask": "0.91"}, {"asset_id": "92366606754622534078995797765190732003960647316450324078089268695674720585270", "price": "0.53", "size": "15", "side": "SELL", "hash": "2f5c06abb08e60ba8ee6ac55aaa67231acbe1f4a", "best_bid": "0.09", "best_ask": "0.52"}], "timestamp": "1769384452899", "event_type": "price_change"}}
{"_local_timestamp": "2026-01-25T23:40:52.993070+00:00", "data": {"market": "0xfca8283b2e4ec0825818ca2b93860cd47c7c7d07d57fb581b9bc1f1593ddda7a", "price_changes": [{"asset_id": "95584815061070935992736235441185075094312967902658270690511156894883546406146", "price": "0.28", "size": "0", "side": "BUY", "hash": "db71a4e44cf9f9d803350f3a87fd3c2dd72ab6c2", "best_bid": "0.48", "best_ask": "0.91"}, {"asset_id": "92366606754622534078995797765190732003960647316450324078089268695674720585270", "price": "0.72", "size": "0", "side": "SELL", "hash": "2f5c06abb08e60ba8ee6ac55aaa67231acbe1f4a", "best_bid": "0.09", "best_ask": "0.52"}], "timestamp": "1769384452899", "event_type": "price_change"}}
{"_local_timestamp": "2026-01-25T23:40:53.578356+00:00", "data": {"market": "0xfca8283b2e4ec0825818ca2b93860cd47c7c7d07d57fb581b9bc1f1593ddda7a", "price_changes": [{"asset_id": "95584815061070935992736235441185075094312967902658270690511156894883546406146", "price": "0.29", "size": "0", "side": "BUY", "hash": "efcc76f1896f0310bb74aa46e1bebc9caf1d506b", "best_bid": "0.48", "best_ask": "0.91"}, {"asset_id": "92366606754622534078995797765190732003960647316450324078089268695674720585270", "price": "0.71", "size": "0", "side": "SELL", "hash": "ce241451835128e693e95850c5d7c51639e876a5", "best_bid": "0.09", "best_ask": "0.52"}], "timestamp": "1769384453505", "event_type": "price_change"}}
{"_local_timestamp": "2026-01-25T23:40:53.607177+00:00", "data": {"market": "0xfca8283b2e4ec0825818ca2b93860cd47c7c7d07d57fb581b9bc1f1593ddda7a", "price_changes": [{"asset_id": "95584815061070935992736235441185075094312967902658270690511156894883546406146", "price": "0.27", "size": "20", "side": "BUY", "hash": "df29484ee927cd99166e83b9ea5d9ce3aabbfaed", "best_bid": "0.48", "best_ask": "0.91"}, {"asset_id": "92366606754622534078995797765190732003960647316450324078089268695674720585270", "price": "0.73", "size": "20", "side": "SELL", "hash": "d0b16323151b8e5f9f80b59b3a1bc3868a4504d8", "best_bid": "0.09", "best_ask": "0.52"}], "timestamp": "1769384453533", "event_type": "price_change"}}
{"_local_timestamp": "2026-01-25T23:41:09.863159+00:00", "data": {"market": "0xfca8283b2e4ec0825818ca2b93860cd47c7c7d07d57fb581b9bc1f1593ddda7a", "price_changes": [{"asset_id": "95584815061070935992736235441185075094312967902658270690511156894883546406146", "price": "0.16", "size": "150", "side": "BUY", "hash": "669c6410fa0aced93fbf4dac74db08b2f408b851", "best_bid": "0.48", "best_ask": "0.91"}, {"asset_id": "92366606754622534078995797765190732003960647316450324078089268695674720585270", "price": "0.84", "size": "150", "side": "SELL", "hash": "f60853ecd5374c79d6199b9089cdf7023dfe3479", "best_bid": "0.09", "best_ask": "0.52"}], "timestamp": "1769384469793", "event_type": "price_change"}}
{"_local_timestamp": "2026-01-25T23:41:09.865184+00:00", "data": {"market": "0xfca8283b2e4ec0825818ca2b93860cd47c7c7d07d57fb581b9bc1f1593ddda7a", "price_changes": [{"asset_id": "95584815061070935992736235441185075094312967902658270690511156894883546406146", "price": "0.11", "size": "225", "side": "BUY", "hash": "6f2140ee763fa2249c1e08d6d9806e77e0f3a696", "best_bid": "0.48", "best_ask": "0.91"}, {"asset_id": "92366606754622534078995797765190732003960647316450324078089268695674720585270", "price": "0.89", "size": "225", "side": "SELL", "hash": "7c4f8c8f5d574fdc126622d1efaa6b6ae0ebd2f7", "best_bid": "0.09", "best_ask": "0.52"}], "timestamp": "1769384469794", "event_type": "price_change"}}
{"_local_timestamp": "2026-01-25T23:42:22.361067+00:00", "data": {"market": "0xfca8283b2e4ec0825818ca2b93860cd47c7c7d07d57fb581b9bc1f1593ddda7a", "price_changes": [{"asset_id": "95584815061070935992736235441185075094312967902658270690511156894883546406146", "price": "0.06", "size": "233", "side": "BUY", "hash": "18d3ad7d0391714b35162aa699581a21df141a23", "best_bid": "0.48", "best_ask": "0.91"}, {"asset_id": "92366606754622534078995797765190732003960647316450324078089268695674720585270", "price": "0.94", "size": "233", "side": "SELL", "hash": "cd27c29b323f8c9642bbf017f5e13c897ca918be", "best_bid": "0.09", "best_ask": "0.52"}], "timestamp": "1769384542227", "event_type": "price_change"}}
{"_local_timestamp": "2026-01-25T23:42:27.235067+00:00", "data": {"market": "0xfca8283b2e4ec0825818ca2b93860cd47c7c7d07d57fb581b9bc1f1593ddda7a", "price_changes": [{"asset_id": "95584815061070935992736235441185075094312967902658270690511156894883546406146", "price": "0.07", "size": "8.68", "side": "BUY", "hash": "ac6cd5003c62b9c6ac389a3b2aff97c705209c5e", "best_bid": "0.48", "best_ask": "0.91"}, {"asset_id": "92366606754622534078995797765190732003960647316450324078089268695674720585270", "price": "0.93", "size": "8.68", "side": "SELL", "hash": "da2ac7e729e9c174d6cfc0099f90857d9c395187", "best_bid": "0.09", "best_ask": "0.52"}], "timestamp": "1769384547077", "event_type": "price_change"}}
{"_local_timestamp": "2026-01-25T23:42:29.508563+00:00", "data": {"market": "0xfca8283b2e4ec0825818ca2b93860cd47c7c7d07d57fb581b9bc1f1593ddda7a", "price_changes": [{"asset_id": "95584815061070935992736235441185075094312967902658270690511156894883546406146", "price": "0.08", "size": "11.18", "side": "BUY", "hash": "a7edeb5a5179a961540a9605246f1c405f1749af", "best_bid": "0.48", "best_ask": "0.91"}, {"asset_id": "92366606754622534078995797765190732003960647316450324078089268695674720585270", "price": "0.92", "size": "11.18", "side": "SELL", "hash": "0d045e84ea05f1579ec0e9cdf7362478704b929a", "best_bid": "0.09", "best_ask": "0.52"}], "timestamp": "1769384549372", "event_type": "price_change"}}
{"_local_timestamp": "2026-01-25T23:43:06.849794+00:00", "data": {"market": "0xfca8283b2e4ec0825818ca2b93860cd47c7c7d07d57fb581b9bc1f1593ddda7a", "price_changes": [{"asset_id": "95584815061070935992736235441185075094312967902658270690511156894883546406146", "price": "0.48", "size": "0", "side": "BUY", "hash": "e43088d142c45b2f071894bddb36fe8120b7971b", "best_bid": "0.47", "best_ask": "0.91"}, {"asset_id": "92366606754622534078995797765190732003960647316450324078089268695674720585270", "price": "0.52", "size": "0", "side": "SELL", "hash": "540aa7d26ebd5fa7ceb40b6ec3a295ddad9e2723", "best_bid": "0.09", "best_ask": "0.53"}], "timestamp": "1769384586716", "event_type": "price_change"}}
{"_local_timestamp": "2026-01-25T23:43:06.850586+00:00", "data": {"market": "0xfca8283b2e4ec0825818ca2b93860cd47c7c7d07d57fb581b9bc1f1593ddda7a", "price_changes": [{"asset_id": "95584815061070935992736235441185075094312967902658270690511156894883546406146", "price": "0.24", "size": "0", "side": "BUY", "hash": "e43088d142c45b2f071894bddb36fe8120b7971b", "best_bid": "0.47", "best_ask": "0.91"}, {"asset_id": "92366606754622534078995797765190732003960647316450324078089268695674720585270", "price": "0.76", "size": "0", "side": "SELL", "hash": "540aa7d26ebd5fa7ceb40b6ec3a295ddad9e2723", "best_bid": "0.09", "best_ask": "0.53"}], "timestamp": "1769384586716", "event_type": "price_change"}}
{"_local_timestamp": "2026-01-25T23:43:06.853951+00:00", "data": {"market": "0xfca8283b2e4ec0825818ca2b93860cd47c7c7d07d57fb581b9bc1f1593ddda7a", "price_changes": [{"asset_id": "95584815061070935992736235441185075094312967902658270690511156894883546406146", "price": "0.01", "size": "3258.84", "side": "BUY", "hash": "e43088d142c45b2f071894bddb36fe8120b7971b", "best_bid": "0.47", "best_ask": "0.91"}, {"asset_id": "92366606754622534078995797765190732003960647316450324078089268695674720585270", "price": "0.99", "size": "3258.84", "side": "SELL", "hash": "540aa7d26ebd5fa7ceb40b6ec3a295ddad9e2723", "best_bid": "0.09", "best_ask": "0.53"}], "timestamp": "1769384586716", "event_type": "price_change"}}
{"_local_timestamp": "2026-01-25T23:43:06.909839+00:00", "data": {"market": "0xfca8283b2e4ec0825818ca2b93860cd47c7c7d07d57fb581b9bc1f1593ddda7a", "price_changes": [{"asset_id": "95584815061070935992736235441185075094312967902658270690511156894883546406146", "price": "0.47", "size": "35", "side": "BUY", "hash": "12ce8f5f9fefbe30dccb97403bc0fbb59ebb91b1", "best_bid": "0.47", "best_ask": "0.91"}, {"asset_id": "92366606754622534078995797765190732003960647316450324078089268695674720585270", "price": "0.53", "size": "35", "side": "SELL", "hash": "f493a7e326a7f60a6dab853356e62ef1cf7caed5", "best_bid": "0.09", "best_ask": "0.53"}], "timestamp": "1769384586776", "event_type": "price_change"}}
{"_local_timestamp": "2026-01-25T23:43:07.580928+00:00", "data": {"market": "0xfca8283b2e4ec0825818ca2b93860cd47c7c7d07d57fb581b9bc1f1593ddda7a", "price_changes": [{"asset_id": "95584815061070935992736235441185075094312967902658270690511156894883546406146", "price": "0.01", "size": "3358.84", "side": "BUY", "hash": "7a95497dd085e2024062613b7b01795ccdeb7100", "best_bid": "0.47", "best_ask": "0.91"}, {"asset_id": "92366606754622534078995797765190732003960647316450324078089268695674720585270", "price": "0.99", "size": "3358.84", "side": "SELL", "hash": "069affc56a57822c4a079252c053a1d3097aaaa6", "best_bid": "0.09", "best_ask": "0.53"}], "timestamp": "1769384587441", "event_type": "price_change"}}
{"_local_timestamp": "2026-01-25T23:43:07.661822+00:00", "data": {"market": "0xfca8283b2e4ec0825818ca2b93860cd47c7c7d07d57fb581b9bc1f1593ddda7a", "price_changes": [{"asset_id": "95584815061070935992736235441185075094312967902658270690511156894883546406146", "price": "0.24", "size": "100", "side": "BUY", "hash": "406af7ef419247fe54adbe95d931fe96e1cd5635", "best_bid": "0.47", "best_ask": "0.91"}, {"asset_id": "92366606754622534078995797765190732003960647316450324078089268695674720585270", "price": "0.76", "size": "100", "side": "SELL", "hash": "2f42069416f202446fd5dd8d8fdf4822c90d8323", "best_bid": "0.09", "best_ask": "0.53"}], "timestamp": "1769384587529", "event_type": "price_change"}}
