{"_local_timestamp": "2026-01-25T23:41:39.319062+00:00", "data": [{"market": "0x8406e1601f2ef8e046a7bd7dbbdf7af195885783a753d65554ff6fdc0425bd6c", "asset_id": "95192366727841017292758320502726327752151193696122520259641621324196692367809", "timestamp": "1769383751098", "hash": "b1ac0f5611c46b1e474c3bb2623735a2284599f7", "bids": [{"price": "0.01", "size": "50"}, {"price": "0.02", "size": "5.47"}], "asks": [{"price": "0.99", "size": "3119.07"}, {"price": "0.98", "size": "65.46"}], "event_type": "book", "last_trade_price": ""}, {"market": "0xf500979be60ad806689ffac6bcdbe187f9353ad3c8b6dd7ebedc258493634e60", "asset_id": "15999085729408491934475215825817619729986148929272867748174493931754951384489", "timestamp": "1769383751098", "hash": "e2cf4c2d1b21b2087976fe76cdaa47c09e973f4f", "bids": [{"price": "0.01", "size": "50"}, {"price": "0.02", "size": "5.47"}], "asks": [{"price": "0.99", "size": "3119.07"}, {"price": "0.98", "size": "65.46"}], "event_type": "book", "last_trade_price": ""}, {"market": "0x8406e1601f2ef8e046a7bd7dbbdf7af195885783a753d65554ff6fdc0425bd6c", "asset_id": "14579757925214304840941865512228414216074660824353462926746512622597360920480", "timestamp": "1769383751098", "hash": "ea2f4cf11d62ae6dbd18b4aa9553900e5169e38f", "bids": [{"price": "0.01", "size": "3119.07"}, {"price": "0.02", "size": "65.46"}], "asks": [{"price": "0.99", "size": "50"}, {"price": "0.98", "size": "5.47"}], "event_type": "book", "last_trade_price": ""}, {"market": "0x1c3bdef9954a2da6712c505822a8709075aac58e8571b54710ce36cf1f3fcf10", "asset_id": "77316306446668303000860392636303627699738320752333677823280491121309171974892", "timestamp": "1769383751098", "hash": "d013a2094efd694f0a236c70f18e7ff257d7db09", "bids": [{"price": "0.01", "size": "3119.07"}, {"price": "0.02", "size": "65.46"}], "asks": [{"price": "0.99", "size": "50"}, {"price": "0.98", "size": "5.47"}], "event_type": "book", "last_trade_price": ""}, {"market": "0x1c3bdef9954a2da6712c505822a8709075aac58e8571b54710ce36cf1f3fcf10", "asset_id": "21165524466076638631509370105824805525833365927796311742871644073488919006937", "timestamp": "1769383751098", "hash": "03902d1b34414b7d663a6e637eceeb5a4132a297", "bids": [{"price": "0.01", "size": "50"}, {"price": "0.02", "size": "5.47"}], "asks": [{"price": "0.99", "size": "3119.07"}, {"price": "0.98", "size": "65.46"}], "event_type": "book", "last_trade_price": ""}, {"market": "0xf500979be60ad806689ffac6bcdbe187f9353ad3c8b6dd7ebedc258493634e60", "asset_id": "99606225754167360447119947162673259337624494145789638088278098035575200154714", "timestamp": "1769383751098", "hash": "5e8be120775149182eb85d9bc06707c76d6b1fba", "bids": [{"price": "0.01", "size": "3119.07"}, {"price": "0.02", "size": "65.46"}], "asks": [{"price": "0.99", "size": "50"}, {"price": "0.98", "size": "5.47"}], "event_type": "book", "last_trade_price": ""}]}
