{"_local_timestamp": "2026-01-25T23:41:39.319062+00:00", "data": [{"market": "0x8406e1601f2ef8e046a7bd7dbbdf7af195885783a753d65554ff6fdc0425bd6c", "asset_id": "95192366727841017292758320502726327752151193696122520259641621324196692367809", "timestamp": "1769383751098", "hash": "b1ac0f5611c46b1e474c3bb2623735a2284599f7", "bids": [{"price": "0.01", "size": "50"}, {"price": "0.02", "size": "5.47"}], "asks": [{"price": "0.99", "size": "3119.07"}, {"price": "0.98", "size": "65.46"}], "event_type": "book", "last_trade_price": ""}, {"market": "0xf500979be60ad806689ffac6bcdbe187f9353ad3c8b6dd7ebedc258493634e60", "asset_id": "15999085729408491934475215825817619729986148929272867748174493931754951384489", "timestamp": "1769383751098", "hash": "e2cf4c2d1b21b2087976fe76cdaa47c09e973f4f", "bids": [{"price": "0.01", "size": "50"}, {"price": "0.02", "size": "5.47"}], "asks": [{"price": "0.99", "size": "3119.07"}, {"price": "0.98", "size": "65.46"}], "event_type": "book", "last_trade_price": ""}, {"market": "0x8406e1601f2ef8e046a7bd7dbbdf7af195885783a753d65554ff6fdc0425bd6c", "asset_id": "14579757925214304840941865512228414216074660824353462926746512622597360920480", "timestamp": "1769383751098", "hash": "ea2f4cf11d62ae6dbd18b4aa9553900e5169e38f", "bids": [{"price": "0.01", "size": "3119.07"}, {"price": "0.02", "size": "65.46"}], "asks": [{"price": "0.99", "size": "50"}, {"price": "0.98", "size": "5.47"}], "event_type": "book", "last_trade_price": ""}, {"market": "0x1c3bdef9954a2da6712c505822a8709075aac58e8571b54710ce36cf1f3fcf10", "asset_id": "77316306446668303000860392636303627699738320752333677823280491121309171974892", "timestamp": "1769383751098", "hash": "d013a2094efd694f0a236c70f18e7ff257d7db09", "bids": [{"price": "0.01", "size": "3119.07"}, {"price": "0.02", "size": "65.46"}], "asks": [{"price": "0.99", "size": "50"}, {"price": "0.98", "size": "5.47"}], "event_type": "book", "last_trade_price": ""}, {"market": "0x1c3bdef9954a2da6712c505822a8709075aac58e8571b54710ce36cf1f3fcf10", "asset_id": "21165524466076638631509370105824805525833365927796311742871644073488919006937", "timestamp": "1769383751098", "hash": "03902d1b34414b7d663a6e637eceeb5a4132a297", "bids": [{"price": "0.01", "size": "50"}, {"price": "0.02", "size": "5.47"}], "asks": [{"price": "0.99", "size": "3119.07"}, {"price": "0.98", "size": "65.46"}], "event_type": "book", "last_trade_price": ""}, {"market": "0xf500979be60ad806689ffac6bcdbe187f9353ad3c8b6dd7ebedc258493634e60", "asset_id": "99606225754167360447119947162673259337624494145789638088278098035575200154714", "timestamp": "1769383751098", "hash": "5e8be120775149182eb85d9bc06707c76d6b1fba", "bids": [{"price": "0.01", "size": "3119.07"}, {"price": "0.02", "size": "65.46"}], "asks": [{"price": "0.99", "size": "50"}, {"price": "0.98", "size": "5.47"}], "event_type": "book", "last_trade_price": ""}]}
{"_local_timestamp": "2026-01-25T23:43:24.713651+00:00", "data": {"market": "0x8406e1601f2ef8e046a7bd7dbbdf7af195885783a753d65554ff6fdc0425bd6c", "price_changes": [{"asset_id": "95192366727841017292758320502726327752151193696122520259641621324196692367809", "price": "0.01", "size": "116.66", "side": "BUY", "hash": "716d353f4d861f1003e81894e764c93c7891b5be", "best_bid": "0.02", "best_ask": "0.98"}, {"asset_id": "14579757925214304840941865512228414216074660824353462926746512622597360920480", "price": "0.99", "size": "116.66", "side": "SELL", "hash": "2712525aa28a7b8cf067c91bd9e75304e03581cf", "best_bid": "0.02", "best_ask": "0.98"}], "timestamp": "1769384604651", "event_type": "price_change"}}
{"_local_timestamp": "2026-01-25T23:43:24.714366+00:00", "data": {"market": "0x1c3bdef9954a2da6712c505822a8709075aac58e8571b54710ce36cf1f3fcf10", "price_changes": [{"asset_id": "21165524466076638631509370105824805525833365927796311742871644073488919006937", "price": "0.01", "size": "116.66", "side": "BUY", "hash": "b8ecd8070a9e5794baddd2d936ff00a7cb1b46d2", "best_bid": "0.02", "best_ask": "0.98"}, {"asset_id": "77316306446668303000860392636303627699738320752333677823280491121309171974892", "price": "0.99", "size": "116.66", "side": "SELL", "hash": "2d2ab964d17de00ade20dc25e0f82fe3ac108a92", "best_bid": "0.02", "best_ask": "0.98"}], "timestamp": "1769384604651", "event_type": "price_change"}}
{"_local_timestamp": "2026-01-25T23:43:24.714679+00:00", "data": {"market": "0xf500979be60ad806689ffac6bcdbe187f9353ad3c8b6dd7ebedc258493634e60", "price_changes": [{"asset_id": "15999085729408491934475215825817619729986148929272867748174493931754951384489", "price": "0.01", "size": "116.66", "side": "BUY", "hash": "db8a37e50339935969231f58425cd8d729badea4", "best_bid": "0.02", "best_ask": "0.98"}, {"asset_id": "99606225754167360447119947162673259337624494145789638088278098035575200154714", "price": "0.99", "size": "116.66", "side": "SELL", "hash": "521ab006e906b91fb549d39dfa3c418b82ba1a6c", "best_bid": "0.02", "best_ask": "0.98"}], "timestamp": "1769384604651", "event_type": "price_change"}}
{"_local_timestamp": "2026-01-25T23:44:13.624710+00:00", "data": {"market": "0xf500979be60ad806689ffac6bcdbe187f9353ad3c8b6dd7ebedc258493634e60", "price_changes": [{"asset_id": "15999085729408491934475215825817619729986148929272867748174493931754951384489", "price": "0.01", "size": "50", "side": "BUY", "hash": "f8ae1727738a78a63993cb9487d13ad2f882e056", "best_bid": "0.02", "best_ask": "0.98"}, {"asset_id": "99606225754167360447119947162673259337624494145789638088278098035575200154714", "price": "0.99", "size": "50", "side": "SELL", "hash": "25f2c306e2a70e7f61c8acbc5b4a29e0e5791ec0", "best_bid": "0.02", "best_ask": "0.98"}], "timestamp": "1769384653545", "event_type": "price_change"}}
{"_local_timestamp": "2026-01-25T23:44:13.625098+00:00", "data": {"market": "0x8406e1601f2ef8e046a7bd7dbbdf7af195885783a753d65554ff6fdc0425bd6c", "price_changes": [{"asset_id": "95192366727841017292758320502726327752151193696122520259641621324196692367809", "price": "0.01", "size": "50", "side": "BUY", "hash": "9cc0961c735646f3e788062b6acf54f8ed37febc", "best_bid": "0.02", "best_ask": "0.98"}, {"asset_id": "14579757925214304840941865512228414216074660824353462926746512622597360920480", "price": "0.99", "size": "50", "side": "SELL", "hash": "502f2a3caf24bd85d2d35ac142d9a1d8dcbd63c4", "best_bid": "0.02", "best_ask": "0.98"}], "timestamp": "1769384653546", "event_type": "price_change"}}
{"_local_timestamp": "2026-01-25T23:44:13.625419+00:00", "data": {"market": "0x1c3bdef9954a2da6712c505822a8709075aac58e8571b54710ce36cf1f3fcf10", "price_changes": [{"asset_id": "21165524466076638631509370105824805525833365927796311742871644073488919006937", "price": "0.01", "size": "50", "side": "BUY", "hash": "de6e3e25fffc23129b0f807e5fc009a6f3652af2", "best_bid": "0.02", "best_ask": "0.98"}, {"asset_id": "77316306446668303000860392636303627699738320752333677823280491121309171974892", "price": "0.99", "size": "50", "side": "SELL", "hash": "cdf00f968325fd2d5daedc8ed42991918d120ef2", "best_bid": "0.02", "best_ask": "0.98"}], "timestamp": "1769384653545", "event_type": "price_change"}}
