{"_local_timestamp": "2026-01-25T23:41:38.183360+00:00", "data": [{"market": "0xef60cb6ad6e1e1fef797ca4956567fd95882e8a6da7f5f350b62ecb2973facf0", "asset_id": "68072067972164863074908281315024408899616010788341563227048557879393870863375", "timestamp": "1769382484883", "hash": "3e41617c88f1b542690cba1a6d6846e7d1d7a92d", "bids": [{"price": "0.01", "size": "415.3"}, {"price": "0.02", "size": "63.92"}, {"price": "0.03", "size": "49"}, {"price": "0.04", "size": "106.7"}, {"price": "0.05", "size": "50"}, {"price": "0.06", "size": "38.67"}], "asks": [{"price": "0.99", "size": "615.1"}, {"price": "0.98", "size": "25.65"}, {"price": "0.96", "size": "62"}, {"price": "0.95", "size": "109"}, {"price": "0.94", "size": "44.07"}], "event_type": "book", "last_trade_price": ""}, {"market": "0x2c4589451d2cd81cb2382e029f3169e07c707f7b13ba80352ac44c4e6871cbac", "asset_id": "85369683140622598261574732760234946912837363862929031430071360650232752573353", "timestamp": "1769383778878", "hash": "86e996fc4e187d6c4a4bdeb1804a69f6cf33b552", "bids": [{"price": "0.01", "size": "285.01"}, {"price": "0.02", "size": "32.49"}], "asks": [{"price": "0.99", "size": "481.1"}, {"price": "0.98", "size": "152.48"}, {"price": "0.97", "size": "15.98"}, {"price": "0.96", "size": "5.47"}], "event_type": "book", "last_trade_price": ""}, {"market": "0xf03fd482326715f947a7d1e5291ed3838eca55c17b07c52e1017026656cdf9b6", "asset_id": "82541544304216912959886767820518652534240341405113768100989701668728178451765", "timestamp": "1769383783145", "hash": "5b74dd88d6493d115e1ef67348fc50434071a6b5", "bids": [{"price": "0.01", "size": "282.82"}, {"price": "0.02", "size": "150.12"}, {"price": "0.03", "size": "16.98"}], "asks": [{"price": "0.99", "size": "472.04"}, {"price": "0.98", "size": "152.48"}, {"price": "0.97", "size": "18.99"}, {"price": "0.96", "size": "5.47"}], "event_type": "book", "last_trade_price": ""}, {"market": "0xf03fd482326715f947a7d1e5291ed3838eca55c17b07c52e1017026656cdf9b6", "asset_id": "73760840614141805521086760027510413674927837133322048467012420630049832986713", "timestamp": "1769383783145", "hash": "51b9e2e8c61d56ec2eb37ecb031ef9a92798f719", "bids": [{"price": "0.01", "size": "472.04"}, {"price": "0.02", "size": "152.48"}, {"price": "0.03", "size": "18.99"}, {"price": "0.04", "size": "5.47"}], "asks": [{"price": "0.99", "size": "282.82"}, {"price": "0.98", "size": "150.12"}, {"price": "0.97", "size": "16.98"}], "event_type": "book", "last_trade_price": ""}, {"market": "0x2c4589451d2cd81cb2382e029f3169e07c707f7b13ba80352ac44c4e6871cbac", "asset_id": "66399363390645561293769597860305398323780616200279981185899509347713799928981", "timestamp": "1769383778878", "hash": "809ef59a0b6ad3dfa4a9d8b72839fdfad7956cc8", "bids": [{"price": "0.01", "size": "481.1"}, {"price": "0.02", "size": "152.48"}, {"price": "0.03", "size": "15.98"}, {"price": "0.04", "size": "5.47"}], "asks": [{"price": "0.99", "size": "285.01"}, {"price": "0.98", "size": "32.49"}], "event_type": "book", "last_trade_price": ""}, {"market": "0xe9a3124c547eb1503047661d752ffaefe86bf82c5fbfaaa23d6170930a078722", "asset_id": "77796897295488559924517926138508670136799079689296587472017890992322819793553", "timestamp": "1769383779947", "hash": "cbaff02042242f29042aeff3fd847004e9ab727c", "bids": [{"price": "0.01", "size": "285.01"}, {"price": "0.02", "size": "32.49"}], "asks": [{"price": "0.99", "size": "481.1"}, {"price": "0.98", "size": "152.48"}, {"price": "0.97", "size": "15.98"}, {"price": "0.96", "size": "5.47"}], "event_type": "book", "last_trade_price": ""}, {"market": "0x5171b10306f6be707f0bf10c3da53b3b80d9e2898d26188f683e2b2b52ee9393", "asset_id": "21622328922742078115262411291397729527315680992631191451587023808098146744421", "timestamp": "1769383782012", "hash": "6b1ccbe64e5db252f104e9efb29124699e7c292d", "bids": [{"price": "0.01", "size": "282.82"}, {"price": "0.02", "size": "150.12"}, {"price": "0.03", "size": "16.98"}], "asks": [{"price": "0.99", "size": "481.1"}, {"price": "0.98", "size": "152.48"}, {"price": "0.97", "size": "15.98"}, {"price": "0.96", "size": "5.47"}], "event_type": "book", "last_trade_price": ""}, {"market": "0xe9a3124c547eb1503047661d752ffaefe86bf82c5fbfaaa23d6170930a078722", "asset_id": "32057309926914098994764321851276967516879295728002818014936673659155824554421", "timestamp": "1769383779947", "hash": "f44423274e61ff1922b7c0a3817d7bb345ae2d61", "bids": [{"price": "0.01", "size": "481.1"}, {"price": "0.02", "size": "152.48"}, {"price": "0.03", "size": "15.98"}, {"price": "0.04", "size": "5.47"}], "asks": [{"price": "0.99", "size": "285.01"}, {"price": "0.98", "size": "32.49"}], "event_type": "book", "last_trade_price": ""}, {"market": "0xef60cb6ad6e1e1fef797ca4956567fd95882e8a6da7f5f350b62ecb2973facf0", "asset_id": "73522464417886578448925759283461013597475465346919742659008797822873398342127", "timestamp": "1769382484883", "hash": "63c8be2cef7ccbb0e8af77c199d8b9aeb47b5ed0", "bids": [{"price": "0.01", "size": "615.1"}, {"price": "0.02", "size": "25.65"}, {"price": "0.04", "size": "62"}, {"price": "0.05", "size": "109"}, {"price": "0.06", "size": "44.07"}], "asks": [{"price": "0.99", "size": "415.3"}, {"price": "0.98", "size": "63.92"}, {"price": "0.97", "size": "49"}, {"price": "0.96", "size": "106.7"}, {"price": "0.95", "size": "50"}, {"price": "0.94", "size": "38.67"}], "event_type": "book", "last_trade_price": ""}, {"market": "0x5171b10306f6be707f0bf10c3da53b3b80d9e2898d26188f683e2b2b52ee9393", "asset_id": "12846758197546778211330675141436664723686041895283508587221899281905706011090", "timestamp": "1769383782012", "hash": "f529bbd1a0c0ff06561e5c8e5b7b302e24ed5801", "bids": [{"price": "0.01", "size": "481.1"}, {"price": "0.02", "size": "152.48"}, {"price": "0.03", "size": "15.98"}, {"price": "0.04", "size": "5.47"}], "asks": [{"price": "0.99", "size": "282.82"}, {"price": "0.98", "size": "150.12"}, {"price": "0.97", "size": "16.98"}], "event_type": "book", "last_trade_price": ""}]}
