{"_local_timestamp": "2026-01-25T23:41:38.186933+00:00", "data": [{"market": "0x3deb30c253968698e004bc9ebc796ade4dc4ef3d20447a95d82b10010d3e7157", "asset_id": "39844431446122730872127821385390524309690125353418160808882552222996369178790", "timestamp": "1769383776779", "hash": "5834eef1798c2d58082fad0bf4156f639651048c", "bids": [{"price": "0.01", "size": "481.1"}, {"price": "0.02", "size": "152.48"}, {"price": "0.03", "size": "15.98"}, {"price": "0.04", "size": "5.47"}], "asks": [{"price": "0.99", "size": "285.01"}, {"price": "0.98", "size": "32.49"}], "event_type": "book", "last_trade_price": ""}, {"market": "0xd317b87fc8368d1c69d554b9e004ba66b20a598e2440d2f15dcc7bd85ba12920", "asset_id": "35593962938232360328788496301459585929954786968101521327166971413204251283077", "timestamp": "1769382484882", "hash": "02d5b43116ec24692363da1c08e8e591fbdfde7f", "bids": [{"price": "0.01", "size": "615.1"}, {"price": "0.02", "size": "25.65"}, {"price": "0.04", "size": "62"}, {"price": "0.05", "size": "109"}, {"price": "0.06", "size": "44.07"}], "asks": [{"price": "0.99", "size": "415.3"}, {"price": "0.98", "size": "63.92"}, {"price": "0.97", "size": "49"}, {"price": "0.96", "size": "106.7"}, {"price": "0.95", "size": "50"}, {"price": "0.94", "size": "38.67"}], "event_type": "book", "last_trade_price": ""}, {"market": "0xa18d01f5d0ac3ffd474771457364d7e2bdefb8de4eb5ce3033f7d69c1d8fd292", "asset_id": "61285760385606912237504024697552896415020919234476393928426543967301091965064", "timestamp": "1769383775628", "hash": "d723a38e591cdff638bd8e2bb433094925029a38", "bids": [{"price": "0.01", "size": "481.1"}, {"price": "0.02", "size": "152.48"}, {"price": "0.03", "size": "15.98"}, {"price": "0.04", "size": "5.47"}], "asks": [{"price": "0.99", "size": "285.01"}, {"price": "0.98", "size": "32.49"}], "event_type": "book", "last_trade_price": ""}, {"market": "0xa356ddfa3d0554b5483659d16f9e9d2424dc2035100d54206b5c1629752c71a2", "asset_id": "41263639520583368629438416388661702165303725241937446341370892399761296395110", "timestamp": "1769383777907", "hash": "ffe38863d36f5bae4dabc885c46a2d0d13963c6c", "bids": [{"price": "0.01", "size": "481.1"}, {"price": "0.02", "size": "152.48"}, {"price": "0.03", "size": "15.98"}, {"price": "0.04", "size": "5.47"}], "asks": [{"price": "0.99", "size": "285.01"}, {"price": "0.98", "size": "32.49"}], "event_type": "book", "last_trade_price": ""}, {"market": "0x4425acc95f39b01cd22a3a47304864782a4861009c634de6460ee83a0afb750d", "asset_id": "90417243209957737472385533555131690513479432033678656517503561149146885366901", "timestamp": "1769383774705", "hash": "37f0e9dd482bd88a71396adb6123f8f8bdd2c68b", "bids": [{"price": "0.01", "size": "285.01"}, {"price": "0.02", "size": "32.49"}], "asks": [{"price": "0.99", "size": "481.1"}, {"price": "0.98", "size": "152.48"}, {"price": "0.97", "size": "15.98"}, {"price": "0.96", "size": "5.47"}], "event_type": "book", "last_trade_price": ""}, {"market": "0xd317b87fc8368d1c69d554b9e004ba66b20a598e2440d2f15dcc7bd85ba12920", "asset_id": "65553681029534392387434951162659965141446483532638643043485885760648709240901", "timestamp": "1769382484882", "hash": "f38377ef34d79e567778833ce99a8b75e429b937", "bids": [{"price": "0.01", "size": "415.3"}, {"price": "0.02", "size": "63.92"}, {"price": "0.03", "size": "49"}, {"price": "0.04", "size": "106.7"}, {"price": "0.05", "size": "50"}, {"price": "0.06", "size": "38.67"}], "asks": [{"price": "0.99", "size": "615.1"}, {"price": "0.98", "size": "25.65"}, {"price": "0.96", "size": "62"}, {"price": "0.95", "size": "109"}, {"price": "0.94", "size": "44.07"}], "event_type": "book", "last_trade_price": ""}, {"market": "0x3deb30c253968698e004bc9ebc796ade4dc4ef3d20447a95d82b10010d3e7157", "asset_id": "41151940099926920009932817607757781699732208546867233336329864673903510270478", "timestamp": "1769383776779", "hash": "039bcecbda95fe8af889d15b74ccbadd4ffe15fa", "bids": [{"price": "0.01", "size": "285.01"}, {"price": "0.02", "size": "32.49"}], "asks": [{"price": "0.99", "size": "481.1"}, {"price": "0.98", "size": "152.48"}, {"price": "0.97", "size": "15.98"}, {"price": "0.96", "size": "5.47"}], "event_type": "book", "last_trade_price": ""}, {"market": "0x4425acc95f39b01cd22a3a47304864782a4861009c634de6460ee83a0afb750d", "asset_id": "45017736375546144874514306496908296579729390869927287433943570422028875262887", "timestamp": "1769383774705", "hash": "08d5cd3e1098837dfff8abd3b349d630112cb933", "bids": [{"price": "0.01", "size": "481.1"}, {"price": "0.02", "size": "152.48"}, {"price": "0.03", "size": "15.98"}, {"price": "0.04", "size": "5.47"}], "asks": [{"price": "0.99", "size": "285.01"}, {"price": "0.98", "size": "32.49"}], "event_type": "book", "last_trade_price": ""}, {"market": "0xa18d01f5d0ac3ffd474771457364d7e2bdefb8de4eb5ce3033f7d69c1d8fd292", "asset_id": "84313995418481489072332293932699539177543396833851413617474917356558768766494", "timestamp": "1769383775628", "hash": "e61126ec030393bf27f98dac641490f52b059c4e", "bids": [{"price": "0.01", "size": "285.01"}, {"price": "0.02", "size": "32.49"}], "asks": [{"price": "0.99", "size": "481.1"}, {"price": "0.98", "size": "152.48"}, {"price": "0.97", "size": "15.98"}, {"price": "0.96", "size": "5.47"}], "event_type": "book", "last_trade_price": ""}, {"market": "0xa356ddfa3d0554b5483659d16f9e9d2424dc2035100d54206b5c1629752c71a2", "asset_id": "37772174649409549557210688262033038006347060596440256341258338389254022094304", "timestamp": "1769383777907", "hash": "19e572c8bab9994e3b6d238042c7248da09c3b4a", "bids": [{"price": "0.01", "size": "285.01"}, {"price": "0.02", "size": "32.49"}], "asks": [{"price": "0.99", "size": "481.1"}, {"price": "0.98", "size": "152.48"}, {"price": "0.97", "size": "15.98"}, {"price": "0.96", "size": "5.47"}], "event_type": "book", "last_trade_price": ""}]}
