{"_local_timestamp": "2026-01-25T23:41:10.520279+00:00", "data": [{"market": "0x3a28a78906b3187422cd023c09ef75ab305c0cae9373a80c1878c2e32b72e927", "asset_id": "109698769079739397396880243009431565115970173796990772635235846559955340801344", "timestamp": "1769381899956", "hash": "d68937894ab38d81ae93a55f22302c03e74f85fd", "bids": [{"price": "0.01", "size": "150"}, {"price": "0.02", "size": "158.01"}, {"price": "0.03", "size": "75"}, {"price": "0.04", "size": "8.43"}, {"price": "0.08", "size": "162.5"}, {"price": "0.09", "size": "66.69"}, {"price": "0.17", "size": "100"}, {"price": "0.18", "size": "5.55"}], "asks": [{"price": "0.99", "size": "155"}, {"price": "0.98", "size": "850"}, {"price": "0.97", "size": "8.43"}, {"price": "0.95", "size": "500"}, {"price": "0.92", "size": "300"}, {"price": "0.91", "size": "7.74"}, {"price": "0.83", "size": "52"}, {"price": "0.71", "size": "44.82"}, {"price": "0.7", "size": "36.66"}, {"price": "0.27", "size": "100"}], "event_type": "book", "last_trade_price": ""}, {"market": "0x3a28a78906b3187422cd023c09ef75ab305c0cae9373a80c1878c2e32b72e927", "asset_id": "79688176144107548665123036495907473614287747711255038075790990088405810994576", "timestamp": "1769381899956", "hash": "154081856c3f4337041e75db722c9d927e287482", "bids": [{"price": "0.01", "size": "155"}, {"price": "0.02", "size": "850"}, {"price": "0.03", "size": "8.43"}, {"price": "0.05", "size": "500"}, {"price": "0.08", "size": "300"}, {"price": "0.09", "size": "7.74"}, {"price": "0.17", "size": "52"}, {"price": "0.29", "size": "44.82"}, {"price": "0.3", "size": "36.66"}, {"price": "0.73", "size": "100"}], "asks": [{"price": "0.99", "size": "150"}, {"price": "0.98", "size": "158.01"}, {"price": "0.97", "size": "75"}, {"price": "0.96", "size": "8.43"}, {"price": "0.92", "size": "162.5"}, {"price": "0.91", "size": "66.69"}, {"price": "0.83", "size": "100"}, {"price": "0.82", "size": "5.55"}], "event_type": "book", "last_trade_price": ""}, {"market": "0xc53ae6dc8b902dcf814218e033db81ed16c4b247832473edf3b0decbad6d58dc", "asset_id": "88901855670243128381732841253703795638390568964230756754934097918301151174576", "timestamp": "1769383071562", "hash": "f991115dca1ecbb7a3a470378407b348cd4a3588", "bids": [{"price": "0.01", "size": "159.98"}, {"price": "0.02", "size": "850"}, {"price": "0.03", "size": "8.2"}, {"price": "0.05", "size": "500"}, {"price": "0.08", "size": "300"}, {"price": "0.09", "size": "7.26"}, {"price": "0.16", "size": "104"}, {"price": "0.36", "size": "36.11"}, {"price": "0.37", "size": "29.72"}, {"price": "0.6", "size": "100"}], "asks": [{"price": "0.99", "size": "159.9"}, {"price": "0.98", "size": "850"}, {"price": "0.97", "size": "8.67"}, {"price": "0.94", "size": "216.66"}, {"price": "0.93", "size": "78.57"}, {"price": "0.92", "size": "8"}, {"price": "0.87", "size": "246"}, {"price": "0.7", "size": "100"}], "event_type": "book", "last_trade_price": ""}, {"market": "0xc53ae6dc8b902dcf814218e033db81ed16c4b247832473edf3b0decbad6d58dc", "asset_id": "63067724075375844081033757478713145984786506115132914262332127745842242625232", "timestamp": "1769383071562", "hash": "1723768d41bb73487c609116907f7452e53d862f", "bids": [{"price": "0.01", "size": "159.9"}, {"price": "0.02", "size": "850"}, {"price": "0.03", "size": "8.67"}, {"price": "0.06", "size": "216.66"}, {"price": "0.07", "size": "78.57"}, {"price": "0.08", "size": "8"}, {"price": "0.13", "size": "246"}, {"price": "0.3", "size": "100"}], "asks": [{"price": "0.99", "size": "159.98"}, {"price": "0.98", "size": "850"}, {"price": "0.97", "size": "8.2"}, {"price": "0.95", "size": "500"}, {"price": "0.92", "size": "300"}, {"price": "0.91", "size": "7.26"}, {"price": "0.84", "size": "104"}, {"price": "0.64", "size": "36.11"}, {"price": "0.63", "size": "29.72"}, {"price": "0.4", "size": "100"}], "event_type": "book", "last_trade_price": ""}, {"market": "0x415704dabc3cd3af25dee7df5c15ac74146b6087bb03e9607a816cd6f23d962e", "asset_id": "56000520807531839768309582931754235501962677377187518964910308179658533241125", "timestamp": "1769382484886", "hash": "d943c1afb31093e32309509cac6bd463c26b7e08", "bids": [{"price": "0.01", "size": "159.11"}, {"price": "0.02", "size": "150"}, {"price": "0.03", "size": "10.9"}, {"price": "0.04", "size": "325"}, {"price": "0.06", "size": "172.66"}, {"price": "0.07", "size": "8.31"}, {"price": "0.14", "size": "100"}, {"price": "0.15", "size": "6.66"}], "asks": [{"price": "0.99", "size": "159.72"}, {"price": "0.98", "size": "850"}, {"price": "0.97", "size": "7.98"}, {"price": "0.95", "size": "500"}, {"price": "0.92", "size": "300"}, {"price": "0.91", "size": "7.36"}, {"price": "0.83", "size": "52"}, {"price": "0.71", "size": "44.82"}, {"price": "0.7", "size": "36.66"}, {"price": "0.24", "size": "100"}], "event_type": "book", "last_trade_price": ""}, {"market": "0x3c3135f6c1eee783484773f4c4ed10487633d54a3c2a74230caea374166c9ebb", "asset_id": "109984568406014800008187470967087065321422827738656975645836136313453521408132", "timestamp": "1769383882972", "hash": "80ab0ad34d27809891c0d96792e1b09e94d9abe8", "bids": [{"price": "0.01", "size": "668.81"}, {"price": "0.02", "size": "183.94"}, {"price": "0.03", "size": "98.07"}, {"price": "0.04", "size": "25"}, {"price": "0.05", "size": "57.51"}], "asks": [{"price": "0.99", "size": "664.79"}, {"price": "0.98", "size": "163.72"}, {"price": "0.97", "size": "75"}, {"price": "0.96", "size": "18.21"}, {"price": "0.95", "size": "20"}, {"price": "0.94", "size": "43.95"}], "event_type": "book", "last_trade_price": ""}, {"market": "0x415704dabc3cd3af25dee7df5c15ac74146b6087bb03e9607a816cd6f23d962e", "asset_id": "67266231491697428088286342323095956528223638064161174056392921098501757939906", "timestamp": "1769382484886", "hash": "93120cb8476d88840916ce63bd0f78df812bebbb", "bids": [{"price": "0.01", "size": "159.72"}, {"price": "0.02", "size": "850"}, {"price": "0.03", "size": "7.98"}, {"price": "0.05", "size": "500"}, {"price": "0.08", "size": "300"}, {"price": "0.09", "size": "7.36"}, {"price": "0.17", "size": "52"}, {"price": "0.29", "size": "44.82"}, {"price": "0.3", "size": "36.66"}, {"price": "0.76", "size": "100"}], "asks": [{"price": "0.99", "size": "159.11"}, {"price": "0.98", "size": "150"}, {"price": "0.97", "size": "10.9"}, {"price": "0.96", "size": "325"}, {"price": "0.94", "size": "172.66"}, {"price": "0.93", "size": "8.31"}, {"price": "0.86", "size": "100"}, {"price": "0.85", "size": "6.66"}], "event_type": "book", "last_trade_price": ""}, {"market": "0x3c3135f6c1eee783484773f4c4ed10487633d54a3c2a74230caea374166c9ebb", "asset_id": "9361499871858075810576712480737895539330555903093424458992936040007073184224", "timestamp": "1769383882972", "hash": "836bcd8acdab753ef353266626da89be9973a848", "bids": [{"price": "0.01", "size": "664.79"}, {"price": "0.02", "size": "163.72"}, {"price": "0.03", "size": "75"}, {"price": "0.04", "size": "18.21"}, {"price": "0.05", "size": "20"}, {"price": "0.06", "size": "43.95"}], "asks": [{"price": "0.99", "size": "668.81"}, {"price": "0.98", "size": "183.94"}, {"price": "0.97", "size": "98.07"}, {"price": "0.96", "size": "25"}, {"price": "0.95", "size": "57.51"}], "event_type": "book", "last_trade_price": ""}, {"market": "0x00c0941a1133585002db2e0a65da8241199384d32adb3505033d32ef1266cb9c", "asset_id": "61823056264662393303143785198044333661156342458479652775901911458456215360116", "timestamp": "1769384424945", "hash": "e0cb83113fbd66b13bc427be4ddd45edfba6c6c4", "bids": [{"price": "0.01", "size": "160.67"}, {"price": "0.02", "size": "850"}, {"price": "0.03", "size": "10.43"}, {"price": "0.05", "size": "500"}, {"price": "0.1", "size": "5.8"}, {"price": "0.13", "size": "237"}, {"price": "0.26", "size": "50"}, {"price": "0.27", "size": "40.74"}, {"price": "0.38", "size": "100"}], "asks": [{"price": "0.99", "size": "155.01"}, {"price": "0.98", "size": "855.91"}, {"price": "0.96", "size": "6.33"}, {"price": "0.95", "size": "500"}, {"price": "0.92", "size": "300"}, {"price": "0.89", "size": "5.25"}, {"price": "0.84", "size": "104"}, {"price": "0.72", "size": "46.42"}, {"price": "0.71", "size": "37.93"}, {"price": "0.48", "size": "100"}], "event_type": "book", "last_trade_price": ""}, {"market": "0x00c0941a1133585002db2e0a65da8241199384d32adb3505033d32ef1266cb9c", "asset_id": "6881194990502080089996152552710922331886146349832142472404827686979467698932", "timestamp": "1769384424945", "hash": "c6ae5815ad914fad1d53d5edb1bf8183b67bb8da", "bids": [{"price": "0.01", "size": "155.01"}, {"price": "0.02", "size": "855.91"}, {"price": "0.04", "size": "6.33"}, {"price": "0.05", "size": "500"}, {"price": "0.08", "size": "300"}, {"price": "0.11", "size": "5.25"}, {"price": "0.16", "size": "104"}, {"price": "0.28", "size": "46.42"}, {"price": "0.29", "size": "37.93"}, {"price": "0.52", "size": "100"}], "asks": [{"price": "0.99", "size": "160.67"}, {"price": "0.98", "size": "850"}, {"price": "0.97", "size": "10.43"}, {"price": "0.95", "size": "500"}, {"price": "0.9", "size": "5.8"}, {"price": "0.87", "size": "237"}, {"price": "0.74", "size": "50"}, {"price": "0.73", "size": "40.74"}, {"price": "0.62", "size": "100"}], "event_type": "book", "last_trade_price": ""}]}
{"_local_timestamp": "2026-01-25T23:41:27.135077+00:00", "data": {"market": "0x3a28a78906b3187422cd023c09ef75ab305c0cae9373a80c1878c2e32b72e927", "price_changes": [{"asset_id": "109698769079739397396880243009431565115970173796990772635235846559955340801344", "price": "0.02", "size": "8.01", "side": "BUY", "hash": "688e1ff655e6ab751e458a3591812e21c96fa0a2", "best_bid": "0.18", "best_ask": "0.27"}, {"asset_id": "79688176144107548665123036495907473614287747711255038075790990088405810994576", "price": "0.98", "size": "8.01", "side": "SELL", "hash": "15aae18541cb6e62f07fdae6035998ff4a74cf81", "best_bid": "0.73", "best_ask": "0.82"}], "timestamp": "1769384487000", "event_type": "price_change"}}
{"_local_timestamp": "2026-01-25T23:41:27.162211+00:00", "data": {"market": "0x3a28a78906b3187422cd023c09ef75ab305c0cae9373a80c1878c2e32b72e927", "price_changes": [{"asset_id": "79688176144107548665123036495907473614287747711255038075790990088405810994576", "price": "0.02", "size": "700", "side": "BUY", "hash": "12fb0f436e641bbc2aa347d15714f3c6c8dfd3d6", "best_bid": "0.73", "best_ask": "0.82"}, {"asset_id": "109698769079739397396880243009431565115970173796990772635235846559955340801344", "price": "0.98", "size": "700", "side": "SELL", "hash": "2a17d42b7399918d177465f92b851676a4ad7bcc", "best_bid": "0.18", "best_ask": "0.27"}], "timestamp": "1769384487001", "event_type": "price_change"}}
{"_local_timestamp": "2026-01-25T23:41:33.859495+00:00", "data": {"market": "0x3a28a78906b3187422cd023c09ef75ab305c0cae9373a80c1878c2e32b72e927", "price_changes": [{"asset_id": "109698769079739397396880243009431565115970173796990772635235846559955340801344", "price": "0.02", "size": "158.01", "side": "BUY", "hash": "dbf54456bade1f0f20c5cd8207c9382b92cdcef3", "best_bid": "0.18", "best_ask": "0.27"}, {"asset_id": "79688176144107548665123036495907473614287747711255038075790990088405810994576", "price": "0.98", "size": "158.01", "side": "SELL", "hash": "f283432dfb4c6e48b8b305445149f0e75de0e72e", "best_bid": "0.73", "best_ask": "0.82"}], "timestamp": "1769384493764", "event_type": "price_change"}}
{"_local_timestamp": "2026-01-25T23:41:33.865641+00:00", "data": {"market": "0x3a28a78906b3187422cd023c09ef75ab305c0cae9373a80c1878c2e32b72e927", "price_changes": [{"asset_id": "79688176144107548665123036495907473614287747711255038075790990088405810994576", "price": "0.02", "size": "850", "side": "BUY", "hash": "0bb9542051db34356d852c8476b25d7f455c1aa7", "best_bid": "0.73", "best_ask": "0.82"}, {"asset_id": "109698769079739397396880243009431565115970173796990772635235846559955340801344", "price": "0.98", "size": "850", "side": "SELL", "hash": "3bc7dacd8962296725c3257f4d3ac30035002b7e", "best_bid": "0.18", "best_ask": "0.27"}], "timestamp": "1769384493766", "event_type": "price_change"}}
