{"_local_timestamp": "2026-01-25T23:34:01.173815+00:00", "data": [{"market": "0xe7bbc2b6ec5bf04d80dbe15b175e572c486c56261ecaaf8a473bdd33e9778b59", "asset_id": "38335822398259920714072433245235378258969905777055747159850785638629612805523", "timestamp": "1769384037443", "hash": "07af76dc0e34d614e3f8858025e606851be72c29", "bids": [{"price": "0.01", "size": "2913.1"}, {"price": "0.02", "size": "1256.35"}, {"price": "0.03", "size": "7.04"}, {"price": "0.04", "size": "500"}, {"price": "0.05", "size": "330"}, {"price": "0.06", "size": "172.42"}, {"price": "0.07", "size": "200"}, {"price": "0.08", "size": "50"}, {"price": "0.09", "size": "13.16"}, {"price": "0.14", "size": "66.66"}, {"price": "0.15", "size": "20"}, {"price": "0.23", "size": "66.66"}], "asks": [{"price": "0.99", "size": "297.32"}, {"price": "0.98", "size": "75"}, {"price": "0.97", "size": "70"}, {"price": "0.96", "size": "66.66"}], "event_type": "book", "last_trade_price": ""}, {"market": "0xa1ffdef0a9457da6fe920f0573ecc593b4e6b0652fe4b36117f352641779c3bd", "asset_id": "76206168371896570817807870510793357337239454701597657404703677530412968463012", "timestamp": "1769384037443", "hash": "a1f5efd3815c91e9e7b7db7a028826d5bec68b9c", "bids": [{"price": "0.01", "size": "230.66"}, {"price": "0.02", "size": "87.99"}, {"price": "0.03", "size": "213.66"}, {"price": "0.06", "size": "83.26"}], "asks": [{"price": "0.99", "size": "2915.46"}, {"price": "0.98", "size": "1257.91"}, {"price": "0.97", "size": "12.27"}, {"price": "0.96", "size": "500"}, {"price": "0.95", "size": "330"}, {"price": "0.94", "size": "172.17"}, {"price": "0.93", "size": "200"}, {"price": "0.92", "size": "50"}, {"price": "0.91", "size": "10.97"}, {"price": "0.86", "size": "66.66"}, {"price": "0.85", "size": "20"}, {"price": "0.79", "size": "66.66"}], "event_type": "book", "last_trade_price": ""}, {"market": "0x9406de90dc5df4f861075195f6c289750e9cbbe0649a97ac16b4d9c355d4c868", "asset_id": "83203110138845664357331417236484086031162847488962209703758651278630020463582", "timestamp": "1769384037443", "hash": "d149f288e30034fc33030756ec4c90613333c79b", "bids": [{"price": "0.01", "size": "2914.16"}, {"price": "0.02", "size": "1256.87"}, {"price": "0.03", "size": "12.38"}, {"price": "0.04", "size": "500"}, {"price": "0.05", "size": "230"}, {"price": "0.06", "size": "372.3"}, {"price": "0.07", "size": "100"}, {"price": "0.08", "size": "50"}, {"price": "0.09", "size": "11.23"}, {"price": "0.14", "size": "66.66"}, {"price": "0.15", "size": "20"}, {"price": "0.21", "size": "66.66"}], "asks": [{"price": "0.99", "size": "230.66"}, {"price": "0.98", "size": "87.99"}, {"price": "0.97", "size": "210.66"}, {"price": "0.94", "size": "83.26"}], "event_type": "book", "last_trade_price": ""}, {"market": "0x9406de90dc5df4f861075195f6c289750e9cbbe0649a97ac16b4d9c355d4c868", "asset_id": "27876660047576783213129713987865846552682816421202213594164957922837854504578", "timestamp": "1769384037443", "hash": "fff350161cdfb1cd15ac7472ee040836f9217a25", "bids": [{"price": "0.01", "size": "230.66"}, {"price": "0.02", "size": "87.99"}, {"price": "0.03", "size": "210.66"}, {"price": "0.06", "size": "83.26"}], "asks": [{"price": "0.99", "size": "2914.16"}, {"price": "0.98", "size": "1256.87"}, {"price": "0.97", "size": "12.38"}, {"price": "0.96", "size": "500"}, {"price": "0.95", "size": "230"}, {"price": "0.94", "size": "372.3"}, {"price": "0.93", "size": "100"}, {"price": "0.92", "size": "50"}, {"price": "0.91", "size": "11.23"}, {"price": "0.86", "size": "66.66"}, {"price": "0.85", "size": "20"}, {"price": "0.79", "size": "66.66"}], "event_type": "book", "last_trade_price": ""}, {"market": "0x33169e953d94fb7a3b356cf768c540ec06fa31d4a967dafb0fa10e68d56488c4", "asset_id": "56994701114048882383790482714232298047952168243935147530156538627837436805079", "timestamp": "1769384037443", "hash": "eb43026d17ef844db978a755e3b54a9543b1ef74", "bids": [{"price": "0.01", "size": "230.66"}, {"price": "0.02", "size": "87.99"}, {"price": "0.03", "size": "113.66"}, {"price": "0.06", "size": "83.26"}], "asks": [{"price": "0.99", "size": "2911.71"}, {"price": "0.98", "size": "1256.87"}, {"price": "0.97", "size": "13.69"}, {"price": "0.96", "size": "500"}, {"price": "0.95", "size": "230"}, {"price": "0.94", "size": "372.32"}, {"price": "0.93", "size": "100"}, {"price": "0.92", "size": "50"}, {"price": "0.91", "size": "11.05"}, {"price": "0.86", "size": "66.66"}, {"price": "0.85", "size": "20"}, {"price": "0.79", "size": "66.66"}], "event_type": "book", "last_trade_price": ""}, {"market": "0x42a60f7b17d74c10b72b6ca1c7ff495ba87928536bbc0be61db067b371b6e66b", "asset_id": "24065935965505418220743799848793676799375825575208835676592643727386993565502", "timestamp": "1769384037443", "hash": "353af53e2f4973416a57e1b5dedf13547e67cf36", "bids": [{"price": "0.01", "size": "230.66"}, {"price": "0.02", "size": "87.99"}, {"price": "0.03", "size": "213.66"}, {"price": "0.06", "size": "81.66"}], "asks": [{"price": "0.99", "size": "2913.88"}, {"price": "0.98", "size": "1255.51"}, {"price": "0.97", "size": "24.61"}, {"price": "0.96", "size": "500"}, {"price": "0.95", "size": "330"}, {"price": "0.94", "size": "166.66"}, {"price": "0.93", "size": "206.34"}, {"price": "0.9", "size": "50"}, {"price": "0.89", "size": "5.17"}, {"price": "0.86", "size": "66.66"}, {"price": "0.85", "size": "20"}, {"price": "0.78", "size": "66.66"}], "event_type": "book", "last_trade_price": ""}, {"market": "0x42a60f7b17d74c10b72b6ca1c7ff495ba87928536bbc0be61db067b371b6e66b", "asset_id": "9131511062739215563973194643839255465216904578227150178223929351830072336661", "timestamp": "1769384037443", "hash": "57c57cc2bd0c8df722bef43a5dcdff0a4775f7b9", "bids": [{"price": "0.01", "size": "2913.88"}, {"price": "0.02", "size": "1255.51"}, {"price": "0.03", "size": "24.61"}, {"price": "0.04", "size": "500"}, {"price": "0.05", "size": "330"}, {"price": "0.06", "size": "166.66"}, {"price": "0.07", "size": "206.34"}, {"price": "0.1", "size": "50"}, {"price": "0.11", "size": "5.17"}, {"price": "0.14", "size": "66.66"}, {"price": "0.15", "size": "20"}, {"price": "0.22", "size": "66.66"}], "asks": [{"price": "0.99", "size": "230.66"}, {"price": "0.98", "size": "87.99"}, {"price": "0.97", "size": "213.66"}, {"price": "0.94", "size": "81.66"}], "event_type": "book", "last_trade_price": ""}, {"market": "0x33169e953d94fb7a3b356cf768c540ec06fa31d4a967dafb0fa10e68d56488c4", "asset_id": "10772775219302218013020168662797680757836174357026881116818461954789588892520", "timestamp": "1769384037443", "hash": "8562b1056d292e221ce716b58e17f0eab28c1f64", "bids": [{"price": "0.01", "size": "2911.71"}, {"price": "0.02", "size": "1256.87"}, {"price": "0.03", "size": "13.69"}, {"price": "0.04", "size": "500"}, {"price": "0.05", "size": "230"}, {"price": "0.06", "size": "372.32"}, {"price": "0.07", "size": "100"}, {"price": "0.08", "size": "50"}, {"price": "0.09", "size": "11.05"}, {"price": "0.14", "size": "66.66"}, {"price": "0.15", "size": "20"}, {"price": "0.21", "size": "66.66"}], "asks": [{"price": "0.99", "size": "230.66"}, {"price": "0.98", "size": "87.99"}, {"price": "0.97", "size": "113.66"}, {"price": "0.94", "size": "83.26"}], "event_type": "book", "last_trade_price": ""}, {"market": "0xe7bbc2b6ec5bf04d80dbe15b175e572c486c56261ecaaf8a473bdd33e9778b59", "asset_id": "69432753854591746861782464250034619363278158793830895199753748692777024144286", "timestamp": "1769384037443", "hash": "5fab7bb49f65909e2bd5b8f484b8d31db2dc94d0", "bids": [{"price": "0.01", "size": "297.32"}, {"price": "0.02", "size": "75"}, {"price": "0.03", "size": "70"}, {"price": "0.04", "size": "66.66"}], "asks": [{"price": "0.99", "size": "2913.1"}, {"price": "0.98", "size": "1256.35"}, {"price": "0.97", "size": "7.04"}, {"price": "0.96", "size": "500"}, {"price": "0.95", "size": "330"}, {"price": "0.94", "size": "172.42"}, {"price": "0.93", "size": "200"}, {"price": "0.92", "size": "50"}, {"price": "0.91", "size": "13.16"}, {"price": "0.86", "size": "66.66"}, {"price": "0.85", "size": "20"}, {"price": "0.77", "size": "66.66"}], "event_type": "book", "last_trade_price": ""}, {"market": "0xa1ffdef0a9457da6fe920f0573ecc593b4e6b0652fe4b36117f352641779c3bd", "asset_id": "14985816199735469587284620411014592939929252673345539168983518202181761464407", "timestamp": "1769384037443", "hash": "123b10a59f9cd382dfaa758f766a35c960492f0d", "bids": [{"price": "0.01", "size": "2915.46"}, {"price": "0.02", "size": "1257.91"}, {"price": "0.03", "size": "12.27"}, {"price": "0.04", "size": "500"}, {"price": "0.05", "size": "330"}, {"price": "0.06", "size": "172.17"}, {"price": "0.07", "size": "200"}, {"price": "0.08", "size": "50"}, {"price": "0.09", "size": "10.97"}, {"price": "0.14", "size": "66.66"}, {"price": "0.15", "size": "20"}, {"price": "0.21", "size": "66.66"}], "asks": [{"price": "0.99", "size": "230.66"}, {"price": "0.98", "size": "87.99"}, {"price": "0.97", "size": "213.66"}, {"price": "0.94", "size": "83.26"}], "event_type": "book", "last_trade_price": ""}]}
{"_local_timestamp": "2026-01-25T23:34:54.615730+00:00", "data": {"market": "0x42a60f7b17d74c10b72b6ca1c7ff495ba87928536bbc0be61db067b371b6e66b", "price_changes": [{"asset_id": "9131511062739215563973194643839255465216904578227150178223929351830072336661", "price": "0.07", "size": "106.34", "side": "BUY", "hash": "a3db90ca50e374639edee1cbcd1b3354e12a2a43", "best_bid": "0.22", "best_ask": "0.94"}, {"asset_id": "24065935965505418220743799848793676799375825575208835676592643727386993565502", "price": "0.93", "size": "106.34", "side": "SELL", "hash": "033a1f8e50816b4a056e3edad2c7de8fce525353", "best_bid": "0.06", "best_ask": "0.78"}], "timestamp": "1769384094544", "event_type": "price_change"}}
{"_local_timestamp": "2026-01-25T23:34:54.616973+00:00", "data": {"market": "0xe7bbc2b6ec5bf04d80dbe15b175e572c486c56261ecaaf8a473bdd33e9778b59", "price_changes": [{"asset_id": "38335822398259920714072433245235378258969905777055747159850785638629612805523", "price": "0.07", "size": "100", "side": "BUY", "hash": "f8a13ea8694448609ed31ee593ae366e79c276e4", "best_bid": "0.23", "best_ask": "0.96"}, {"asset_id": "69432753854591746861782464250034619363278158793830895199753748692777024144286", "price": "0.93", "size": "100", "side": "SELL", "hash": "03afd77c969df963cf741b683590a9436ca33021", "best_bid": "0.04", "best_ask": "0.77"}], "timestamp": "1769384094544", "event_type": "price_change"}}
{"_local_timestamp": "2026-01-25T23:34:54.623060+00:00", "data": {"market": "0xa1ffdef0a9457da6fe920f0573ecc593b4e6b0652fe4b36117f352641779c3bd", "price_changes": [{"asset_id": "14985816199735469587284620411014592939929252673345539168983518202181761464407", "price": "0.07", "size": "100", "side": "BUY", "hash": "9669dda38a531a3afc8ae8b1d59f2083657232a8", "best_bid": "0.21", "best_ask": "0.94"}, {"asset_id": "76206168371896570817807870510793357337239454701597657404703677530412968463012", "price": "0.93", "size": "100", "side": "SELL", "hash": "348530b9b6cee936ea28b92ed18250b01ddcd535", "best_bid": "0.06", "best_ask": "0.79"}], "timestamp": "1769384094547", "event_type": "price_change"}}
{"_local_timestamp": "2026-01-25T23:34:54.956930+00:00", "data": {"market": "0x42a60f7b17d74c10b72b6ca1c7ff495ba87928536bbc0be61db067b371b6e66b", "price_changes": [{"asset_id": "9131511062739215563973194643839255465216904578227150178223929351830072336661", "price": "0.05", "size": "430", "side": "BUY", "hash": "2a113d1878bf1fe0d57351ee3dfcddcf313104f7", "best_bid": "0.22", "best_ask": "0.94"}, {"asset_id": "24065935965505418220743799848793676799375825575208835676592643727386993565502", "price": "0.95", "size": "430", "side": "SELL", "hash": "5ad8547f3a62766c8310d9cc019ec9cc7aa61ae1", "best_bid": "0.06", "best_ask": "0.78"}], "timestamp": "1769384094875", "event_type": "price_change"}}
{"_local_timestamp": "2026-01-25T23:34:54.962381+00:00", "data": {"market": "0xa1ffdef0a9457da6fe920f0573ecc593b4e6b0652fe4b36117f352641779c3bd", "price_changes": [{"asset_id": "14985816199735469587284620411014592939929252673345539168983518202181761464407", "price": "0.05", "size": "430", "side": "BUY", "hash": "b640c5c11f018bc1ff643e18d2846605ab850cd1", "best_bid": "0.21", "best_ask": "0.94"}, {"asset_id": "76206168371896570817807870510793357337239454701597657404703677530412968463012", "price": "0.95", "size": "430", "side": "SELL", "hash": "972da117153c210e581f26f0de7e9edaa8feb345", "best_bid": "0.06", "best_ask": "0.79"}], "timestamp": "1769384094876", "event_type": "price_change"}}
{"_local_timestamp": "2026-01-25T23:34:54.970451+00:00", "data": {"market": "0xe7bbc2b6ec5bf04d80dbe15b175e572c486c56261ecaaf8a473bdd33e9778b59", "price_changes": [{"asset_id": "38335822398259920714072433245235378258969905777055747159850785638629612805523", "price": "0.05", "size": "430", "side": "BUY", "hash": "73a9491c064ad3cb66b5074073685189d1ee3e72", "best_bid": "0.23", "best_ask": "0.96"}, {"asset_id": "69432753854591746861782464250034619363278158793830895199753748692777024144286", "price": "0.95", "size": "430", "side": "SELL", "hash": "fe4d1c96be602fe83ab949c2cffef21eb3dc70eb", "best_bid": "0.04", "best_ask": "0.77"}], "timestamp": "1769384094876", "event_type": "price_change"}}
{"_local_timestamp": "2026-01-25T23:36:25.884658+00:00", "data": {"market": "0xa1ffdef0a9457da6fe920f0573ecc593b4e6b0652fe4b36117f352641779c3bd", "price_changes": [{"asset_id": "14985816199735469587284620411014592939929252673345539168983518202181761464407", "price": "0.21", "size": "0", "side": "BUY", "hash": "0ae02b36ce5b2e4a78c171397c6350d394f16d96", "best_bid": "0.15", "best_ask": "0.94"}, {"asset_id": "76206168371896570817807870510793357337239454701597657404703677530412968463012", "price": "0.79", "size": "0", "side": "SELL", "hash": "01162c6e108c97d3907a0bb33780ff4d533da484", "best_bid": "0.06", "best_ask": "0.85"}], "timestamp": "1769384185812", "event_type": "price_change"}}
{"_local_timestamp": "2026-01-25T23:36:25.885499+00:00", "data": {"market": "0x9406de90dc5df4f861075195f6c289750e9cbbe0649a97ac16b4d9c355d4c868", "price_changes": [{"asset_id": "83203110138845664357331417236484086031162847488962209703758651278630020463582", "price": "0.21", "size": "0", "side": "BUY", "hash": "03487ba16038bfa794c9ce0311bc5ea80ff01ba2", "best_bid": "0.15", "best_ask": "0.94"}, {"asset_id": "27876660047576783213129713987865846552682816421202213594164957922837854504578", "price": "0.79", "size": "0", "side": "SELL", "hash": "083f476a04993fae158d187cf46d1a4379793b7a", "best_bid": "0.06", "best_ask": "0.85"}], "timestamp": "1769384185812", "event_type": "price_change"}}
{"_local_timestamp": "2026-01-25T23:36:25.885783+00:00", "data": {"market": "0x42a60f7b17d74c10b72b6ca1c7ff495ba87928536bbc0be61db067b371b6e66b", "price_changes": [{"asset_id": "9131511062739215563973194643839255465216904578227150178223929351830072336661", "price": "0.22", "size": "0", "side": "BUY", "hash": "973a0fe626790b32c57ee3366058f17e01c2ce1d", "best_bid": "0.15", "best_ask": "0.94"}, {"asset_id": "24065935965505418220743799848793676799375825575208835676592643727386993565502", "price": "0.78", "size": "0", "side": "SELL", "hash": "2fc91e9b434547b4828201850ecc21955a2b7edc", "best_bid": "0.06", "best_ask": "0.85"}], "timestamp": "1769384185812", "event_type": "price_change"}}
{"_local_timestamp": "2026-01-25T23:36:25.886058+00:00", "data": {"market": "0x33169e953d94fb7a3b356cf768c540ec06fa31d4a967dafb0fa10e68d56488c4", "price_changes": [{"asset_id": "10772775219302218013020168662797680757836174357026881116818461954789588892520", "price": "0.21", "size": "0", "side": "BUY", "hash": "a12aa1ad91d4e75ed1f72b91c52e1b7530db65c8", "best_bid": "0.15", "best_ask": "0.94"}, {"asset_id": "56994701114048882383790482714232298047952168243935147530156538627837436805079", "price": "0.79", "size": "0", "side": "SELL", "hash": "d1d5c2faa05a5990008d77ed7a4cc8a8d4c150a1", "best_bid": "0.06", "best_ask": "0.85"}], "timestamp": "1769384185812", "event_type": "price_change"}}
{"_local_timestamp": "2026-01-25T23:36:25.886372+00:00", "data": {"market": "0xe7bbc2b6ec5bf04d80dbe15b175e572c486c56261ecaaf8a473bdd33e9778b59", "price_changes": [{"asset_id": "38335822398259920714072433245235378258969905777055747159850785638629612805523", "price": "0.23", "size": "0", "side": "BUY", "hash": "246eff5b689b3be7657a26a1459d66bfdaeeb373", "best_bid": "0.15", "best_ask": "0.96"}, {"asset_id": "69432753854591746861782464250034619363278158793830895199753748692777024144286", "price": "0.77", "size": "0", "side": "SELL", "hash": "171ac9eee9808f5454bbd3f857375d8151d0d97c", "best_bid": "0.04", "best_ask": "0.85"}], "timestamp": "1769384185812", "event_type": "price_change"}}
{"_local_timestamp": "2026-01-25T23:36:26.259696+00:00", "data": {"market": "0xa1ffdef0a9457da6fe920f0573ecc593b4e6b0652fe4b36117f352641779c3bd", "price_changes": [{"asset_id": "14985816199735469587284620411014592939929252673345539168983518202181761464407", "price": "0.16", "size": "66.66", "side": "BUY", "hash": "31c52e180374c2011b9083a53a743ae9f44e9a33", "best_bid": "0.16", "best_ask": "0.94"}, {"asset_id": "76206168371896570817807870510793357337239454701597657404703677530412968463012", "price": "0.84", "size": "66.66", "side": "SELL", "hash": "ee6596cc9fca729e5a429bcf1ae32bfffd1bb585", "best_bid": "0.06", "best_ask": "0.84"}], "timestamp": "1769384186187", "event_type": "price_change"}}
{"_local_timestamp": "2026-01-25T23:36:26.274798+00:00", "data": {"market": "0x42a60f7b17d74c10b72b6ca1c7ff495ba87928536bbc0be61db067b371b6e66b", "price_changes": [{"asset_id": "9131511062739215563973194643839255465216904578227150178223929351830072336661", "price": "0.16", "size": "66.66", "side": "BUY", "hash": "11fdf147a7485a6c8dccacc643cad90b1dbf552f", "best_bid": "0.16", "best_ask": "0.94"}, {"asset_id": "24065935965505418220743799848793676799375825575208835676592643727386993565502", "price": "0.84", "size": "66.66", "side": "SELL", "hash": "93913e7d6102738278817c3ac6097be0e8b51e3e", "best_bid": "0.06", "best_ask": "0.84"}], "timestamp": "1769384186210", "event_type": "price_change"}}
{"_local_timestamp": "2026-01-25T23:36:26.307729+00:00", "data": {"market": "0xe7bbc2b6ec5bf04d80dbe15b175e572c486c56261ecaaf8a473bdd33e9778b59", "price_changes": [{"asset_id": "38335822398259920714072433245235378258969905777055747159850785638629612805523", "price": "0.16", "size": "66.66", "side": "BUY", "hash": "a3e36684988951816565a2b37ecaf6fbd5d89979", "best_bid": "0.16", "best_ask": "0.96"}, {"asset_id": "69432753854591746861782464250034619363278158793830895199753748692777024144286", "price": "0.84", "size": "66.66", "side": "SELL", "hash": "d716d4c3edb80e98f8f00fe724e961dd2847c9b1", "best_bid": "0.04", "best_ask": "0.84"}], "timestamp": "1769384186235", "event_type": "price_change"}}
{"_local_timestamp": "2026-01-25T23:36:26.315885+00:00", "data": {"market": "0x9406de90dc5df4f861075195f6c289750e9cbbe0649a97ac16b4d9c355d4c868", "price_changes": [{"asset_id": "83203110138845664357331417236484086031162847488962209703758651278630020463582", "price": "0.16", "size": "66.66", "side": "BUY", "hash": "afe1c05373362e3da3622900b58c62f6d3b29fb3", "best_bid": "0.16", "best_ask": "0.94"}, {"asset_id": "27876660047576783213129713987865846552682816421202213594164957922837854504578", "price": "0.84", "size": "66.66", "side": "SELL", "hash": "148fe809ec8899f2caac96b83f6c6c54b6f02a53", "best_bid": "0.06", "best_ask": "0.84"}], "timestamp": "1769384186245", "event_type": "price_change"}}
{"_local_timestamp": "2026-01-25T23:36:26.394242+00:00", "data": {"market": "0x33169e953d94fb7a3b356cf768c540ec06fa31d4a967dafb0fa10e68d56488c4", "price_changes": [{"asset_id": "10772775219302218013020168662797680757836174357026881116818461954789588892520", "price": "0.16", "size": "66.66", "side": "BUY", "hash": "eca8a8f3bf8788c4e697c44341e784ca4966cec8", "best_bid": "0.16", "best_ask": "0.94"}, {"asset_id": "56994701114048882383790482714232298047952168243935147530156538627837436805079", "price": "0.84", "size": "66.66", "side": "SELL", "hash": "032d4f30eb6a18d0e93e65ca9d4426987df50200", "best_bid": "0.06", "best_ask": "0.84"}], "timestamp": "1769384186326", "event_type": "price_change"}}
{"_local_timestamp": "2026-01-25T23:36:32.493249+00:00", "data": {"market": "0xe7bbc2b6ec5bf04d80dbe15b175e572c486c56261ecaaf8a473bdd33e9778b59", "price_changes": [{"asset_id": "38335822398259920714072433245235378258969905777055747159850785638629612805523", "price": "0.15", "size": "0", "side": "BUY", "hash": "8b6571b70801c09034319424ce09c21374754874", "best_bid": "0.16", "best_ask": "0.96"}, {"asset_id": "69432753854591746861782464250034619363278158793830895199753748692777024144286", "price": "0.85", "size": "0", "side": "SELL", "hash": "32c4a35bbb60f703f526fd23e86fa68259b42784", "best_bid": "0.04", "best_ask": "0.84"}], "timestamp": "1769384192420", "event_type": "price_change"}}
{"_local_timestamp": "2026-01-25T23:36:32.493748+00:00", "data": {"market": "0xa1ffdef0a9457da6fe920f0573ecc593b4e6b0652fe4b36117f352641779c3bd", "price_changes": [{"asset_id": "14985816199735469587284620411014592939929252673345539168983518202181761464407", "price": "0.15", "size": "0", "side": "BUY", "hash": "ee61b8940ad48a68ee02cd08f1ecd92ccacbacd4", "best_bid": "0.16", "best_ask": "0.94"}, {"asset_id": "76206168371896570817807870510793357337239454701597657404703677530412968463012", "price": "0.85", "size": "0", "side": "SELL", "hash": "673e75b2fc6b0716eed85390b8f76674e6a92f00", "best_bid": "0.06", "best_ask": "0.84"}], "timestamp": "1769384192420", "event_type": "price_change"}}
{"_local_timestamp": "2026-01-25T23:36:32.494076+00:00", "data": {"market": "0x42a60f7b17d74c10b72b6ca1c7ff495ba87928536bbc0be61db067b371b6e66b", "price_changes": [{"asset_id": "9131511062739215563973194643839255465216904578227150178223929351830072336661", "price": "0.15", "size": "0", "side": "BUY", "hash": "70b2930de796a93ee134846da2a6265266760214", "best_bid": "0.16", "best_ask": "0.94"}, {"asset_id": "24065935965505418220743799848793676799375825575208835676592643727386993565502", "price": "0.85", "size": "0", "side": "SELL", "hash": "a86c31b2da34259777771508b45fa249c8acd8c0", "best_bid": "0.06", "best_ask": "0.84"}], "timestamp": "1769384192420", "event_type": "price_change"}}
{"_local_timestamp": "2026-01-25T23:36:32.494409+00:00", "data": {"market": "0x33169e953d94fb7a3b356cf768c540ec06fa31d4a967dafb0fa10e68d56488c4", "price_changes": [{"asset_id": "10772775219302218013020168662797680757836174357026881116818461954789588892520", "price": "0.15", "size": "0", "side": "BUY", "hash": "2489ba942e40c7c20e85f4e74ac20de63ffb8387", "best_bid": "0.16", "best_ask": "0.94"}, {"asset_id": "56994701114048882383790482714232298047952168243935147530156538627837436805079", "price": "0.85", "size": "0", "side": "SELL", "hash": "b1d9c2bc87974ec0c210b4fdb8ba8260aebc6778", "best_bid": "0.06", "best_ask": "0.84"}], "timestamp": "1769384192420", "event_type": "price_change"}}
{"_local_timestamp": "2026-01-25T23:36:32.494744+00:00", "data": {"market": "0x9406de90dc5df4f861075195f6c289750e9cbbe0649a97ac16b4d9c355d4c868", "price_changes": [{"asset_id": "83203110138845664357331417236484086031162847488962209703758651278630020463582", "price": "0.15", "size": "0", "side": "BUY", "hash": "a34d533d11ec7468bf8908962c710723f7f6a99e", "best_bid": "0.16", "best_ask": "0.94"}, {"asset_id": "27876660047576783213129713987865846552682816421202213594164957922837854504578", "price": "0.85", "size": "0", "side": "SELL", "hash": "5cb52e18663a4f9fefaf52ac314e0a6376b443e5", "best_bid": "0.06", "best_ask": "0.84"}], "timestamp": "1769384192420", "event_type": "price_change"}}
{"_local_timestamp": "2026-01-25T23:36:32.519514+00:00", "data": {"market": "0x42a60f7b17d74c10b72b6ca1c7ff495ba87928536bbc0be61db067b371b6e66b", "price_changes": [{"asset_id": "9131511062739215563973194643839255465216904578227150178223929351830072336661", "price": "0.17", "size": "20", "side": "BUY", "hash": "3980cb97639287bb1fbb779f924f1339b9bebdf5", "best_bid": "0.17", "best_ask": "0.94"}, {"asset_id": "24065935965505418220743799848793676799375825575208835676592643727386993565502", "price": "0.83", "size": "20", "side": "SELL", "hash": "bfb0363a89e9013f2e8cb3734287a4d136402ef9", "best_bid": "0.06", "best_ask": "0.83"}], "timestamp": "1769384192447", "event_type": "price_change"}}
{"_local_timestamp": "2026-01-25T23:36:32.520203+00:00", "data": {"market": "0xa1ffdef0a9457da6fe920f0573ecc593b4e6b0652fe4b36117f352641779c3bd", "price_changes": [{"asset_id": "14985816199735469587284620411014592939929252673345539168983518202181761464407", "price": "0.17", "size": "20", "side": "BUY", "hash": "31be08e666afaf5b0e638b270490ca9059a0b878", "best_bid": "0.17", "best_ask": "0.94"}, {"asset_id": "76206168371896570817807870510793357337239454701597657404703677530412968463012", "price": "0.83", "size": "20", "side": "SELL", "hash": "47931f24d1fac1754cf70c6a6ae4fadd5d5b492d", "best_bid": "0.06", "best_ask": "0.83"}], "timestamp": "1769384192447", "event_type": "price_change"}}
{"_local_timestamp": "2026-01-25T23:36:32.520595+00:00", "data": {"market": "0x33169e953d94fb7a3b356cf768c540ec06fa31d4a967dafb0fa10e68d56488c4", "price_changes": [{"asset_id": "10772775219302218013020168662797680757836174357026881116818461954789588892520", "price": "0.17", "size": "20", "side": "BUY", "hash": "e5dd9c99100f91eb384f4bf4d97d05cfe6c39138", "best_bid": "0.17", "best_ask": "0.94"}, {"asset_id": "56994701114048882383790482714232298047952168243935147530156538627837436805079", "price": "0.83", "size": "20", "side": "SELL", "hash": "7de4c84aeba275e51fc179f12f572b53bea6d48e", "best_bid": "0.06", "best_ask": "0.83"}], "timestamp": "1769384192447", "event_type": "price_change"}}
{"_local_timestamp": "2026-01-25T23:36:32.520929+00:00", "data": {"market": "0xe7bbc2b6ec5bf04d80dbe15b175e572c486c56261ecaaf8a473bdd33e9778b59", "price_changes": [{"asset_id": "38335822398259920714072433245235378258969905777055747159850785638629612805523", "price": "0.17", "size": "20", "side": "BUY", "hash": "e317f5ab78a9b67b4493e154f21187e3fe0e815d", "best_bid": "0.17", "best_ask": "0.96"}, {"asset_id": "69432753854591746861782464250034619363278158793830895199753748692777024144286", "price": "0.83", "size": "20", "side": "SELL", "hash": "04741dc737d4fc60426c76e0bd8348d99b8e5db3", "best_bid": "0.04", "best_ask": "0.83"}], "timestamp": "1769384192447", "event_type": "price_change"}}
{"_local_timestamp": "2026-01-25T23:36:32.521255+00:00", "data": {"market": "0x9406de90dc5df4f861075195f6c289750e9cbbe0649a97ac16b4d9c355d4c868", "price_changes": [{"asset_id": "83203110138845664357331417236484086031162847488962209703758651278630020463582", "price": "0.17", "size": "20", "side": "BUY", "hash": "8261cc25d24eb28ee5fab105bbbc814d4f00a4f5", "best_bid": "0.17", "best_ask": "0.94"}, {"asset_id": "27876660047576783213129713987865846552682816421202213594164957922837854504578", "price": "0.83", "size": "20", "side": "SELL", "hash": "71a43cfa057fcc665ee7b87f9a9fa36ee233b006", "best_bid": "0.06", "best_ask": "0.83"}], "timestamp": "1769384192447", "event_type": "price_change"}}
{"_local_timestamp": "2026-01-25T23:36:32.676490+00:00", "data": {"market": "0xe7bbc2b6ec5bf04d80dbe15b175e572c486c56261ecaaf8a473bdd33e9778b59", "price_changes": [{"asset_id": "38335822398259920714072433245235378258969905777055747159850785638629612805523", "price": "0.2", "size": "50", "side": "BUY", "hash": "9b9f2ad4f662548cee60ca328e66d4ff34e99ddb", "best_bid": "0.2", "best_ask": "0.96"}, {"asset_id": "69432753854591746861782464250034619363278158793830895199753748692777024144286", "price": "0.8", "size": "50", "side": "SELL", "hash": "03df0bfaf59b4777a62ec41163716f4c2b7f97b7", "best_bid": "0.04", "best_ask": "0.8"}], "timestamp": "1769384192604", "event_type": "price_change"}}
