{"_local_timestamp": "2026-01-25T23:41:08.390125+00:00", "data": [{"market": "0x45ce99b1121d3d77bce5dd94fb90d0c8c5c9b4ab930ddf4a1b33a2383a16012c", "asset_id": "83394890177597567711535881140754962332905909386787648725760480360938261239928", "timestamp": "1769384006960", "hash": "aba978047498c3872aaecbf2cf456f9b4e5d53fd", "bids": [{"price": "0.01", "size": "231.35"}, {"price": "0.02", "size": "88.64"}, {"price": "0.03", "size": "207.66"}, {"price": "0.04", "size": "6.17"}, {"price": "0.06", "size": "88.29"}], "asks": [{"price": "0.99", "size": "2920.91"}, {"price": "0.98", "size": "1261.27"}, {"price": "0.97", "size": "19.57"}, {"price": "0.96", "size": "500"}, {"price": "0.95", "size": "230"}, {"price": "0.94", "size": "393.05"}, {"price": "0.93", "size": "100"}, {"price": "0.92", "size": "168"}, {"price": "0.91", "size": "73.27"}, {"price": "0.89", "size": "71.66"}], "event_type": "book", "last_trade_price": ""}, {"market": "0x45ce99b1121d3d77bce5dd94fb90d0c8c5c9b4ab930ddf4a1b33a2383a16012c", "asset_id": "34950936194300538347982115689384250170803514508868487692129168238703964247866", "timestamp": "1769384006960", "hash": "5540d66f10065d27e6f2509efee31e7578f9d0a3", "bids": [{"price": "0.01", "size": "2920.91"}, {"price": "0.02", "size": "1261.27"}, {"price": "0.03", "size": "19.57"}, {"price": "0.04", "size": "500"}, {"price": "0.05", "size": "230"}, {"price": "0.06", "size": "393.05"}, {"price": "0.07", "size": "100"}, {"price": "0.08", "size": "168"}, {"price": "0.09", "size": "73.27"}, {"price": "0.11", "size": "71.66"}], "asks": [{"price": "0.99", "size": "231.35"}, {"price": "0.98", "size": "88.64"}, {"price": "0.97", "size": "207.66"}, {"price": "0.96", "size": "6.17"}, {"price": "0.94", "size": "88.29"}], "event_type": "book", "last_trade_price": ""}, {"market": "0x1c457688400ae8bba44f1b63b5ecd83cfb2a6526264050ed7126cdd0c2ad032e", "asset_id": "97450440820149374869853554649012232329154774363436855769588843305840712838752", "timestamp": "1769384459438", "hash": "895a915c92acc6528a427f32e8901bbe9edb9524", "bids": [{"price": "0.01", "size": "296.66"}, {"price": "0.02", "size": "86.67"}, {"price": "0.03", "size": "219.1"}, {"price": "0.05", "size": "96.66"}], "asks": [{"price": "0.99", "size": "4214.67"}, {"price": "0.98", "size": "1650"}, {"price": "0.97", "size": "8.79"}, {"price": "0.96", "size": "500"}, {"price": "0.95", "size": "330"}, {"price": "0.94", "size": "400"}, {"price": "0.93", "size": "20"}, {"price": "0.92", "size": "106.45"}, {"price": "0.89", "size": "325"}, {"price": "0.88", "size": "100"}, {"price": "0.84", "size": "250"}, {"price": "0.83", "size": "6.31"}, {"price": "0.75", "size": "87"}, {"price": "0.52", "size": "5"}, {"price": "0.5", "size": "100"}, {"price": "0.13", "size": "12.4"}, {"price": "0.12", "size": "55.49"}], "event_type": "book", "last_trade_price": ""}, {"market": "0x4f5f908a82bdaf15c9539e3e81a32db5e1d90ab54bb358f34790a1b79c7834a0", "asset_id": "7841367247253398312545861743855105445616901703403751152331312441369088246881", "timestamp": "1769384094899", "hash": "44e87a5793cad4e73a8b299b48c411e6c17974e5", "bids": [{"price": "0.01", "size": "233.25"}, {"price": "0.02", "size": "86.1"}, {"price": "0.03", "size": "106.66"}, {"price": "0.04", "size": "6.96"}, {"price": "0.06", "size": "74.99"}], "asks": [{"price": "0.99", "size": "2920.14"}, {"price": "0.98", "size": "1259.71"}, {"price": "0.97", "size": "18.09"}, {"price": "0.96", "size": "500"}, {"price": "0.95", "size": "430"}, {"price": "0.94", "size": "192.17"}, {"price": "0.93", "size": "100"}, {"price": "0.92", "size": "9.13"}, {"price": "0.91", "size": "66.66"}, {"price": "0.9", "size": "100"}, {"price": "0.89", "size": "71.66"}], "event_type": "book", "last_trade_price": ""}, {"market": "0x4f5f908a82bdaf15c9539e3e81a32db5e1d90ab54bb358f34790a1b79c7834a0", "asset_id": "27947879826400098581911084490383046140714290948900414598418506659704128584101", "timestamp": "1769384094899", "hash": "b2db8e3d8ce3972feaab10aab445b91de6774009", "bids": [{"price": "0.01", "size": "2920.14"}, {"price": "0.02", "size": "1259.71"}, {"price": "0.03", "size": "18.09"}, {"price": "0.04", "size": "500"}, {"price": "0.05", "size": "430"}, {"price": "0.06", "size": "192.17"}, {"price": "0.07", "size": "100"}, {"price": "0.08", "size": "9.13"}, {"price": "0.09", "size": "66.66"}, {"price": "0.1", "size": "100"}, {"price": "0.11", "size": "71.66"}], "asks": [{"price": "0.99", "size": "233.25"}, {"price": "0.98", "size": "86.1"}, {"price": "0.97", "size": "106.66"}, {"price": "0.96", "size": "6.96"}, {"price": "0.94", "size": "74.99"}], "event_type": "book", "last_trade_price": ""}, {"market": "0x1c457688400ae8bba44f1b63b5ecd83cfb2a6526264050ed7126cdd0c2ad032e", "asset_id": "5096497619890135316577301129464142696169390906515709548798034956875773061125", "timestamp": "1769384459438", "hash": "ba0df6f4ba201c19621dd9d3d94166fe1fe53cba", "bids": [{"price": "0.01", "size": "4214.67"}, {"price": "0.02", "size": "1650"}, {"price": "0.03", "size": "8.79"}, {"price": "0.04", "size": "500"}, {"price": "0.05", "size": "330"}, {"price": "0.06", "size": "400"}, {"price": "0.07", "size": "20"}, {"price": "0.08", "size": "106.45"}, {"price": "0.11", "size": "325"}, {"price": "0.12", "size": "100"}, {"price": "0.16", "size": "250"}, {"price": "0.17", "size": "6.31"}, {"price": "0.25", "size": "87"}, {"price": "0.48", "size": "5"}, {"price": "0.5", "size": "100"}, {"price": "0.87", "size": "12.4"}, {"price": "0.88", "size": "55.49"}], "asks": [{"price": "0.99", "size": "296.66"}, {"price": "0.98", "size": "86.67"}, {"price": "0.97", "size": "219.1"}, {"price": "0.95", "size": "96.66"}], "event_type": "book", "last_trade_price": ""}]}
{"_local_timestamp": "2026-01-25T23:41:50.790577+00:00", "data": {"market": "0x1c457688400ae8bba44f1b63b5ecd83cfb2a6526264050ed7126cdd0c2ad032e", "price_changes": [{"asset_id": "5096497619890135316577301129464142696169390906515709548798034956875773061125", "price": "0.11", "size": "125", "side": "BUY", "hash": "f405c9cca4e0a24cef7129f16bd21df2cd55d678", "best_bid": "0.88", "best_ask": "0.95"}, {"asset_id": "97450440820149374869853554649012232329154774363436855769588843305840712838752", "price": "0.89", "size": "125", "side": "SELL", "hash": "274d560d41579296314ce970aca7689f75fcdbbb", "best_bid": "0.05", "best_ask": "0.12"}], "timestamp": "1769384510722", "event_type": "price_change"}}
{"_local_timestamp": "2026-01-25T23:41:51.970735+00:00", "data": {"market": "0x1c457688400ae8bba44f1b63b5ecd83cfb2a6526264050ed7126cdd0c2ad032e", "price_changes": [{"asset_id": "5096497619890135316577301129464142696169390906515709548798034956875773061125", "price": "0.12", "size": "300", "side": "BUY", "hash": "7b4e5f7d05ddc12161e8a04850b4464bb0c906c5", "best_bid": "0.88", "best_ask": "0.95"}, {"asset_id": "97450440820149374869853554649012232329154774363436855769588843305840712838752", "price": "0.88", "size": "300", "side": "SELL", "hash": "091a73f7fd010c2c4193f3e48e7612eeb1585a13", "best_bid": "0.05", "best_ask": "0.12"}], "timestamp": "1769384511687", "event_type": "price_change"}}
{"_local_timestamp": "2026-01-25T23:41:52.918730+00:00", "data": {"market": "0x1c457688400ae8bba44f1b63b5ecd83cfb2a6526264050ed7126cdd0c2ad032e", "price_changes": [{"asset_id": "5096497619890135316577301129464142696169390906515709548798034956875773061125", "price": "0.25", "size": "187", "side": "BUY", "hash": "0bc04630cb23014d7a6093ccd10e922f390bc88a", "best_bid": "0.88", "best_ask": "0.95"}, {"asset_id": "97450440820149374869853554649012232329154774363436855769588843305840712838752", "price": "0.75", "size": "187", "side": "SELL", "hash": "a4371c7aba90a92f6a1ff77ef2cdc86a11960e25", "best_bid": "0.05", "best_ask": "0.12"}], "timestamp": "1769384511888", "event_type": "price_change"}}
{"_local_timestamp": "2026-01-25T23:42:53.153999+00:00", "data": {"market": "0x1c457688400ae8bba44f1b63b5ecd83cfb2a6526264050ed7126cdd0c2ad032e", "price_changes": [{"asset_id": "5096497619890135316577301129464142696169390906515709548798034956875773061125", "price": "0.88", "size": "5.49", "side": "BUY", "hash": "baae48d4f09e291f14cf6a907205cbd714992bf4", "best_bid": "0.88", "best_ask": "0.95"}, {"asset_id": "97450440820149374869853554649012232329154774363436855769588843305840712838752", "price": "0.12", "size": "5.49", "side": "SELL", "hash": "315e477cd8d944544a938f939f76e8276b3161f9", "best_bid": "0.05", "best_ask": "0.12"}], "timestamp": "1769384573001", "event_type": "price_change"}}
{"_local_timestamp": "2026-01-25T23:44:06.889345+00:00", "data": {"market": "0x4f5f908a82bdaf15c9539e3e81a32db5e1d90ab54bb358f34790a1b79c7834a0", "price_changes": [{"asset_id": "27947879826400098581911084490383046140714290948900414598418506659704128584101", "price": "0.07", "size": "0", "side": "BUY", "hash": "dee544bdb7cb7ed6a8d8bb5298aef26708068492", "best_bid": "0.11", "best_ask": "0.94"}, {"asset_id": "7841367247253398312545861743855105445616901703403751152331312441369088246881", "price": "0.93", "size": "0", "side": "SELL", "hash": "7eab347fe2500a757bb1b6602bcbc4225c7b0fd5", "best_bid": "0.06", "best_ask": "0.89"}], "timestamp": "1769384646746", "event_type": "price_change"}}
{"_local_timestamp": "2026-01-25T23:44:06.890158+00:00", "data": {"market": "0x1c457688400ae8bba44f1b63b5ecd83cfb2a6526264050ed7126cdd0c2ad032e", "price_changes": [{"asset_id": "5096497619890135316577301129464142696169390906515709548798034956875773061125", "price": "0.08", "size": "6.45", "side": "BUY", "hash": "aa877be05a6d8847aa900f623b52adf23b56f02c", "best_bid": "0.88", "best_ask": "0.95"}, {"asset_id": "97450440820149374869853554649012232329154774363436855769588843305840712838752", "price": "0.92", "size": "6.45", "side": "SELL", "hash": "4562b29e8a82845e2ef24e2f425c96edee0c7b6e", "best_bid": "0.05", "best_ask": "0.12"}], "timestamp": "1769384646746", "event_type": "price_change"}}
{"_local_timestamp": "2026-01-25T23:44:06.890487+00:00", "data": {"market": "0x45ce99b1121d3d77bce5dd94fb90d0c8c5c9b4ab930ddf4a1b33a2383a16012c", "price_changes": [{"asset_id": "34950936194300538347982115689384250170803514508868487692129168238703964247866", "price": "0.06", "size": "293.05", "side": "BUY", "hash": "fd724b5300969f98b5046045a66b0527383e0723", "best_bid": "0.11", "best_ask": "0.94"}, {"asset_id": "83394890177597567711535881140754962332905909386787648725760480360938261239928", "price": "0.94", "size": "293.05", "side": "SELL", "hash": "f0164e6ea5615709650d3cbfabd7385153702001", "best_bid": "0.06", "best_ask": "0.89"}], "timestamp": "1769384646746", "event_type": "price_change"}}
{"_local_timestamp": "2026-01-25T23:44:07.205690+00:00", "data": {"market": "0x45ce99b1121d3d77bce5dd94fb90d0c8c5c9b4ab930ddf4a1b33a2383a16012c", "price_changes": [{"asset_id": "34950936194300538347982115689384250170803514508868487692129168238703964247866", "price": "0.05", "size": "330", "side": "BUY", "hash": "67b6b0df7380d8e4c4fe3df28a480b6c7ee70c90", "best_bid": "0.11", "best_ask": "0.94"}, {"asset_id": "83394890177597567711535881140754962332905909386787648725760480360938261239928", "price": "0.95", "size": "330", "side": "SELL", "hash": "f4eff6ba3ea61b5f68fcbf77e5839340c66c74eb", "best_bid": "0.06", "best_ask": "0.89"}], "timestamp": "1769384647011", "event_type": "price_change"}}
{"_local_timestamp": "2026-01-25T23:44:07.214048+00:00", "data": {"market": "0x4f5f908a82bdaf15c9539e3e81a32db5e1d90ab54bb358f34790a1b79c7834a0", "price_changes": [{"asset_id": "27947879826400098581911084490383046140714290948900414598418506659704128584101", "price": "0.06", "size": "292.17", "side": "BUY", "hash": "7eb0db37120ff8215eb53bec3fadf37f166be7ec", "best_bid": "0.11", "best_ask": "0.94"}, {"asset_id": "7841367247253398312545861743855105445616901703403751152331312441369088246881", "price": "0.94", "size": "292.17", "side": "SELL", "hash": "890ed0d6cb1f87bb47f3a4203c657d1e86643323", "best_bid": "0.06", "best_ask": "0.89"}], "timestamp": "1769384647011", "event_type": "price_change"}}
{"_local_timestamp": "2026-01-25T23:44:08.634631+00:00", "data": {"market": "0x1c457688400ae8bba44f1b63b5ecd83cfb2a6526264050ed7126cdd0c2ad032e", "price_changes": [{"asset_id": "5096497619890135316577301129464142696169390906515709548798034956875773061125", "price": "0.11", "size": "0", "side": "BUY", "hash": "1b23e2021279f40cc4b36f1d840701e8687a3db0", "best_bid": "0.88", "best_ask": "0.95"}, {"asset_id": "97450440820149374869853554649012232329154774363436855769588843305840712838752", "price": "0.89", "size": "0", "side": "SELL", "hash": "63df4e1dbf0984d77c71662f1a83fb6c763076d7", "best_bid": "0.05", "best_ask": "0.12"}], "timestamp": "1769384648383", "event_type": "price_change"}}
{"_local_timestamp": "2026-01-25T23:44:09.012220+00:00", "data": {"market": "0x1c457688400ae8bba44f1b63b5ecd83cfb2a6526264050ed7126cdd0c2ad032e", "price_changes": [{"asset_id": "5096497619890135316577301129464142696169390906515709548798034956875773061125", "price": "0.12", "size": "425", "side": "BUY", "hash": "1a9bc0eecbc9af614e78aa419febac9ef8835d37", "best_bid": "0.88", "best_ask": "0.95"}, {"asset_id": "97450440820149374869853554649012232329154774363436855769588843305840712838752", "price": "0.88", "size": "425", "side": "SELL", "hash": "386c55ac204f0034c121cdc34ab93685e39ceff4", "best_bid": "0.05", "best_ask": "0.12"}], "timestamp": "1769384648735", "event_type": "price_change"}}
{"_local_timestamp": "2026-01-25T23:44:20.684072+00:00", "data": {"market": "0x1c457688400ae8bba44f1b63b5ecd83cfb2a6526264050ed7126cdd0c2ad032e", "price_changes": [{"asset_id": "5096497619890135316577301129464142696169390906515709548798034956875773061125", "price": "0.12", "size": "225", "side": "BUY", "hash": "9037114b6d12fb963ac67ee520c5dd0f06549c75", "best_bid": "0.88", "best_ask": "0.95"}, {"asset_id": "97450440820149374869853554649012232329154774363436855769588843305840712838752", "price": "0.88", "size": "225", "side": "SELL", "hash": "a7622ec7052102852c6de87ad6bed2d65fc99c12", "best_bid": "0.05", "best_ask": "0.12"}], "timestamp": "1769384660483", "event_type": "price_change"}}
{"_local_timestamp": "2026-01-25T23:44:21.384879+00:00", "data": {"market": "0x1c457688400ae8bba44f1b63b5ecd83cfb2a6526264050ed7126cdd0c2ad032e", "price_changes": [{"asset_id": "5096497619890135316577301129464142696169390906515709548798034956875773061125", "price": "0.11", "size": "200", "side": "BUY", "hash": "d5ace4b83bb29a74637f5b1fd151a793e199f555", "best_bid": "0.88", "best_ask": "0.95"}, {"asset_id": "97450440820149374869853554649012232329154774363436855769588843305840712838752", "price": "0.89", "size": "200", "side": "SELL", "hash": "611d7df1fcbf99fa0f07c4c2bd960284e15d15d7", "best_bid": "0.05", "best_ask": "0.12"}], "timestamp": "1769384660894", "event_type": "price_change"}}
{"_local_timestamp": "2026-01-25T23:44:26.947380+00:00", "data": {"market": "0x1c457688400ae8bba44f1b63b5ecd83cfb2a6526264050ed7126cdd0c2ad032e", "price_changes": [{"asset_id": "5096497619890135316577301129464142696169390906515709548798034956875773061125", "price": "0.88", "size": "55.49", "side": "BUY", "hash": "26751a1ed6185b336e621a27a60355f9e210a1ac", "best_bid": "0.88", "best_ask": "0.95"}, {"asset_id": "97450440820149374869853554649012232329154774363436855769588843305840712838752", "price": "0.12", "size": "55.49", "side": "SELL", "hash": "2e1249cd6e604f083e4a79327cb8a92385b5060a", "best_bid": "0.05", "best_ask": "0.12"}], "timestamp": "1769384666673", "event_type": "price_change"}}
{"_local_timestamp": "2026-01-25T23:44:33.676461+00:00", "data": {"market": "0x1c457688400ae8bba44f1b63b5ecd83cfb2a6526264050ed7126cdd0c2ad032e", "price_changes": [{"asset_id": "5096497619890135316577301129464142696169390906515709548798034956875773061125", "price": "0.5", "size": "0", "side": "BUY", "hash": "ff50c5a866bfd702448a1c99cd3d3cca281f15c8", "best_bid": "0.88", "best_ask": "0.95"}, {"asset_id": "97450440820149374869853554649012232329154774363436855769588843305840712838752", "price": "0.5", "size": "0", "side": "SELL", "hash": "2dd138b70133607d1f8af40e5ba75080e08c7836", "best_bid": "0.05", "best_ask": "0.12"}], "timestamp": "1769384673404", "event_type": "price_change"}}
{"_local_timestamp": "2026-01-25T23:44:33.676960+00:00", "data": {"market": "0x1c457688400ae8bba44f1b63b5ecd83cfb2a6526264050ed7126cdd0c2ad032e", "price_changes": [{"asset_id": "5096497619890135316577301129464142696169390906515709548798034956875773061125", "price": "0.12", "size": "125", "side": "BUY", "hash": "ff50c5a866bfd702448a1c99cd3d3cca281f15c8", "best_bid": "0.88", "best_ask": "0.95"}, {"asset_id": "97450440820149374869853554649012232329154774363436855769588843305840712838752", "price": "0.88", "size": "125", "side": "SELL", "hash": "2dd138b70133607d1f8af40e5ba75080e08c7836", "best_bid": "0.05", "best_ask": "0.12"}], "timestamp": "1769384673404", "event_type": "price_change"}}
{"_local_timestamp": "2026-01-25T23:44:34.340746+00:00", "data": {"market": "0x1c457688400ae8bba44f1b63b5ecd83cfb2a6526264050ed7126cdd0c2ad032e", "price_changes": [{"asset_id": "5096497619890135316577301129464142696169390906515709548798034956875773061125", "price": "0.53", "size": "100", "side": "BUY", "hash": "7718750c6d4c59764cea81f9616261876cc1a398", "best_bid": "0.88", "best_ask": "0.95"}, {"asset_id": "97450440820149374869853554649012232329154774363436855769588843305840712838752", "price": "0.47", "size": "100", "side": "SELL", "hash": "793dac6599ce588fdb5c88b6254921353040e5ef", "best_bid": "0.05", "best_ask": "0.12"}], "timestamp": "1769384674064", "event_type": "price_change"}}
{"_local_timestamp": "2026-01-25T23:44:34.350353+00:00", "data": {"market": "0x1c457688400ae8bba44f1b63b5ecd83cfb2a6526264050ed7126cdd0c2ad032e", "price_changes": [{"asset_id": "5096497619890135316577301129464142696169390906515709548798034956875773061125", "price": "0.17", "size": "106.31", "side": "BUY", "hash": "81b1e2aaac3e8f105e71c72b4194d6be8b7531fc", "best_bid": "0.88", "best_ask": "0.95"}, {"asset_id": "97450440820149374869853554649012232329154774363436855769588843305840712838752", "price": "0.83", "size": "106.31", "side": "SELL", "hash": "5d2408f782c930a33fdd772591b9c8a629e5799d", "best_bid": "0.05", "best_ask": "0.12"}], "timestamp": "1769384674072", "event_type": "price_change"}}
{"_local_timestamp": "2026-01-25T23:45:53.099262+00:00", "data": {"market": "0x1c457688400ae8bba44f1b63b5ecd83cfb2a6526264050ed7126cdd0c2ad032e", "price_changes": [{"asset_id": "5096497619890135316577301129464142696169390906515709548798034956875773061125", "price": "0.16", "size": "150", "side": "BUY", "hash": "8bfc5dd18f10af954e0e7e97eb8933f4f87546e9", "best_bid": "0.88", "best_ask": "0.95"}, {"asset_id": "97450440820149374869853554649012232329154774363436855769588843305840712838752", "price": "0.84", "size": "150", "side": "SELL", "hash": "ec5fff07a8fdb6c2b67c7dbb9b924da5f4cad9c5", "best_bid": "0.05", "best_ask": "0.12"}], "timestamp": "1769384752999", "event_type": "price_change"}}
{"_local_timestamp": "2026-01-25T23:45:53.099854+00:00", "data": {"market": "0x1c457688400ae8bba44f1b63b5ecd83cfb2a6526264050ed7126cdd0c2ad032e", "price_changes": [{"asset_id": "5096497619890135316577301129464142696169390906515709548798034956875773061125", "price": "0.12", "size": "0", "side": "BUY", "hash": "8bfc5dd18f10af954e0e7e97eb8933f4f87546e9", "best_bid": "0.88", "best_ask": "0.95"}, {"asset_id": "97450440820149374869853554649012232329154774363436855769588843305840712838752", "price": "0.88", "size": "0", "side": "SELL", "hash": "ec5fff07a8fdb6c2b67c7dbb9b924da5f4cad9c5", "best_bid": "0.05", "best_ask": "0.12"}], "timestamp": "1769384752999", "event_type": "price_change"}}
{"_local_timestamp": "2026-01-25T23:45:56.526149+00:00", "data": {"market": "0x1c457688400ae8bba44f1b63b5ecd83cfb2a6526264050ed7126cdd0c2ad032e", "price_changes": [{"asset_id": "5096497619890135316577301129464142696169390906515709548798034956875773061125", "price": "0.25", "size": "100", "side": "BUY", "hash": "c06553e388ff3611f18c369844bcf07b8cd257ec", "best_bid": "0.88", "best_ask": "0.95"}, {"asset_id": "97450440820149374869853554649012232329154774363436855769588843305840712838752", "price": "0.75", "size": "100", "side": "SELL", "hash": "ab16a9f5befa1a9a6b71180153458b220c9d4b5d", "best_bid": "0.05", "best_ask": "0.12"}], "timestamp": "1769384756088", "event_type": "price_change"}}
{"_local_timestamp": "2026-01-25T23:46:47.392945+00:00", "data": {"market": "0x1c457688400ae8bba44f1b63b5ecd83cfb2a6526264050ed7126cdd0c2ad032e", "price_changes": [{"asset_id": "5096497619890135316577301129464142696169390906515709548798034956875773061125", "price": "0.26", "size": "93", "side": "BUY", "hash": "bea7dfb55fc915ec99184f02828535dd7a13442b", "best_bid": "0.88", "best_ask": "0.95"}, {"asset_id": "97450440820149374869853554649012232329154774363436855769588843305840712838752", "price": "0.74", "size": "93", "side": "SELL", "hash": "86eb2c2691720807e3cb36cb4462e428a2bd3ee6", "best_bid": "0.05", "best_ask": "0.12"}], "timestamp": "1769384807321", "event_type": "price_change"}}
{"_local_timestamp": "2026-01-25T23:46:50.820713+00:00", "data": {"market": "0x1c457688400ae8bba44f1b63b5ecd83cfb2a6526264050ed7126cdd0c2ad032e", "price_changes": [{"asset_id": "5096497619890135316577301129464142696169390906515709548798034956875773061125", "price": "0.11", "size": "0", "side": "BUY", "hash": "519339f5a68aef7d2be274a2f0670f3dac2f4ee3", "best_bid": "0.88", "best_ask": "0.95"}, {"asset_id": "97450440820149374869853554649012232329154774363436855769588843305840712838752", "price": "0.89", "size": "0", "side": "SELL", "hash": "6bb29ced7cb43afb0c87ba70ade7c5d487e3b63e", "best_bid": "0.05", "best_ask": "0.12"}], "timestamp": "1769384810652", "event_type": "price_change"}}
{"_local_timestamp": "2026-01-25T23:46:51.639056+00:00", "data": {"market": "0x1c457688400ae8bba44f1b63b5ecd83cfb2a6526264050ed7126cdd0c2ad032e", "price_changes": [{"asset_id": "5096497619890135316577301129464142696169390906515709548798034956875773061125", "price": "0.12", "size": "200", "side": "BUY", "hash": "4e201058f07e88a500b90b0553a7978c54e95da0", "best_bid": "0.88", "best_ask": "0.95"}, {"asset_id": "97450440820149374869853554649012232329154774363436855769588843305840712838752", "price": "0.88", "size": "200", "side": "SELL", "hash": "bd8d65ae0fb2cc347d1c172b4edf7a20f9a41cfd", "best_bid": "0.05", "best_ask": "0.12"}], "timestamp": "1769384811246", "event_type": "price_change"}}
{"_local_timestamp": "2026-01-25T23:46:56.688533+00:00", "data": {"market": "0x4f5f908a82bdaf15c9539e3e81a32db5e1d90ab54bb358f34790a1b79c7834a0", "price_changes": [{"asset_id": "27947879826400098581911084490383046140714290948900414598418506659704128584101", "price": "0.03", "size": "11.62", "side": "BUY", "hash": "b49a96d17320c35dbb303a9f51db1dd72e9fab62", "best_bid": "0.11", "best_ask": "0.94"}, {"asset_id": "7841367247253398312545861743855105445616901703403751152331312441369088246881", "price": "0.97", "size": "11.62", "side": "SELL", "hash": "7f46004137048b81362f1721f66b42d7e59a3b86", "best_bid": "0.06", "best_ask": "0.89"}], "timestamp": "1769384816617", "event_type": "price_change"}}
{"_local_timestamp": "2026-01-25T23:46:56.689089+00:00", "data": {"market": "0x1c457688400ae8bba44f1b63b5ecd83cfb2a6526264050ed7126cdd0c2ad032e", "price_changes": [{"asset_id": "5096497619890135316577301129464142696169390906515709548798034956875773061125", "price": "0.17", "size": "100", "side": "BUY", "hash": "08b3a69637057067aa2aa7c406d887620525b509", "best_bid": "0.88", "best_ask": "0.95"}, {"asset_id": "97450440820149374869853554649012232329154774363436855769588843305840712838752", "price": "0.83", "size": "100", "side": "SELL", "hash": "a47d8db61c9a92cf61307adcf76f322d8b802c69", "best_bid": "0.05", "best_ask": "0.12"}], "timestamp": "1769384816617", "event_type": "price_change"}}
{"_local_timestamp": "2026-01-25T23:46:56.690370+00:00", "data": {"market": "0x4f5f908a82bdaf15c9539e3e81a32db5e1d90ab54bb358f34790a1b79c7834a0", "price_changes": [{"asset_id": "27947879826400098581911084490383046140714290948900414598418506659704128584101", "price": "0.06", "size": "286.66", "side": "BUY", "hash": "b49a96d17320c35dbb303a9f51db1dd72e9fab62", "best_bid": "0.11", "best_ask": "0.94"}, {"asset_id": "7841367247253398312545861743855105445616901703403751152331312441369088246881", "price": "0.94", "size": "286.66", "side": "SELL", "hash": "7f46004137048b81362f1721f66b42d7e59a3b86", "best_bid": "0.06", "best_ask": "0.89"}], "timestamp": "1769384816617", "event_type": "price_change"}}
{"_local_timestamp": "2026-01-25T23:46:56.690685+00:00", "data": {"market": "0x4f5f908a82bdaf15c9539e3e81a32db5e1d90ab54bb358f34790a1b79c7834a0", "price_changes": [{"asset_id": "27947879826400098581911084490383046140714290948900414598418506659704128584101", "price": "0.08", "size": "0", "side": "BUY", "hash": "b49a96d17320c35dbb303a9f51db1dd72e9fab62", "best_bid": "0.11", "best_ask": "0.94"}, {"asset_id": "7841367247253398312545861743855105445616901703403751152331312441369088246881", "price": "0.92", "size": "0", "side": "SELL", "hash": "7f46004137048b81362f1721f66b42d7e59a3b86", "best_bid": "0.06", "best_ask": "0.89"}], "timestamp": "1769384816617", "event_type": "price_change"}}
{"_local_timestamp": "2026-01-25T23:46:57.597955+00:00", "data": {"market": "0x1c457688400ae8bba44f1b63b5ecd83cfb2a6526264050ed7126cdd0c2ad032e", "price_changes": [{"asset_id": "5096497619890135316577301129464142696169390906515709548798034956875773061125", "price": "0.18", "size": "5.96", "side": "BUY", "hash": "3560eaaedfdb5e02206e95c73b3de2d9c30fa279", "best_bid": "0.88", "best_ask": "0.95"}, {"asset_id": "97450440820149374869853554649012232329154774363436855769588843305840712838752", "price": "0.82", "size": "5.96", "side": "SELL", "hash": "bd7471097f26f244461a8ffcac77c3f79b97af99", "best_bid": "0.05", "best_ask": "0.12"}], "timestamp": "1769384817529", "event_type": "price_change"}}
{"_local_timestamp": "2026-01-25T23:46:58.006899+00:00", "data": {"market": "0x4f5f908a82bdaf15c9539e3e81a32db5e1d90ab54bb358f34790a1b79c7834a0", "price_changes": [{"asset_id": "27947879826400098581911084490383046140714290948900414598418506659704128584101", "price": "0.06", "size": "294.78", "side": "BUY", "hash": "7ab392064c7cfccf06306693ac399f59735a9d43", "best_bid": "0.11", "best_ask": "0.94"}, {"asset_id": "7841367247253398312545861743855105445616901703403751152331312441369088246881", "price": "0.94", "size": "294.78", "side": "SELL", "hash": "ddd92b8304944b1db1ce54cd86d4b17df6f6ee07", "best_bid": "0.06", "best_ask": "0.89"}], "timestamp": "1769384817942", "event_type": "price_change"}}
{"_local_timestamp": "2026-01-25T23:46:58.007204+00:00", "data": {"market": "0x1c457688400ae8bba44f1b63b5ecd83cfb2a6526264050ed7126cdd0c2ad032e", "price_changes": [{"asset_id": "5096497619890135316577301129464142696169390906515709548798034956875773061125", "price": "0.18", "size": "11.92", "side": "BUY", "hash": "9f7229fbe35c4f92e118becd819442abe49afc2e", "best_bid": "0.88", "best_ask": "0.95"}, {"asset_id": "97450440820149374869853554649012232329154774363436855769588843305840712838752", "price": "0.82", "size": "11.92", "side": "SELL", "hash": "9f756f74e15554e2b85c9cc3e55f771bd0633855", "best_bid": "0.05", "best_ask": "0.12"}], "timestamp": "1769384817942", "event_type": "price_change"}}
{"_local_timestamp": "2026-01-25T23:46:58.007461+00:00", "data": {"market": "0x4f5f908a82bdaf15c9539e3e81a32db5e1d90ab54bb358f34790a1b79c7834a0", "price_changes": [{"asset_id": "27947879826400098581911084490383046140714290948900414598418506659704128584101", "price": "0.09", "size": "73.03", "side": "BUY", "hash": "386c5c219fae87326f8cbca5bad7168af648e2e5", "best_bid": "0.11", "best_ask": "0.94"}, {"asset_id": "7841367247253398312545861743855105445616901703403751152331312441369088246881", "price": "0.91", "size": "73.03", "side": "SELL", "hash": "a2e966b6a1e99ad39b269a8fc85cc6f15309437e", "best_bid": "0.06", "best_ask": "0.89"}], "timestamp": "1769384817943", "event_type": "price_change"}}
{"_local_timestamp": "2026-01-25T23:46:58.007738+00:00", "data": {"market": "0x4f5f908a82bdaf15c9539e3e81a32db5e1d90ab54bb358f34790a1b79c7834a0", "price_changes": [{"asset_id": "27947879826400098581911084490383046140714290948900414598418506659704128584101", "price": "0.03", "size": "18.09", "side": "BUY", "hash": "0fd0acaf9c9b5b85d9a1eec7e94893897bea4270", "best_bid": "0.11", "best_ask": "0.94"}, {"asset_id": "7841367247253398312545861743855105445616901703403751152331312441369088246881", "price": "0.97", "size": "18.09", "side": "SELL", "hash": "cf9122d0bccc28f821ecd0f7876a39c8109f915d", "best_bid": "0.06", "best_ask": "0.89"}], "timestamp": "1769384817944", "event_type": "price_change"}}
{"_local_timestamp": "2026-01-25T23:47:12.416079+00:00", "data": {"market": "0x1c457688400ae8bba44f1b63b5ecd83cfb2a6526264050ed7126cdd0c2ad032e", "price_changes": [{"asset_id": "5096497619890135316577301129464142696169390906515709548798034956875773061125", "price": "0.53", "size": "0", "side": "BUY", "hash": "0bcf335f8a3f7c26581fd438ebd0d9a9f0d0606a", "best_bid": "0.88", "best_ask": "0.95"}, {"asset_id": "97450440820149374869853554649012232329154774363436855769588843305840712838752", "price": "0.47", "size": "0", "side": "SELL", "hash": "86dc52aa27781af070a6f8de75f13f6fd29fe033", "best_bid": "0.05", "best_ask": "0.12"}], "timestamp": "1769384832353", "event_type": "price_change"}}
{"_local_timestamp": "2026-01-25T23:47:12.416466+00:00", "data": {"market": "0x1c457688400ae8bba44f1b63b5ecd83cfb2a6526264050ed7126cdd0c2ad032e", "price_changes": [{"asset_id": "5096497619890135316577301129464142696169390906515709548798034956875773061125", "price": "0.17", "size": "0", "side": "BUY", "hash": "0bcf335f8a3f7c26581fd438ebd0d9a9f0d0606a", "best_bid": "0.88", "best_ask": "0.95"}, {"asset_id": "97450440820149374869853554649012232329154774363436855769588843305840712838752", "price": "0.83", "size": "0", "side": "SELL", "hash": "86dc52aa27781af070a6f8de75f13f6fd29fe033", "best_bid": "0.05", "best_ask": "0.12"}], "timestamp": "1769384832353", "event_type": "price_change"}}
{"_local_timestamp": "2026-01-25T23:47:12.813681+00:00", "data": {"market": "0x1c457688400ae8bba44f1b63b5ecd83cfb2a6526264050ed7126cdd0c2ad032e", "price_changes": [{"asset_id": "5096497619890135316577301129464142696169390906515709548798034956875773061125", "price": "0.13", "size": "100", "side": "BUY", "hash": "240a35a29cb6c4829bd6365e61a0cfbff0ceafe3", "best_bid": "0.88", "best_ask": "0.95"}, {"asset_id": "97450440820149374869853554649012232329154774363436855769588843305840712838752", "price": "0.87", "size": "100", "side": "SELL", "hash": "81dbf060a410e1b32d73594eb64ba0be05ffcd50", "best_bid": "0.05", "best_ask": "0.12"}], "timestamp": "1769384832748", "event_type": "price_change"}}
{"_local_timestamp": "2026-01-25T23:47:12.832175+00:00", "data": {"market": "0x1c457688400ae8bba44f1b63b5ecd83cfb2a6526264050ed7126cdd0c2ad032e", "price_changes": [{"asset_id": "5096497619890135316577301129464142696169390906515709548798034956875773061125", "price": "0.51", "size": "100", "side": "BUY", "hash": "436c43d08ba06ca9b1285c813733dd0d21fd2df7", "best_bid": "0.88", "best_ask": "0.95"}, {"asset_id": "97450440820149374869853554649012232329154774363436855769588843305840712838752", "price": "0.49", "size": "100", "side": "SELL", "hash": "5c042d083baabb74908614c47c0fcd1613197d7d", "best_bid": "0.05", "best_ask": "0.12"}], "timestamp": "1769384832766", "event_type": "price_change"}}
{"_local_timestamp": "2026-01-25T23:47:26.860347+00:00", "data": {"market": "0x1c457688400ae8bba44f1b63b5ecd83cfb2a6526264050ed7126cdd0c2ad032e", "price_changes": [{"asset_id": "97450440820149374869853554649012232329154774363436855769588843305840712838752", "price": "0.02", "size": "75", "side": "BUY", "hash": "8ccd1cbed65ebeb0d4c9f5052fb66c1153f2ef30", "best_bid": "0.05", "best_ask": "0.12"}, {"asset_id": "5096497619890135316577301129464142696169390906515709548798034956875773061125", "price": "0.98", "size": "75", "side": "SELL", "hash": "d5724e39b9ec91127fe3271b19225189d9b88420", "best_bid": "0.88", "best_ask": "0.95"}], "timestamp": "1769384846781", "event_type": "price_change"}}
{"_local_timestamp": "2026-01-25T23:47:26.860677+00:00", "data": {"market": "0x1c457688400ae8bba44f1b63b5ecd83cfb2a6526264050ed7126cdd0c2ad032e", "price_changes": [{"asset_id": "97450440820149374869853554649012232329154774363436855769588843305840712838752", "price": "0.03", "size": "204.66", "side": "BUY", "hash": "8ccd1cbed65ebeb0d4c9f5052fb66c1153f2ef30", "best_bid": "0.05", "best_ask": "0.12"}, {"asset_id": "5096497619890135316577301129464142696169390906515709548798034956875773061125", "price": "0.97", "size": "204.66", "side": "SELL", "hash": "d5724e39b9ec91127fe3271b19225189d9b88420", "best_bid": "0.88", "best_ask": "0.95"}], "timestamp": "1769384846781", "event_type": "price_change"}}
{"_local_timestamp": "2026-01-25T23:47:27.457901+00:00", "data": {"market": "0x1c457688400ae8bba44f1b63b5ecd83cfb2a6526264050ed7126cdd0c2ad032e", "price_changes": [{"asset_id": "97450440820149374869853554649012232329154774363436855769588843305840712838752", "price": "0.02", "size": "86.67", "side": "BUY", "hash": "2f728baf17da04fb7858efb0bd0e6d4aa9edb288", "best_bid": "0.05", "best_ask": "0.12"}, {"asset_id": "5096497619890135316577301129464142696169390906515709548798034956875773061125", "price": "0.98", "size": "86.67", "side": "SELL", "hash": "5994f2986f02d8171e81f6c9dff99d45c9171db5", "best_bid": "0.88", "best_ask": "0.95"}], "timestamp": "1769384847395", "event_type": "price_change"}}
{"_local_timestamp": "2026-01-25T23:47:27.458482+00:00", "data": {"market": "0x1c457688400ae8bba44f1b63b5ecd83cfb2a6526264050ed7126cdd0c2ad032e", "price_changes": [{"asset_id": "97450440820149374869853554649012232329154774363436855769588843305840712838752", "price": "0.03", "size": "219.1", "side": "BUY", "hash": "73e498f5c6b3501946de1f57acb54efd757254ef", "best_bid": "0.05", "best_ask": "0.12"}, {"asset_id": "5096497619890135316577301129464142696169390906515709548798034956875773061125", "price": "0.97", "size": "219.1", "side": "SELL", "hash": "127161c2013b580b5aab5a13495e7793c4e13685", "best_bid": "0.88", "best_ask": "0.95"}], "timestamp": "1769384847396", "event_type": "price_change"}}
{"_local_timestamp": "2026-01-25T23:47:38.307915+00:00", "data": {"market": "0x1c457688400ae8bba44f1b63b5ecd83cfb2a6526264050ed7126cdd0c2ad032e", "price_changes": [{"asset_id": "5096497619890135316577301129464142696169390906515709548798034956875773061125", "price": "0.11", "size": "125", "side": "BUY", "hash": "47d7d357d3c08475493c2b5dfb3639204bc31077", "best_bid": "0.88", "best_ask": "0.95"}, {"asset_id": "97450440820149374869853554649012232329154774363436855769588843305840712838752", "price": "0.89", "size": "125", "side": "SELL", "hash": "e89ff3409cd0dbb0c5690398b48496a5c35087a2", "best_bid": "0.05", "best_ask": "0.12"}], "timestamp": "1769384858061", "event_type": "price_change"}}
{"_local_timestamp": "2026-01-25T23:47:38.462323+00:00", "data": {"market": "0x1c457688400ae8bba44f1b63b5ecd83cfb2a6526264050ed7126cdd0c2ad032e", "price_changes": [{"asset_id": "5096497619890135316577301129464142696169390906515709548798034956875773061125", "price": "0.16", "size": "250", "side": "BUY", "hash": "95a534ac88ae05fc3bb77f5fb4736806e8148ced", "best_bid": "0.88", "best_ask": "0.95"}, {"asset_id": "97450440820149374869853554649012232329154774363436855769588843305840712838752", "price": "0.84", "size": "250", "side": "SELL", "hash": "bdc9945c2af9c37b9799bcdb6ba07ec51f2d539a", "best_bid": "0.05", "best_ask": "0.12"}], "timestamp": "1769384858208", "event_type": "price_change"}}
{"_local_timestamp": "2026-01-25T23:48:22.085998+00:00", "data": {"market": "0x1c457688400ae8bba44f1b63b5ecd83cfb2a6526264050ed7126cdd0c2ad032e", "price_changes": [{"asset_id": "5096497619890135316577301129464142696169390906515709548798034956875773061125", "price": "0.88", "size": "5.49", "side": "BUY", "hash": "21b578fe110ae0d66102b74cb3ac60a057b5ba75", "best_bid": "0.88", "best_ask": "0.95"}, {"asset_id": "97450440820149374869853554649012232329154774363436855769588843305840712838752", "price": "0.12", "size": "5.49", "side": "SELL", "hash": "2067974bfab19e6680db5f9a50d199a2d2f043f8", "best_bid": "0.05", "best_ask": "0.12"}], "timestamp": "1769384902002", "event_type": "price_change"}}
{"_local_timestamp": "2026-01-25T23:48:51.561706+00:00", "data": {"market": "0x1c457688400ae8bba44f1b63b5ecd83cfb2a6526264050ed7126cdd0c2ad032e", "price_changes": [{"asset_id": "5096497619890135316577301129464142696169390906515709548798034956875773061125", "price": "0.08", "size": "0", "side": "BUY", "hash": "31eeb88770fb1be29209eb7a5ccbaffa5d6e0795", "best_bid": "0.88", "best_ask": "0.95"}, {"asset_id": "97450440820149374869853554649012232329154774363436855769588843305840712838752", "price": "0.92", "size": "0", "side": "SELL", "hash": "309cecf4bfdb1b6777ddc0a0917572f7bfd97fd2", "best_bid": "0.05", "best_ask": "0.12"}], "timestamp": "1769384931489", "event_type": "price_change"}}
{"_local_timestamp": "2026-01-25T23:48:51.562351+00:00", "data": {"market": "0x1c457688400ae8bba44f1b63b5ecd83cfb2a6526264050ed7126cdd0c2ad032e", "price_changes": [{"asset_id": "5096497619890135316577301129464142696169390906515709548798034956875773061125", "price": "0.03", "size": "0", "side": "BUY", "hash": "31eeb88770fb1be29209eb7a5ccbaffa5d6e0795", "best_bid": "0.88", "best_ask": "0.95"}, {"asset_id": "97450440820149374869853554649012232329154774363436855769588843305840712838752", "price": "0.97", "size": "0", "side": "SELL", "hash": "309cecf4bfdb1b6777ddc0a0917572f7bfd97fd2", "best_bid": "0.05", "best_ask": "0.12"}], "timestamp": "1769384931489", "event_type": "price_change"}}
{"_local_timestamp": "2026-01-25T23:48:51.562712+00:00", "data": {"market": "0x1c457688400ae8bba44f1b63b5ecd83cfb2a6526264050ed7126cdd0c2ad032e", "price_changes": [{"asset_id": "5096497619890135316577301129464142696169390906515709548798034956875773061125", "price": "0.01", "size": "4200", "side": "BUY", "hash": "31eeb88770fb1be29209eb7a5ccbaffa5d6e0795", "best_bid": "0.88", "best_ask": "0.95"}, {"asset_id": "97450440820149374869853554649012232329154774363436855769588843305840712838752", "price": "0.99", "size": "4200", "side": "SELL", "hash": "309cecf4bfdb1b6777ddc0a0917572f7bfd97fd2", "best_bid": "0.05", "best_ask": "0.12"}], "timestamp": "1769384931489", "event_type": "price_change"}}
{"_local_timestamp": "2026-01-25T23:48:51.563019+00:00", "data": {"market": "0x1c457688400ae8bba44f1b63b5ecd83cfb2a6526264050ed7126cdd0c2ad032e", "price_changes": [{"asset_id": "5096497619890135316577301129464142696169390906515709548798034956875773061125", "price": "0.18", "size": "0", "side": "BUY", "hash": "31eeb88770fb1be29209eb7a5ccbaffa5d6e0795", "best_bid": "0.88", "best_ask": "0.95"}, {"asset_id": "97450440820149374869853554649012232329154774363436855769588843305840712838752", "price": "0.82", "size": "0", "side": "SELL", "hash": "309cecf4bfdb1b6777ddc0a0917572f7bfd97fd2", "best_bid": "0.05", "best_ask": "0.12"}], "timestamp": "1769384931489", "event_type": "price_change"}}
{"_local_timestamp": "2026-01-25T23:49:25.391993+00:00", "data": {"market": "0x1c457688400ae8bba44f1b63b5ecd83cfb2a6526264050ed7126cdd0c2ad032e", "price_changes": [{"asset_id": "5096497619890135316577301129464142696169390906515709548798034956875773061125", "price": "0.11", "size": "0", "side": "BUY", "hash": "44d45f299261f13326c3b9fb6f528faa52b5a911", "best_bid": "0.88", "best_ask": "0.95"}, {"asset_id": "97450440820149374869853554649012232329154774363436855769588843305840712838752", "price": "0.89", "size": "0", "side": "SELL", "hash": "085851fb3a018da7e9286264a6a623bf2db122f8", "best_bid": "0.05", "best_ask": "0.12"}], "timestamp": "1769384965275", "event_type": "price_change"}}
{"_local_timestamp": "2026-01-25T23:49:25.981184+00:00", "data": {"market": "0x1c457688400ae8bba44f1b63b5ecd83cfb2a6526264050ed7126cdd0c2ad032e", "price_changes": [{"asset_id": "5096497619890135316577301129464142696169390906515709548798034956875773061125", "price": "0.12", "size": "325", "side": "BUY", "hash": "cf06683e006850747acc3d80fd3da090b227362d", "best_bid": "0.88", "best_ask": "0.95"}, {"asset_id": "97450440820149374869853554649012232329154774363436855769588843305840712838752", "price": "0.88", "size": "325", "side": "SELL", "hash": "cc8572b0a697f81588bcba48de748c1f4cb7d7e0", "best_bid": "0.05", "best_ask": "0.12"}], "timestamp": "1769384965794", "event_type": "price_change"}}
{"_local_timestamp": "2026-01-25T23:49:30.247963+00:00", "data": {"market": "0x1c457688400ae8bba44f1b63b5ecd83cfb2a6526264050ed7126cdd0c2ad032e", "price_changes": [{"asset_id": "5096497619890135316577301129464142696169390906515709548798034956875773061125", "price": "0.16", "size": "100", "side": "BUY", "hash": "74c53aa830f25375f84030695b0e2a8874900246", "best_bid": "0.88", "best_ask": "0.95"}, {"asset_id": "97450440820149374869853554649012232329154774363436855769588843305840712838752", "price": "0.84", "size": "100", "side": "SELL", "hash": "287883f590481c9992de191a6321c7606b3543da", "best_bid": "0.05", "best_ask": "0.12"}], "timestamp": "1769384970043", "event_type": "price_change"}}
{"_local_timestamp": "2026-01-25T23:49:30.248270+00:00", "data": {"market": "0x1c457688400ae8bba44f1b63b5ecd83cfb2a6526264050ed7126cdd0c2ad032e", "price_changes": [{"asset_id": "5096497619890135316577301129464142696169390906515709548798034956875773061125", "price": "0.01", "size": "3900", "side": "BUY", "hash": "74c53aa830f25375f84030695b0e2a8874900246", "best_bid": "0.88", "best_ask": "0.95"}, {"asset_id": "97450440820149374869853554649012232329154774363436855769588843305840712838752", "price": "0.99", "size": "3900", "side": "SELL", "hash": "287883f590481c9992de191a6321c7606b3543da", "best_bid": "0.05", "best_ask": "0.12"}], "timestamp": "1769384970043", "event_type": "price_change"}}
{"_local_timestamp": "2026-01-25T23:49:30.249148+00:00", "data": {"market": "0x1c457688400ae8bba44f1b63b5ecd83cfb2a6526264050ed7126cdd0c2ad032e", "price_changes": [{"asset_id": "5096497619890135316577301129464142696169390906515709548798034956875773061125", "price": "0.25", "size": "0", "side": "BUY", "hash": "74c53aa830f25375f84030695b0e2a8874900246", "best_bid": "0.88", "best_ask": "0.95"}, {"asset_id": "97450440820149374869853554649012232329154774363436855769588843305840712838752", "price": "0.75", "size": "0", "side": "SELL", "hash": "287883f590481c9992de191a6321c7606b3543da", "best_bid": "0.05", "best_ask": "0.12"}], "timestamp": "1769384970043", "event_type": "price_change"}}
{"_local_timestamp": "2026-01-25T23:49:30.249397+00:00", "data": {"market": "0x1c457688400ae8bba44f1b63b5ecd83cfb2a6526264050ed7126cdd0c2ad032e", "price_changes": [{"asset_id": "5096497619890135316577301129464142696169390906515709548798034956875773061125", "price": "0.12", "size": "125", "side": "BUY", "hash": "74c53aa830f25375f84030695b0e2a8874900246", "best_bid": "0.88", "best_ask": "0.95"}, {"asset_id": "97450440820149374869853554649012232329154774363436855769588843305840712838752", "price": "0.88", "size": "125", "side": "SELL", "hash": "287883f590481c9992de191a6321c7606b3543da", "best_bid": "0.05", "best_ask": "0.12"}], "timestamp": "1769384970043", "event_type": "price_change"}}
{"_local_timestamp": "2026-01-25T23:49:31.075631+00:00", "data": {"market": "0x1c457688400ae8bba44f1b63b5ecd83cfb2a6526264050ed7126cdd0c2ad032e", "price_changes": [{"asset_id": "5096497619890135316577301129464142696169390906515709548798034956875773061125", "price": "0.11", "size": "200", "side": "BUY", "hash": "f816787c15fc24806c70d80013714a74ee2f7adb", "best_bid": "0.88", "best_ask": "0.95"}, {"asset_id": "97450440820149374869853554649012232329154774363436855769588843305840712838752", "price": "0.89", "size": "200", "side": "SELL", "hash": "7063e3f43dfca9e1f3fd92b5feae8afc78dcef1d", "best_bid": "0.05", "best_ask": "0.12"}], "timestamp": "1769384970669", "event_type": "price_change"}}
{"_local_timestamp": "2026-01-25T23:49:31.075971+00:00", "data": {"market": "0x1c457688400ae8bba44f1b63b5ecd83cfb2a6526264050ed7126cdd0c2ad032e", "price_changes": [{"asset_id": "5096497619890135316577301129464142696169390906515709548798034956875773061125", "price": "0.17", "size": "150", "side": "BUY", "hash": "29c602ebf0f24fd7ad98589b6ad2629d9aab7bfd", "best_bid": "0.88", "best_ask": "0.95"}, {"asset_id": "97450440820149374869853554649012232329154774363436855769588843305840712838752", "price": "0.83", "size": "150", "side": "SELL", "hash": "52d776ce45f88bf3a1742706eb62143d1049d796", "best_bid": "0.05", "best_ask": "0.12"}], "timestamp": "1769384970768", "event_type": "price_change"}}
{"_local_timestamp": "2026-01-25T23:49:31.079875+00:00", "data": {"market": "0x1c457688400ae8bba44f1b63b5ecd83cfb2a6526264050ed7126cdd0c2ad032e", "price_changes": [{"asset_id": "5096497619890135316577301129464142696169390906515709548798034956875773061125", "price": "0.26", "size": "193", "side": "BUY", "hash": "858969318bffc79f55d766a880ac32104a3faf76", "best_bid": "0.88", "best_ask": "0.95"}, {"asset_id": "97450440820149374869853554649012232329154774363436855769588843305840712838752", "price": "0.74", "size": "193", "side": "SELL", "hash": "1d2fd4770bdef96dd409e7aa0be7fd341c805116", "best_bid": "0.05", "best_ask": "0.12"}], "timestamp": "1769384970770", "event_type": "price_change"}}
{"_local_timestamp": "2026-01-25T23:49:31.140913+00:00", "data": {"market": "0x1c457688400ae8bba44f1b63b5ecd83cfb2a6526264050ed7126cdd0c2ad032e", "price_changes": [{"asset_id": "5096497619890135316577301129464142696169390906515709548798034956875773061125", "price": "0.06", "size": "700", "side": "BUY", "hash": "ea80d34d9d52e43bd14458455d52dff8ea00174e", "best_bid": "0.88", "best_ask": "0.95"}, {"asset_id": "97450440820149374869853554649012232329154774363436855769588843305840712838752", "price": "0.94", "size": "700", "side": "SELL", "hash": "9f8974603331b3616f0ac989d4f73638715f2ccd", "best_bid": "0.05", "best_ask": "0.12"}], "timestamp": "1769384970773", "event_type": "price_change"}}
{"_local_timestamp": "2026-01-25T23:49:50.439194+00:00", "data": {"market": "0x1c457688400ae8bba44f1b63b5ecd83cfb2a6526264050ed7126cdd0c2ad032e", "price_changes": [{"asset_id": "5096497619890135316577301129464142696169390906515709548798034956875773061125", "price": "0.51", "size": "0", "side": "BUY", "hash": "071c2a384025dc3d64ee4f564389e0308702058f", "best_bid": "0.88", "best_ask": "0.95"}, {"asset_id": "97450440820149374869853554649012232329154774363436855769588843305840712838752", "price": "0.49", "size": "0", "side": "SELL", "hash": "92b983a1b5b80dfee7291e2afcbcc0243415e408", "best_bid": "0.05", "best_ask": "0.12"}], "timestamp": "1769384990338", "event_type": "price_change"}}
{"_local_timestamp": "2026-01-25T23:49:50.445122+00:00", "data": {"market": "0x1c457688400ae8bba44f1b63b5ecd83cfb2a6526264050ed7126cdd0c2ad032e", "price_changes": [{"asset_id": "5096497619890135316577301129464142696169390906515709548798034956875773061125", "price": "0.13", "size": "0", "side": "BUY", "hash": "071c2a384025dc3d64ee4f564389e0308702058f", "best_bid": "0.88", "best_ask": "0.95"}, {"asset_id": "97450440820149374869853554649012232329154774363436855769588843305840712838752", "price": "0.87", "size": "0", "side": "SELL", "hash": "92b983a1b5b80dfee7291e2afcbcc0243415e408", "best_bid": "0.05", "best_ask": "0.12"}], "timestamp": "1769384990338", "event_type": "price_change"}}
{"_local_timestamp": "2026-01-25T23:49:50.766991+00:00", "data": {"market": "0x1c457688400ae8bba44f1b63b5ecd83cfb2a6526264050ed7126cdd0c2ad032e", "price_changes": [{"asset_id": "5096497619890135316577301129464142696169390906515709548798034956875773061125", "price": "0.13", "size": "200", "side": "BUY", "hash": "20fa5186e7bcd0b9eaff323e7ed7e7cb46d10116", "best_bid": "0.88", "best_ask": "0.95"}, {"asset_id": "97450440820149374869853554649012232329154774363436855769588843305840712838752", "price": "0.87", "size": "200", "side": "SELL", "hash": "fa14e77a18898cf0835b124e793e699fb2f6dad5", "best_bid": "0.05", "best_ask": "0.12"}], "timestamp": "1769384990698", "event_type": "price_change"}}
{"_local_timestamp": "2026-01-25T23:49:51.815625+00:00", "data": {"market": "0x1c457688400ae8bba44f1b63b5ecd83cfb2a6526264050ed7126cdd0c2ad032e", "price_changes": [{"asset_id": "5096497619890135316577301129464142696169390906515709548798034956875773061125", "price": "0.88", "size": "55.49", "side": "BUY", "hash": "414b930d15d9aa2f9c2a035aed46a18fd356e04f", "best_bid": "0.88", "best_ask": "0.95"}, {"asset_id": "97450440820149374869853554649012232329154774363436855769588843305840712838752", "price": "0.12", "size": "55.49", "side": "SELL", "hash": "5be5d6351f49dbaac1c1efc8057a87282f39c2ab", "best_bid": "0.05", "best_ask": "0.12"}], "timestamp": "1769384991736", "event_type": "price_change"}}
{"_local_timestamp": "2026-01-25T23:51:05.578338+00:00", "data": {"market": "0x1c457688400ae8bba44f1b63b5ecd83cfb2a6526264050ed7126cdd0c2ad032e", "price_changes": [{"asset_id": "5096497619890135316577301129464142696169390906515709548798034956875773061125", "price": "0.16", "size": "0", "side": "BUY", "hash": "f567fbbb9fda1241c4cddda222330b7ac131b2f7", "best_bid": "0.88", "best_ask": "0.95"}, {"asset_id": "97450440820149374869853554649012232329154774363436855769588843305840712838752", "price": "0.84", "size": "0", "side": "SELL", "hash": "1c0b820c031e199bb29969a1a5aeba5b7a077f92", "best_bid": "0.05", "best_ask": "0.12"}], "timestamp": "1769385065427", "event_type": "price_change"}}
{"_local_timestamp": "2026-01-25T23:51:05.579490+00:00", "data": {"market": "0x1c457688400ae8bba44f1b63b5ecd83cfb2a6526264050ed7126cdd0c2ad032e", "price_changes": [{"asset_id": "5096497619890135316577301129464142696169390906515709548798034956875773061125", "price": "0.12", "size": "0", "side": "BUY", "hash": "f567fbbb9fda1241c4cddda222330b7ac131b2f7", "best_bid": "0.88", "best_ask": "0.95"}, {"asset_id": "97450440820149374869853554649012232329154774363436855769588843305840712838752", "price": "0.88", "size": "0", "side": "SELL", "hash": "1c0b820c031e199bb29969a1a5aeba5b7a077f92", "best_bid": "0.05", "best_ask": "0.12"}], "timestamp": "1769385065427", "event_type": "price_change"}}
