{"_local_timestamp": "2026-01-25T23:41:08.390125+00:00", "data": [{"market": "0x45ce99b1121d3d77bce5dd94fb90d0c8c5c9b4ab930ddf4a1b33a2383a16012c", "asset_id": "83394890177597567711535881140754962332905909386787648725760480360938261239928", "timestamp": "1769384006960", "hash": "aba978047498c3872aaecbf2cf456f9b4e5d53fd", "bids": [{"price": "0.01", "size": "231.35"}, {"price": "0.02", "size": "88.64"}, {"price": "0.03", "size": "207.66"}, {"price": "0.04", "size": "6.17"}, {"price": "0.06", "size": "88.29"}], "asks": [{"price": "0.99", "size": "2920.91"}, {"price": "0.98", "size": "1261.27"}, {"price": "0.97", "size": "19.57"}, {"price": "0.96", "size": "500"}, {"price": "0.95", "size": "230"}, {"price": "0.94", "size": "393.05"}, {"price": "0.93", "size": "100"}, {"price": "0.92", "size": "168"}, {"price": "0.91", "size": "73.27"}, {"price": "0.89", "size": "71.66"}], "event_type": "book", "last_trade_price": ""}, {"market": "0x45ce99b1121d3d77bce5dd94fb90d0c8c5c9b4ab930ddf4a1b33a2383a16012c", "asset_id": "34950936194300538347982115689384250170803514508868487692129168238703964247866", "timestamp": "1769384006960", "hash": "5540d66f10065d27e6f2509efee31e7578f9d0a3", "bids": [{"price": "0.01", "size": "2920.91"}, {"price": "0.02", "size": "1261.27"}, {"price": "0.03", "size": "19.57"}, {"price": "0.04", "size": "500"}, {"price": "0.05", "size": "230"}, {"price": "0.06", "size": "393.05"}, {"price": "0.07", "size": "100"}, {"price": "0.08", "size": "168"}, {"price": "0.09", "size": "73.27"}, {"price": "0.11", "size": "71.66"}], "asks": [{"price": "0.99", "size": "231.35"}, {"price": "0.98", "size": "88.64"}, {"price": "0.97", "size": "207.66"}, {"price": "0.96", "size": "6.17"}, {"price": "0.94", "size": "88.29"}], "event_type": "book", "last_trade_price": ""}, {"market": "0x1c457688400ae8bba44f1b63b5ecd83cfb2a6526264050ed7126cdd0c2ad032e", "asset_id": "97450440820149374869853554649012232329154774363436855769588843305840712838752", "timestamp": "1769384459438", "hash": "895a915c92acc6528a427f32e8901bbe9edb9524", "bids": [{"price": "0.01", "size": "296.66"}, {"price": "0.02", "size": "86.67"}, {"price": "0.03", "size": "219.1"}, {"price": "0.05", "size": "96.66"}], "asks": [{"price": "0.99", "size": "4214.67"}, {"price": "0.98", "size": "1650"}, {"price": "0.97", "size": "8.79"}, {"price": "0.96", "size": "500"}, {"price": "0.95", "size": "330"}, {"price": "0.94", "size": "400"}, {"price": "0.93", "size": "20"}, {"price": "0.92", "size": "106.45"}, {"price": "0.89", "size": "325"}, {"price": "0.88", "size": "100"}, {"price": "0.84", "size": "250"}, {"price": "0.83", "size": "6.31"}, {"price": "0.75", "size": "87"}, {"price": "0.52", "size": "5"}, {"price": "0.5", "size": "100"}, {"price": "0.13", "size": "12.4"}, {"price": "0.12", "size": "55.49"}], "event_type": "book", "last_trade_price": ""}, {"market": "0x4f5f908a82bdaf15c9539e3e81a32db5e1d90ab54bb358f34790a1b79c7834a0", "asset_id": "7841367247253398312545861743855105445616901703403751152331312441369088246881", "timestamp": "1769384094899", "hash": "44e87a5793cad4e73a8b299b48c411e6c17974e5", "bids": [{"price": "0.01", "size": "233.25"}, {"price": "0.02", "size": "86.1"}, {"price": "0.03", "size": "106.66"}, {"price": "0.04", "size": "6.96"}, {"price": "0.06", "size": "74.99"}], "asks": [{"price": "0.99", "size": "2920.14"}, {"price": "0.98", "size": "1259.71"}, {"price": "0.97", "size": "18.09"}, {"price": "0.96", "size": "500"}, {"price": "0.95", "size": "430"}, {"price": "0.94", "size": "192.17"}, {"price": "0.93", "size": "100"}, {"price": "0.92", "size": "9.13"}, {"price": "0.91", "size": "66.66"}, {"price": "0.9", "size": "100"}, {"price": "0.89", "size": "71.66"}], "event_type": "book", "last_trade_price": ""}, {"market": "0x4f5f908a82bdaf15c9539e3e81a32db5e1d90ab54bb358f34790a1b79c7834a0", "asset_id": "27947879826400098581911084490383046140714290948900414598418506659704128584101", "timestamp": "1769384094899", "hash": "b2db8e3d8ce3972feaab10aab445b91de6774009", "bids": [{"price": "0.01", "size": "2920.14"}, {"price": "0.02", "size": "1259.71"}, {"price": "0.03", "size": "18.09"}, {"price": "0.04", "size": "500"}, {"price": "0.05", "size": "430"}, {"price": "0.06", "size": "192.17"}, {"price": "0.07", "size": "100"}, {"price": "0.08", "size": "9.13"}, {"price": "0.09", "size": "66.66"}, {"price": "0.1", "size": "100"}, {"price": "0.11", "size": "71.66"}], "asks": [{"price": "0.99", "size": "233.25"}, {"price": "0.98", "size": "86.1"}, {"price": "0.97", "size": "106.66"}, {"price": "0.96", "size": "6.96"}, {"price": "0.94", "size": "74.99"}], "event_type": "book", "last_trade_price": ""}, {"market": "0x1c457688400ae8bba44f1b63b5ecd83cfb2a6526264050ed7126cdd0c2ad032e", "asset_id": "5096497619890135316577301129464142696169390906515709548798034956875773061125", "timestamp": "1769384459438", "hash": "ba0df6f4ba201c19621dd9d3d94166fe1fe53cba", "bids": [{"price": "0.01", "size": "4214.67"}, {"price": "0.02", "size": "1650"}, {"price": "0.03", "size": "8.79"}, {"price": "0.04", "size": "500"}, {"price": "0.05", "size": "330"}, {"price": "0.06", "size": "400"}, {"price": "0.07", "size": "20"}, {"price": "0.08", "size": "106.45"}, {"price": "0.11", "size": "325"}, {"price": "0.12", "size": "100"}, {"price": "0.16", "size": "250"}, {"price": "0.17", "size": "6.31"}, {"price": "0.25", "size": "87"}, {"price": "0.48", "size": "5"}, {"price": "0.5", "size": "100"}, {"price": "0.87", "size": "12.4"}, {"price": "0.88", "size": "55.49"}], "asks": [{"price": "0.99", "size": "296.66"}, {"price": "0.98", "size": "86.67"}, {"price": "0.97", "size": "219.1"}, {"price": "0.95", "size": "96.66"}], "event_type": "book", "last_trade_price": ""}]}
{"_local_timestamp": "2026-01-25T23:41:50.790577+00:00", "data": {"market": "0x1c457688400ae8bba44f1b63b5ecd83cfb2a6526264050ed7126cdd0c2ad032e", "price_changes": [{"asset_id": "5096497619890135316577301129464142696169390906515709548798034956875773061125", "price": "0.11", "size": "125", "side": "BUY", "hash": "f405c9cca4e0a24cef7129f16bd21df2cd55d678", "best_bid": "0.88", "best_ask": "0.95"}, {"asset_id": "97450440820149374869853554649012232329154774363436855769588843305840712838752", "price": "0.89", "size": "125", "side": "SELL", "hash": "274d560d41579296314ce970aca7689f75fcdbbb", "best_bid": "0.05", "best_ask": "0.12"}], "timestamp": "1769384510722", "event_type": "price_change"}}
{"_local_timestamp": "2026-01-25T23:41:51.970735+00:00", "data": {"market": "0x1c457688400ae8bba44f1b63b5ecd83cfb2a6526264050ed7126cdd0c2ad032e", "price_changes": [{"asset_id": "5096497619890135316577301129464142696169390906515709548798034956875773061125", "price": "0.12", "size": "300", "side": "BUY", "hash": "7b4e5f7d05ddc12161e8a04850b4464bb0c906c5", "best_bid": "0.88", "best_ask": "0.95"}, {"asset_id": "97450440820149374869853554649012232329154774363436855769588843305840712838752", "price": "0.88", "size": "300", "side": "SELL", "hash": "091a73f7fd010c2c4193f3e48e7612eeb1585a13", "best_bid": "0.05", "best_ask": "0.12"}], "timestamp": "1769384511687", "event_type": "price_change"}}
{"_local_timestamp": "2026-01-25T23:41:52.918730+00:00", "data": {"market": "0x1c457688400ae8bba44f1b63b5ecd83cfb2a6526264050ed7126cdd0c2ad032e", "price_changes": [{"asset_id": "5096497619890135316577301129464142696169390906515709548798034956875773061125", "price": "0.25", "size": "187", "side": "BUY", "hash": "0bc04630cb23014d7a6093ccd10e922f390bc88a", "best_bid": "0.88", "best_ask": "0.95"}, {"asset_id": "97450440820149374869853554649012232329154774363436855769588843305840712838752", "price": "0.75", "size": "187", "side": "SELL", "hash": "a4371c7aba90a92f6a1ff77ef2cdc86a11960e25", "best_bid": "0.05", "best_ask": "0.12"}], "timestamp": "1769384511888", "event_type": "price_change"}}
{"_local_timestamp": "2026-01-25T23:42:53.153999+00:00", "data": {"market": "0x1c457688400ae8bba44f1b63b5ecd83cfb2a6526264050ed7126cdd0c2ad032e", "price_changes": [{"asset_id": "5096497619890135316577301129464142696169390906515709548798034956875773061125", "price": "0.88", "size": "5.49", "side": "BUY", "hash": "baae48d4f09e291f14cf6a907205cbd714992bf4", "best_bid": "0.88", "best_ask": "0.95"}, {"asset_id": "97450440820149374869853554649012232329154774363436855769588843305840712838752", "price": "0.12", "size": "5.49", "side": "SELL", "hash": "315e477cd8d944544a938f939f76e8276b3161f9", "best_bid": "0.05", "best_ask": "0.12"}], "timestamp": "1769384573001", "event_type": "price_change"}}
{"_local_timestamp": "2026-01-25T23:44:06.889345+00:00", "data": {"market": "0x4f5f908a82bdaf15c9539e3e81a32db5e1d90ab54bb358f34790a1b79c7834a0", "price_changes": [{"asset_id": "27947879826400098581911084490383046140714290948900414598418506659704128584101", "price": "0.07", "size": "0", "side": "BUY", "hash": "dee544bdb7cb7ed6a8d8bb5298aef26708068492", "best_bid": "0.11", "best_ask": "0.94"}, {"asset_id": "7841367247253398312545861743855105445616901703403751152331312441369088246881", "price": "0.93", "size": "0", "side": "SELL", "hash": "7eab347fe2500a757bb1b6602bcbc4225c7b0fd5", "best_bid": "0.06", "best_ask": "0.89"}], "timestamp": "1769384646746", "event_type": "price_change"}}
{"_local_timestamp": "2026-01-25T23:44:06.890158+00:00", "data": {"market": "0x1c457688400ae8bba44f1b63b5ecd83cfb2a6526264050ed7126cdd0c2ad032e", "price_changes": [{"asset_id": "5096497619890135316577301129464142696169390906515709548798034956875773061125", "price": "0.08", "size": "6.45", "side": "BUY", "hash": "aa877be05a6d8847aa900f623b52adf23b56f02c", "best_bid": "0.88", "best_ask": "0.95"}, {"asset_id": "97450440820149374869853554649012232329154774363436855769588843305840712838752", "price": "0.92", "size": "6.45", "side": "SELL", "hash": "4562b29e8a82845e2ef24e2f425c96edee0c7b6e", "best_bid": "0.05", "best_ask": "0.12"}], "timestamp": "1769384646746", "event_type": "price_change"}}
{"_local_timestamp": "2026-01-25T23:44:06.890487+00:00", "data": {"market": "0x45ce99b1121d3d77bce5dd94fb90d0c8c5c9b4ab930ddf4a1b33a2383a16012c", "price_changes": [{"asset_id": "34950936194300538347982115689384250170803514508868487692129168238703964247866", "price": "0.06", "size": "293.05", "side": "BUY", "hash": "fd724b5300969f98b5046045a66b0527383e0723", "best_bid": "0.11", "best_ask": "0.94"}, {"asset_id": "83394890177597567711535881140754962332905909386787648725760480360938261239928", "price": "0.94", "size": "293.05", "side": "SELL", "hash": "f0164e6ea5615709650d3cbfabd7385153702001", "best_bid": "0.06", "best_ask": "0.89"}], "timestamp": "1769384646746", "event_type": "price_change"}}
{"_local_timestamp": "2026-01-25T23:44:07.205690+00:00", "data": {"market": "0x45ce99b1121d3d77bce5dd94fb90d0c8c5c9b4ab930ddf4a1b33a2383a16012c", "price_changes": [{"asset_id": "34950936194300538347982115689384250170803514508868487692129168238703964247866", "price": "0.05", "size": "330", "side": "BUY", "hash": "67b6b0df7380d8e4c4fe3df28a480b6c7ee70c90", "best_bid": "0.11", "best_ask": "0.94"}, {"asset_id": "83394890177597567711535881140754962332905909386787648725760480360938261239928", "price": "0.95", "size": "330", "side": "SELL", "hash": "f4eff6ba3ea61b5f68fcbf77e5839340c66c74eb", "best_bid": "0.06", "best_ask": "0.89"}], "timestamp": "1769384647011", "event_type": "price_change"}}
{"_local_timestamp": "2026-01-25T23:44:07.214048+00:00", "data": {"market": "0x4f5f908a82bdaf15c9539e3e81a32db5e1d90ab54bb358f34790a1b79c7834a0", "price_changes": [{"asset_id": "27947879826400098581911084490383046140714290948900414598418506659704128584101", "price": "0.06", "size": "292.17", "side": "BUY", "hash": "7eb0db37120ff8215eb53bec3fadf37f166be7ec", "best_bid": "0.11", "best_ask": "0.94"}, {"asset_id": "7841367247253398312545861743855105445616901703403751152331312441369088246881", "price": "0.94", "size": "292.17", "side": "SELL", "hash": "890ed0d6cb1f87bb47f3a4203c657d1e86643323", "best_bid": "0.06", "best_ask": "0.89"}], "timestamp": "1769384647011", "event_type": "price_change"}}
{"_local_timestamp": "2026-01-25T23:44:08.634631+00:00", "data": {"market": "0x1c457688400ae8bba44f1b63b5ecd83cfb2a6526264050ed7126cdd0c2ad032e", "price_changes": [{"asset_id": "5096497619890135316577301129464142696169390906515709548798034956875773061125", "price": "0.11", "size": "0", "side": "BUY", "hash": "1b23e2021279f40cc4b36f1d840701e8687a3db0", "best_bid": "0.88", "best_ask": "0.95"}, {"asset_id": "97450440820149374869853554649012232329154774363436855769588843305840712838752", "price": "0.89", "size": "0", "side": "SELL", "hash": "63df4e1dbf0984d77c71662f1a83fb6c763076d7", "best_bid": "0.05", "best_ask": "0.12"}], "timestamp": "1769384648383", "event_type": "price_change"}}
{"_local_timestamp": "2026-01-25T23:44:09.012220+00:00", "data": {"market": "0x1c457688400ae8bba44f1b63b5ecd83cfb2a6526264050ed7126cdd0c2ad032e", "price_changes": [{"asset_id": "5096497619890135316577301129464142696169390906515709548798034956875773061125", "price": "0.12", "size": "425", "side": "BUY", "hash": "1a9bc0eecbc9af614e78aa419febac9ef8835d37", "best_bid": "0.88", "best_ask": "0.95"}, {"asset_id": "97450440820149374869853554649012232329154774363436855769588843305840712838752", "price": "0.88", "size": "425", "side": "SELL", "hash": "386c55ac204f0034c121cdc34ab93685e39ceff4", "best_bid": "0.05", "best_ask": "0.12"}], "timestamp": "1769384648735", "event_type": "price_change"}}
{"_local_timestamp": "2026-01-25T23:44:20.684072+00:00", "data": {"market": "0x1c457688400ae8bba44f1b63b5ecd83cfb2a6526264050ed7126cdd0c2ad032e", "price_changes": [{"asset_id": "5096497619890135316577301129464142696169390906515709548798034956875773061125", "price": "0.12", "size": "225", "side": "BUY", "hash": "9037114b6d12fb963ac67ee520c5dd0f06549c75", "best_bid": "0.88", "best_ask": "0.95"}, {"asset_id": "97450440820149374869853554649012232329154774363436855769588843305840712838752", "price": "0.88", "size": "225", "side": "SELL", "hash": "a7622ec7052102852c6de87ad6bed2d65fc99c12", "best_bid": "0.05", "best_ask": "0.12"}], "timestamp": "1769384660483", "event_type": "price_change"}}
{"_local_timestamp": "2026-01-25T23:44:21.384879+00:00", "data": {"market": "0x1c457688400ae8bba44f1b63b5ecd83cfb2a6526264050ed7126cdd0c2ad032e", "price_changes": [{"asset_id": "5096497619890135316577301129464142696169390906515709548798034956875773061125", "price": "0.11", "size": "200", "side": "BUY", "hash": "d5ace4b83bb29a74637f5b1fd151a793e199f555", "best_bid": "0.88", "best_ask": "0.95"}, {"asset_id": "97450440820149374869853554649012232329154774363436855769588843305840712838752", "price": "0.89", "size": "200", "side": "SELL", "hash": "611d7df1fcbf99fa0f07c4c2bd960284e15d15d7", "best_bid": "0.05", "best_ask": "0.12"}], "timestamp": "1769384660894", "event_type": "price_change"}}
{"_local_timestamp": "2026-01-25T23:44:26.947380+00:00", "data": {"market": "0x1c457688400ae8bba44f1b63b5ecd83cfb2a6526264050ed7126cdd0c2ad032e", "price_changes": [{"asset_id": "5096497619890135316577301129464142696169390906515709548798034956875773061125", "price": "0.88", "size": "55.49", "side": "BUY", "hash": "26751a1ed6185b336e621a27a60355f9e210a1ac", "best_bid": "0.88", "best_ask": "0.95"}, {"asset_id": "97450440820149374869853554649012232329154774363436855769588843305840712838752", "price": "0.12", "size": "55.49", "side": "SELL", "hash": "2e1249cd6e604f083e4a79327cb8a92385b5060a", "best_bid": "0.05", "best_ask": "0.12"}], "timestamp": "1769384666673", "event_type": "price_change"}}
