{"_local_timestamp": "2026-01-25T23:34:01.173815+00:00", "data": [{"market": "0xe7bbc2b6ec5bf04d80dbe15b175e572c486c56261ecaaf8a473bdd33e9778b59", "asset_id": "38335822398259920714072433245235378258969905777055747159850785638629612805523", "timestamp": "1769384037443", "hash": "07af76dc0e34d614e3f8858025e606851be72c29", "bids": [{"price": "0.01", "size": "2913.1"}, {"price": "0.02", "size": "1256.35"}, {"price": "0.03", "size": "7.04"}, {"price": "0.04", "size": "500"}, {"price": "0.05", "size": "330"}, {"price": "0.06", "size": "172.42"}, {"price": "0.07", "size": "200"}, {"price": "0.08", "size": "50"}, {"price": "0.09", "size": "13.16"}, {"price": "0.14", "size": "66.66"}, {"price": "0.15", "size": "20"}, {"price": "0.23", "size": "66.66"}], "asks": [{"price": "0.99", "size": "297.32"}, {"price": "0.98", "size": "75"}, {"price": "0.97", "size": "70"}, {"price": "0.96", "size": "66.66"}], "event_type": "book", "last_trade_price": ""}, {"market": "0xa1ffdef0a9457da6fe920f0573ecc593b4e6b0652fe4b36117f352641779c3bd", "asset_id": "76206168371896570817807870510793357337239454701597657404703677530412968463012", "timestamp": "1769384037443", "hash": "a1f5efd3815c91e9e7b7db7a028826d5bec68b9c", "bids": [{"price": "0.01", "size": "230.66"}, {"price": "0.02", "size": "87.99"}, {"price": "0.03", "size": "213.66"}, {"price": "0.06", "size": "83.26"}], "asks": [{"price": "0.99", "size": "2915.46"}, {"price": "0.98", "size": "1257.91"}, {"price": "0.97", "size": "12.27"}, {"price": "0.96", "size": "500"}, {"price": "0.95", "size": "330"}, {"price": "0.94", "size": "172.17"}, {"price": "0.93", "size": "200"}, {"price": "0.92", "size": "50"}, {"price": "0.91", "size": "10.97"}, {"price": "0.86", "size": "66.66"}, {"price": "0.85", "size": "20"}, {"price": "0.79", "size": "66.66"}], "event_type": "book", "last_trade_price": ""}, {"market": "0x9406de90dc5df4f861075195f6c289750e9cbbe0649a97ac16b4d9c355d4c868", "asset_id": "83203110138845664357331417236484086031162847488962209703758651278630020463582", "timestamp": "1769384037443", "hash": "d149f288e30034fc33030756ec4c90613333c79b", "bids": [{"price": "0.01", "size": "2914.16"}, {"price": "0.02", "size": "1256.87"}, {"price": "0.03", "size": "12.38"}, {"price": "0.04", "size": "500"}, {"price": "0.05", "size": "230"}, {"price": "0.06", "size": "372.3"}, {"price": "0.07", "size": "100"}, {"price": "0.08", "size": "50"}, {"price": "0.09", "size": "11.23"}, {"price": "0.14", "size": "66.66"}, {"price": "0.15", "size": "20"}, {"price": "0.21", "size": "66.66"}], "asks": [{"price": "0.99", "size": "230.66"}, {"price": "0.98", "size": "87.99"}, {"price": "0.97", "size": "210.66"}, {"price": "0.94", "size": "83.26"}], "event_type": "book", "last_trade_price": ""}, {"market": "0x9406de90dc5df4f861075195f6c289750e9cbbe0649a97ac16b4d9c355d4c868", "asset_id": "27876660047576783213129713987865846552682816421202213594164957922837854504578", "timestamp": "1769384037443", "hash": "fff350161cdfb1cd15ac7472ee040836f9217a25", "bids": [{"price": "0.01", "size": "230.66"}, {"price": "0.02", "size": "87.99"}, {"price": "0.03", "size": "210.66"}, {"price": "0.06", "size": "83.26"}], "asks": [{"price": "0.99", "size": "2914.16"}, {"price": "0.98", "size": "1256.87"}, {"price": "0.97", "size": "12.38"}, {"price": "0.96", "size": "500"}, {"price": "0.95", "size": "230"}, {"price": "0.94", "size": "372.3"}, {"price": "0.93", "size": "100"}, {"price": "0.92", "size": "50"}, {"price": "0.91", "size": "11.23"}, {"price": "0.86", "size": "66.66"}, {"price": "0.85", "size": "20"}, {"price": "0.79", "size": "66.66"}], "event_type": "book", "last_trade_price": ""}, {"market": "0x33169e953d94fb7a3b356cf768c540ec06fa31d4a967dafb0fa10e68d56488c4", "asset_id": "56994701114048882383790482714232298047952168243935147530156538627837436805079", "timestamp": "1769384037443", "hash": "eb43026d17ef844db978a755e3b54a9543b1ef74", "bids": [{"price": "0.01", "size": "230.66"}, {"price": "0.02", "size": "87.99"}, {"price": "0.03", "size": "113.66"}, {"price": "0.06", "size": "83.26"}], "asks": [{"price": "0.99", "size": "2911.71"}, {"price": "0.98", "size": "1256.87"}, {"price": "0.97", "size": "13.69"}, {"price": "0.96", "size": "500"}, {"price": "0.95", "size": "230"}, {"price": "0.94", "size": "372.32"}, {"price": "0.93", "size": "100"}, {"price": "0.92", "size": "50"}, {"price": "0.91", "size": "11.05"}, {"price": "0.86", "size": "66.66"}, {"price": "0.85", "size": "20"}, {"price": "0.79", "size": "66.66"}], "event_type": "book", "last_trade_price": ""}, {"market": "0x42a60f7b17d74c10b72b6ca1c7ff495ba87928536bbc0be61db067b371b6e66b", "asset_id": "24065935965505418220743799848793676799375825575208835676592643727386993565502", "timestamp": "1769384037443", "hash": "353af53e2f4973416a57e1b5dedf13547e67cf36", "bids": [{"price": "0.01", "size": "230.66"}, {"price": "0.02", "size": "87.99"}, {"price": "0.03", "size": "213.66"}, {"price": "0.06", "size": "81.66"}], "asks": [{"price": "0.99", "size": "2913.88"}, {"price": "0.98", "size": "1255.51"}, {"price": "0.97", "size": "24.61"}, {"price": "0.96", "size": "500"}, {"price": "0.95", "size": "330"}, {"price": "0.94", "size": "166.66"}, {"price": "0.93", "size": "206.34"}, {"price": "0.9", "size": "50"}, {"price": "0.89", "size": "5.17"}, {"price": "0.86", "size": "66.66"}, {"price": "0.85", "size": "20"}, {"price": "0.78", "size": "66.66"}], "event_type": "book", "last_trade_price": ""}, {"market": "0x42a60f7b17d74c10b72b6ca1c7ff495ba87928536bbc0be61db067b371b6e66b", "asset_id": "9131511062739215563973194643839255465216904578227150178223929351830072336661", "timestamp": "1769384037443", "hash": "57c57cc2bd0c8df722bef43a5dcdff0a4775f7b9", "bids": [{"price": "0.01", "size": "2913.88"}, {"price": "0.02", "size": "1255.51"}, {"price": "0.03", "size": "24.61"}, {"price": "0.04", "size": "500"}, {"price": "0.05", "size": "330"}, {"price": "0.06", "size": "166.66"}, {"price": "0.07", "size": "206.34"}, {"price": "0.1", "size": "50"}, {"price": "0.11", "size": "5.17"}, {"price": "0.14", "size": "66.66"}, {"price": "0.15", "size": "20"}, {"price": "0.22", "size": "66.66"}], "asks": [{"price": "0.99", "size": "230.66"}, {"price": "0.98", "size": "87.99"}, {"price": "0.97", "size": "213.66"}, {"price": "0.94", "size": "81.66"}], "event_type": "book", "last_trade_price": ""}, {"market": "0x33169e953d94fb7a3b356cf768c540ec06fa31d4a967dafb0fa10e68d56488c4", "asset_id": "10772775219302218013020168662797680757836174357026881116818461954789588892520", "timestamp": "1769384037443", "hash": "8562b1056d292e221ce716b58e17f0eab28c1f64", "bids": [{"price": "0.01", "size": "2911.71"}, {"price": "0.02", "size": "1256.87"}, {"price": "0.03", "size": "13.69"}, {"price": "0.04", "size": "500"}, {"price": "0.05", "size": "230"}, {"price": "0.06", "size": "372.32"}, {"price": "0.07", "size": "100"}, {"price": "0.08", "size": "50"}, {"price": "0.09", "size": "11.05"}, {"price": "0.14", "size": "66.66"}, {"price": "0.15", "size": "20"}, {"price": "0.21", "size": "66.66"}], "asks": [{"price": "0.99", "size": "230.66"}, {"price": "0.98", "size": "87.99"}, {"price": "0.97", "size": "113.66"}, {"price": "0.94", "size": "83.26"}], "event_type": "book", "last_trade_price": ""}, {"market": "0xe7bbc2b6ec5bf04d80dbe15b175e572c486c56261ecaaf8a473bdd33e9778b59", "asset_id": "69432753854591746861782464250034619363278158793830895199753748692777024144286", "timestamp": "1769384037443", "hash": "5fab7bb49f65909e2bd5b8f484b8d31db2dc94d0", "bids": [{"price": "0.01", "size": "297.32"}, {"price": "0.02", "size": "75"}, {"price": "0.03", "size": "70"}, {"price": "0.04", "size": "66.66"}], "asks": [{"price": "0.99", "size": "2913.1"}, {"price": "0.98", "size": "1256.35"}, {"price": "0.97", "size": "7.04"}, {"price": "0.96", "size": "500"}, {"price": "0.95", "size": "330"}, {"price": "0.94", "size": "172.42"}, {"price": "0.93", "size": "200"}, {"price": "0.92", "size": "50"}, {"price": "0.91", "size": "13.16"}, {"price": "0.86", "size": "66.66"}, {"price": "0.85", "size": "20"}, {"price": "0.77", "size": "66.66"}], "event_type": "book", "last_trade_price": ""}, {"market": "0xa1ffdef0a9457da6fe920f0573ecc593b4e6b0652fe4b36117f352641779c3bd", "asset_id": "14985816199735469587284620411014592939929252673345539168983518202181761464407", "timestamp": "1769384037443", "hash": "123b10a59f9cd382dfaa758f766a35c960492f0d", "bids": [{"price": "0.01", "size": "2915.46"}, {"price": "0.02", "size": "1257.91"}, {"price": "0.03", "size": "12.27"}, {"price": "0.04", "size": "500"}, {"price": "0.05", "size": "330"}, {"price": "0.06", "size": "172.17"}, {"price": "0.07", "size": "200"}, {"price": "0.08", "size": "50"}, {"price": "0.09", "size": "10.97"}, {"price": "0.14", "size": "66.66"}, {"price": "0.15", "size": "20"}, {"price": "0.21", "size": "66.66"}], "asks": [{"price": "0.99", "size": "230.66"}, {"price": "0.98", "size": "87.99"}, {"price": "0.97", "size": "213.66"}, {"price": "0.94", "size": "83.26"}], "event_type": "book", "last_trade_price": ""}]}
{"_local_timestamp": "2026-01-25T23:34:54.615730+00:00", "data": {"market": "0x42a60f7b17d74c10b72b6ca1c7ff495ba87928536bbc0be61db067b371b6e66b", "price_changes": [{"asset_id": "9131511062739215563973194643839255465216904578227150178223929351830072336661", "price": "0.07", "size": "106.34", "side": "BUY", "hash": "a3db90ca50e374639edee1cbcd1b3354e12a2a43", "best_bid": "0.22", "best_ask": "0.94"}, {"asset_id": "24065935965505418220743799848793676799375825575208835676592643727386993565502", "price": "0.93", "size": "106.34", "side": "SELL", "hash": "033a1f8e50816b4a056e3edad2c7de8fce525353", "best_bid": "0.06", "best_ask": "0.78"}], "timestamp": "1769384094544", "event_type": "price_change"}}
{"_local_timestamp": "2026-01-25T23:34:54.616973+00:00", "data": {"market": "0xe7bbc2b6ec5bf04d80dbe15b175e572c486c56261ecaaf8a473bdd33e9778b59", "price_changes": [{"asset_id": "38335822398259920714072433245235378258969905777055747159850785638629612805523", "price": "0.07", "size": "100", "side": "BUY", "hash": "f8a13ea8694448609ed31ee593ae366e79c276e4", "best_bid": "0.23", "best_ask": "0.96"}, {"asset_id": "69432753854591746861782464250034619363278158793830895199753748692777024144286", "price": "0.93", "size": "100", "side": "SELL", "hash": "03afd77c969df963cf741b683590a9436ca33021", "best_bid": "0.04", "best_ask": "0.77"}], "timestamp": "1769384094544", "event_type": "price_change"}}
{"_local_timestamp": "2026-01-25T23:34:54.623060+00:00", "data": {"market": "0xa1ffdef0a9457da6fe920f0573ecc593b4e6b0652fe4b36117f352641779c3bd", "price_changes": [{"asset_id": "14985816199735469587284620411014592939929252673345539168983518202181761464407", "price": "0.07", "size": "100", "side": "BUY", "hash": "9669dda38a531a3afc8ae8b1d59f2083657232a8", "best_bid": "0.21", "best_ask": "0.94"}, {"asset_id": "76206168371896570817807870510793357337239454701597657404703677530412968463012", "price": "0.93", "size": "100", "side": "SELL", "hash": "348530b9b6cee936ea28b92ed18250b01ddcd535", "best_bid": "0.06", "best_ask": "0.79"}], "timestamp": "1769384094547", "event_type": "price_change"}}
{"_local_timestamp": "2026-01-25T23:34:54.956930+00:00", "data": {"market": "0x42a60f7b17d74c10b72b6ca1c7ff495ba87928536bbc0be61db067b371b6e66b", "price_changes": [{"asset_id": "9131511062739215563973194643839255465216904578227150178223929351830072336661", "price": "0.05", "size": "430", "side": "BUY", "hash": "2a113d1878bf1fe0d57351ee3dfcddcf313104f7", "best_bid": "0.22", "best_ask": "0.94"}, {"asset_id": "24065935965505418220743799848793676799375825575208835676592643727386993565502", "price": "0.95", "size": "430", "side": "SELL", "hash": "5ad8547f3a62766c8310d9cc019ec9cc7aa61ae1", "best_bid": "0.06", "best_ask": "0.78"}], "timestamp": "1769384094875", "event_type": "price_change"}}
{"_local_timestamp": "2026-01-25T23:34:54.962381+00:00", "data": {"market": "0xa1ffdef0a9457da6fe920f0573ecc593b4e6b0652fe4b36117f352641779c3bd", "price_changes": [{"asset_id": "14985816199735469587284620411014592939929252673345539168983518202181761464407", "price": "0.05", "size": "430", "side": "BUY", "hash": "b640c5c11f018bc1ff643e18d2846605ab850cd1", "best_bid": "0.21", "best_ask": "0.94"}, {"asset_id": "76206168371896570817807870510793357337239454701597657404703677530412968463012", "price": "0.95", "size": "430", "side": "SELL", "hash": "972da117153c210e581f26f0de7e9edaa8feb345", "best_bid": "0.06", "best_ask": "0.79"}], "timestamp": "1769384094876", "event_type": "price_change"}}
{"_local_timestamp": "2026-01-25T23:34:54.970451+00:00", "data": {"market": "0xe7bbc2b6ec5bf04d80dbe15b175e572c486c56261ecaaf8a473bdd33e9778b59", "price_changes": [{"asset_id": "38335822398259920714072433245235378258969905777055747159850785638629612805523", "price": "0.05", "size": "430", "side": "BUY", "hash": "73a9491c064ad3cb66b5074073685189d1ee3e72", "best_bid": "0.23", "best_ask": "0.96"}, {"asset_id": "69432753854591746861782464250034619363278158793830895199753748692777024144286", "price": "0.95", "size": "430", "side": "SELL", "hash": "fe4d1c96be602fe83ab949c2cffef21eb3dc70eb", "best_bid": "0.04", "best_ask": "0.77"}], "timestamp": "1769384094876", "event_type": "price_change"}}
{"_local_timestamp": "2026-01-25T23:36:25.884658+00:00", "data": {"market": "0xa1ffdef0a9457da6fe920f0573ecc593b4e6b0652fe4b36117f352641779c3bd", "price_changes": [{"asset_id": "14985816199735469587284620411014592939929252673345539168983518202181761464407", "price": "0.21", "size": "0", "side": "BUY", "hash": "0ae02b36ce5b2e4a78c171397c6350d394f16d96", "best_bid": "0.15", "best_ask": "0.94"}, {"asset_id": "76206168371896570817807870510793357337239454701597657404703677530412968463012", "price": "0.79", "size": "0", "side": "SELL", "hash": "01162c6e108c97d3907a0bb33780ff4d533da484", "best_bid": "0.06", "best_ask": "0.85"}], "timestamp": "1769384185812", "event_type": "price_change"}}
{"_local_timestamp": "2026-01-25T23:36:25.885499+00:00", "data": {"market": "0x9406de90dc5df4f861075195f6c289750e9cbbe0649a97ac16b4d9c355d4c868", "price_changes": [{"asset_id": "83203110138845664357331417236484086031162847488962209703758651278630020463582", "price": "0.21", "size": "0", "side": "BUY", "hash": "03487ba16038bfa794c9ce0311bc5ea80ff01ba2", "best_bid": "0.15", "best_ask": "0.94"}, {"asset_id": "27876660047576783213129713987865846552682816421202213594164957922837854504578", "price": "0.79", "size": "0", "side": "SELL", "hash": "083f476a04993fae158d187cf46d1a4379793b7a", "best_bid": "0.06", "best_ask": "0.85"}], "timestamp": "1769384185812", "event_type": "price_change"}}
{"_local_timestamp": "2026-01-25T23:36:25.885783+00:00", "data": {"market": "0x42a60f7b17d74c10b72b6ca1c7ff495ba87928536bbc0be61db067b371b6e66b", "price_changes": [{"asset_id": "9131511062739215563973194643839255465216904578227150178223929351830072336661", "price": "0.22", "size": "0", "side": "BUY", "hash": "973a0fe626790b32c57ee3366058f17e01c2ce1d", "best_bid": "0.15", "best_ask": "0.94"}, {"asset_id": "24065935965505418220743799848793676799375825575208835676592643727386993565502", "price": "0.78", "size": "0", "side": "SELL", "hash": "2fc91e9b434547b4828201850ecc21955a2b7edc", "best_bid": "0.06", "best_ask": "0.85"}], "timestamp": "1769384185812", "event_type": "price_change"}}
{"_local_timestamp": "2026-01-25T23:36:25.886058+00:00", "data": {"market": "0x33169e953d94fb7a3b356cf768c540ec06fa31d4a967dafb0fa10e68d56488c4", "price_changes": [{"asset_id": "10772775219302218013020168662797680757836174357026881116818461954789588892520", "price": "0.21", "size": "0", "side": "BUY", "hash": "a12aa1ad91d4e75ed1f72b91c52e1b7530db65c8", "best_bid": "0.15", "best_ask": "0.94"}, {"asset_id": "56994701114048882383790482714232298047952168243935147530156538627837436805079", "price": "0.79", "size": "0", "side": "SELL", "hash": "d1d5c2faa05a5990008d77ed7a4cc8a8d4c150a1", "best_bid": "0.06", "best_ask": "0.85"}], "timestamp": "1769384185812", "event_type": "price_change"}}
{"_local_timestamp": "2026-01-25T23:36:25.886372+00:00", "data": {"market": "0xe7bbc2b6ec5bf04d80dbe15b175e572c486c56261ecaaf8a473bdd33e9778b59", "price_changes": [{"asset_id": "38335822398259920714072433245235378258969905777055747159850785638629612805523", "price": "0.23", "size": "0", "side": "BUY", "hash": "246eff5b689b3be7657a26a1459d66bfdaeeb373", "best_bid": "0.15", "best_ask": "0.96"}, {"asset_id": "69432753854591746861782464250034619363278158793830895199753748692777024144286", "price": "0.77", "size": "0", "side": "SELL", "hash": "171ac9eee9808f5454bbd3f857375d8151d0d97c", "best_bid": "0.04", "best_ask": "0.85"}], "timestamp": "1769384185812", "event_type": "price_change"}}
{"_local_timestamp": "2026-01-25T23:36:26.259696+00:00", "data": {"market": "0xa1ffdef0a9457da6fe920f0573ecc593b4e6b0652fe4b36117f352641779c3bd", "price_changes": [{"asset_id": "14985816199735469587284620411014592939929252673345539168983518202181761464407", "price": "0.16", "size": "66.66", "side": "BUY", "hash": "31c52e180374c2011b9083a53a743ae9f44e9a33", "best_bid": "0.16", "best_ask": "0.94"}, {"asset_id": "76206168371896570817807870510793357337239454701597657404703677530412968463012", "price": "0.84", "size": "66.66", "side": "SELL", "hash": "ee6596cc9fca729e5a429bcf1ae32bfffd1bb585", "best_bid": "0.06", "best_ask": "0.84"}], "timestamp": "1769384186187", "event_type": "price_change"}}
{"_local_timestamp": "2026-01-25T23:36:26.274798+00:00", "data": {"market": "0x42a60f7b17d74c10b72b6ca1c7ff495ba87928536bbc0be61db067b371b6e66b", "price_changes": [{"asset_id": "9131511062739215563973194643839255465216904578227150178223929351830072336661", "price": "0.16", "size": "66.66", "side": "BUY", "hash": "11fdf147a7485a6c8dccacc643cad90b1dbf552f", "best_bid": "0.16", "best_ask": "0.94"}, {"asset_id": "24065935965505418220743799848793676799375825575208835676592643727386993565502", "price": "0.84", "size": "66.66", "side": "SELL", "hash": "93913e7d6102738278817c3ac6097be0e8b51e3e", "best_bid": "0.06", "best_ask": "0.84"}], "timestamp": "1769384186210", "event_type": "price_change"}}
{"_local_timestamp": "2026-01-25T23:36:26.307729+00:00", "data": {"market": "0xe7bbc2b6ec5bf04d80dbe15b175e572c486c56261ecaaf8a473bdd33e9778b59", "price_changes": [{"asset_id": "38335822398259920714072433245235378258969905777055747159850785638629612805523", "price": "0.16", "size": "66.66", "side": "BUY", "hash": "a3e36684988951816565a2b37ecaf6fbd5d89979", "best_bid": "0.16", "best_ask": "0.96"}, {"asset_id": "69432753854591746861782464250034619363278158793830895199753748692777024144286", "price": "0.84", "size": "66.66", "side": "SELL", "hash": "d716d4c3edb80e98f8f00fe724e961dd2847c9b1", "best_bid": "0.04", "best_ask": "0.84"}], "timestamp": "1769384186235", "event_type": "price_change"}}
{"_local_timestamp": "2026-01-25T23:36:26.315885+00:00", "data": {"market": "0x9406de90dc5df4f861075195f6c289750e9cbbe0649a97ac16b4d9c355d4c868", "price_changes": [{"asset_id": "83203110138845664357331417236484086031162847488962209703758651278630020463582", "price": "0.16", "size": "66.66", "side": "BUY", "hash": "afe1c05373362e3da3622900b58c62f6d3b29fb3", "best_bid": "0.16", "best_ask": "0.94"}, {"asset_id": "27876660047576783213129713987865846552682816421202213594164957922837854504578", "price": "0.84", "size": "66.66", "side": "SELL", "hash": "148fe809ec8899f2caac96b83f6c6c54b6f02a53", "best_bid": "0.06", "best_ask": "0.84"}], "timestamp": "1769384186245", "event_type": "price_change"}}
{"_local_timestamp": "2026-01-25T23:36:26.394242+00:00", "data": {"market": "0x33169e953d94fb7a3b356cf768c540ec06fa31d4a967dafb0fa10e68d56488c4", "price_changes": [{"asset_id": "10772775219302218013020168662797680757836174357026881116818461954789588892520", "price": "0.16", "size": "66.66", "side": "BUY", "hash": "eca8a8f3bf8788c4e697c44341e784ca4966cec8", "best_bid": "0.16", "best_ask": "0.94"}, {"asset_id": "56994701114048882383790482714232298047952168243935147530156538627837436805079", "price": "0.84", "size": "66.66", "side": "SELL", "hash": "032d4f30eb6a18d0e93e65ca9d4426987df50200", "best_bid": "0.06", "best_ask": "0.84"}], "timestamp": "1769384186326", "event_type": "price_change"}}
{"_local_timestamp": "2026-01-25T23:36:32.493249+00:00", "data": {"market": "0xe7bbc2b6ec5bf04d80dbe15b175e572c486c56261ecaaf8a473bdd33e9778b59", "price_changes": [{"asset_id": "38335822398259920714072433245235378258969905777055747159850785638629612805523", "price": "0.15", "size": "0", "side": "BUY", "hash": "8b6571b70801c09034319424ce09c21374754874", "best_bid": "0.16", "best_ask": "0.96"}, {"asset_id": "69432753854591746861782464250034619363278158793830895199753748692777024144286", "price": "0.85", "size": "0", "side": "SELL", "hash": "32c4a35bbb60f703f526fd23e86fa68259b42784", "best_bid": "0.04", "best_ask": "0.84"}], "timestamp": "1769384192420", "event_type": "price_change"}}
{"_local_timestamp": "2026-01-25T23:36:32.493748+00:00", "data": {"market": "0xa1ffdef0a9457da6fe920f0573ecc593b4e6b0652fe4b36117f352641779c3bd", "price_changes": [{"asset_id": "14985816199735469587284620411014592939929252673345539168983518202181761464407", "price": "0.15", "size": "0", "side": "BUY", "hash": "ee61b8940ad48a68ee02cd08f1ecd92ccacbacd4", "best_bid": "0.16", "best_ask": "0.94"}, {"asset_id": "76206168371896570817807870510793357337239454701597657404703677530412968463012", "price": "0.85", "size": "0", "side": "SELL", "hash": "673e75b2fc6b0716eed85390b8f76674e6a92f00", "best_bid": "0.06", "best_ask": "0.84"}], "timestamp": "1769384192420", "event_type": "price_change"}}
{"_local_timestamp": "2026-01-25T23:36:32.494076+00:00", "data": {"market": "0x42a60f7b17d74c10b72b6ca1c7ff495ba87928536bbc0be61db067b371b6e66b", "price_changes": [{"asset_id": "9131511062739215563973194643839255465216904578227150178223929351830072336661", "price": "0.15", "size": "0", "side": "BUY", "hash": "70b2930de796a93ee134846da2a6265266760214", "best_bid": "0.16", "best_ask": "0.94"}, {"asset_id": "24065935965505418220743799848793676799375825575208835676592643727386993565502", "price": "0.85", "size": "0", "side": "SELL", "hash": "a86c31b2da34259777771508b45fa249c8acd8c0", "best_bid": "0.06", "best_ask": "0.84"}], "timestamp": "1769384192420", "event_type": "price_change"}}
{"_local_timestamp": "2026-01-25T23:36:32.494409+00:00", "data": {"market": "0x33169e953d94fb7a3b356cf768c540ec06fa31d4a967dafb0fa10e68d56488c4", "price_changes": [{"asset_id": "10772775219302218013020168662797680757836174357026881116818461954789588892520", "price": "0.15", "size": "0", "side": "BUY", "hash": "2489ba942e40c7c20e85f4e74ac20de63ffb8387", "best_bid": "0.16", "best_ask": "0.94"}, {"asset_id": "56994701114048882383790482714232298047952168243935147530156538627837436805079", "price": "0.85", "size": "0", "side": "SELL", "hash": "b1d9c2bc87974ec0c210b4fdb8ba8260aebc6778", "best_bid": "0.06", "best_ask": "0.84"}], "timestamp": "1769384192420", "event_type": "price_change"}}
{"_local_timestamp": "2026-01-25T23:36:32.494744+00:00", "data": {"market": "0x9406de90dc5df4f861075195f6c289750e9cbbe0649a97ac16b4d9c355d4c868", "price_changes": [{"asset_id": "83203110138845664357331417236484086031162847488962209703758651278630020463582", "price": "0.15", "size": "0", "side": "BUY", "hash": "a34d533d11ec7468bf8908962c710723f7f6a99e", "best_bid": "0.16", "best_ask": "0.94"}, {"asset_id": "27876660047576783213129713987865846552682816421202213594164957922837854504578", "price": "0.85", "size": "0", "side": "SELL", "hash": "5cb52e18663a4f9fefaf52ac314e0a6376b443e5", "best_bid": "0.06", "best_ask": "0.84"}], "timestamp": "1769384192420", "event_type": "price_change"}}
{"_local_timestamp": "2026-01-25T23:36:32.519514+00:00", "data": {"market": "0x42a60f7b17d74c10b72b6ca1c7ff495ba87928536bbc0be61db067b371b6e66b", "price_changes": [{"asset_id": "9131511062739215563973194643839255465216904578227150178223929351830072336661", "price": "0.17", "size": "20", "side": "BUY", "hash": "3980cb97639287bb1fbb779f924f1339b9bebdf5", "best_bid": "0.17", "best_ask": "0.94"}, {"asset_id": "24065935965505418220743799848793676799375825575208835676592643727386993565502", "price": "0.83", "size": "20", "side": "SELL", "hash": "bfb0363a89e9013f2e8cb3734287a4d136402ef9", "best_bid": "0.06", "best_ask": "0.83"}], "timestamp": "1769384192447", "event_type": "price_change"}}
{"_local_timestamp": "2026-01-25T23:36:32.520203+00:00", "data": {"market": "0xa1ffdef0a9457da6fe920f0573ecc593b4e6b0652fe4b36117f352641779c3bd", "price_changes": [{"asset_id": "14985816199735469587284620411014592939929252673345539168983518202181761464407", "price": "0.17", "size": "20", "side": "BUY", "hash": "31be08e666afaf5b0e638b270490ca9059a0b878", "best_bid": "0.17", "best_ask": "0.94"}, {"asset_id": "76206168371896570817807870510793357337239454701597657404703677530412968463012", "price": "0.83", "size": "20", "side": "SELL", "hash": "47931f24d1fac1754cf70c6a6ae4fadd5d5b492d", "best_bid": "0.06", "best_ask": "0.83"}], "timestamp": "1769384192447", "event_type": "price_change"}}
{"_local_timestamp": "2026-01-25T23:36:32.520595+00:00", "data": {"market": "0x33169e953d94fb7a3b356cf768c540ec06fa31d4a967dafb0fa10e68d56488c4", "price_changes": [{"asset_id": "10772775219302218013020168662797680757836174357026881116818461954789588892520", "price": "0.17", "size": "20", "side": "BUY", "hash": "e5dd9c99100f91eb384f4bf4d97d05cfe6c39138", "best_bid": "0.17", "best_ask": "0.94"}, {"asset_id": "56994701114048882383790482714232298047952168243935147530156538627837436805079", "price": "0.83", "size": "20", "side": "SELL", "hash": "7de4c84aeba275e51fc179f12f572b53bea6d48e", "best_bid": "0.06", "best_ask": "0.83"}], "timestamp": "1769384192447", "event_type": "price_change"}}
{"_local_timestamp": "2026-01-25T23:36:32.520929+00:00", "data": {"market": "0xe7bbc2b6ec5bf04d80dbe15b175e572c486c56261ecaaf8a473bdd33e9778b59", "price_changes": [{"asset_id": "38335822398259920714072433245235378258969905777055747159850785638629612805523", "price": "0.17", "size": "20", "side": "BUY", "hash": "e317f5ab78a9b67b4493e154f21187e3fe0e815d", "best_bid": "0.17", "best_ask": "0.96"}, {"asset_id": "69432753854591746861782464250034619363278158793830895199753748692777024144286", "price": "0.83", "size": "20", "side": "SELL", "hash": "04741dc737d4fc60426c76e0bd8348d99b8e5db3", "best_bid": "0.04", "best_ask": "0.83"}], "timestamp": "1769384192447", "event_type": "price_change"}}
{"_local_timestamp": "2026-01-25T23:36:32.521255+00:00", "data": {"market": "0x9406de90dc5df4f861075195f6c289750e9cbbe0649a97ac16b4d9c355d4c868", "price_changes": [{"asset_id": "83203110138845664357331417236484086031162847488962209703758651278630020463582", "price": "0.17", "size": "20", "side": "BUY", "hash": "8261cc25d24eb28ee5fab105bbbc814d4f00a4f5", "best_bid": "0.17", "best_ask": "0.94"}, {"asset_id": "27876660047576783213129713987865846552682816421202213594164957922837854504578", "price": "0.83", "size": "20", "side": "SELL", "hash": "71a43cfa057fcc665ee7b87f9a9fa36ee233b006", "best_bid": "0.06", "best_ask": "0.83"}], "timestamp": "1769384192447", "event_type": "price_change"}}
{"_local_timestamp": "2026-01-25T23:36:32.676490+00:00", "data": {"market": "0xe7bbc2b6ec5bf04d80dbe15b175e572c486c56261ecaaf8a473bdd33e9778b59", "price_changes": [{"asset_id": "38335822398259920714072433245235378258969905777055747159850785638629612805523", "price": "0.2", "size": "50", "side": "BUY", "hash": "9b9f2ad4f662548cee60ca328e66d4ff34e99ddb", "best_bid": "0.2", "best_ask": "0.96"}, {"asset_id": "69432753854591746861782464250034619363278158793830895199753748692777024144286", "price": "0.8", "size": "50", "side": "SELL", "hash": "03df0bfaf59b4777a62ec41163716f4c2b7f97b7", "best_bid": "0.04", "best_ask": "0.8"}], "timestamp": "1769384192604", "event_type": "price_change"}}
{"_local_timestamp": "2026-01-25T23:37:56.923911+00:00", "data": {"market": "0xe7bbc2b6ec5bf04d80dbe15b175e572c486c56261ecaaf8a473bdd33e9778b59", "price_changes": [{"asset_id": "38335822398259920714072433245235378258969905777055747159850785638629612805523", "price": "0.2", "size": "73", "side": "BUY", "hash": "c23fdba9b468cae94be3322b8ba3d9ec9c91d1c8", "best_bid": "0.2", "best_ask": "0.96"}, {"asset_id": "69432753854591746861782464250034619363278158793830895199753748692777024144286", "price": "0.8", "size": "73", "side": "SELL", "hash": "a7715903451b782c5a7cb8a926f4815e49391777", "best_bid": "0.04", "best_ask": "0.8"}], "timestamp": "1769384276849", "event_type": "price_change"}}
{"_local_timestamp": "2026-01-25T23:37:56.924326+00:00", "data": {"market": "0x33169e953d94fb7a3b356cf768c540ec06fa31d4a967dafb0fa10e68d56488c4", "price_changes": [{"asset_id": "10772775219302218013020168662797680757836174357026881116818461954789588892520", "price": "0.18", "size": "95", "side": "BUY", "hash": "add23486eb188c22cf0311b7ba685c10622a3958", "best_bid": "0.18", "best_ask": "0.94"}, {"asset_id": "56994701114048882383790482714232298047952168243935147530156538627837436805079", "price": "0.82", "size": "95", "side": "SELL", "hash": "591f129ea24e7210b2e0c9478d92fa9769d01fda", "best_bid": "0.06", "best_ask": "0.82"}], "timestamp": "1769384276849", "event_type": "price_change"}}
{"_local_timestamp": "2026-01-25T23:37:56.924687+00:00", "data": {"market": "0xa1ffdef0a9457da6fe920f0573ecc593b4e6b0652fe4b36117f352641779c3bd", "price_changes": [{"asset_id": "14985816199735469587284620411014592939929252673345539168983518202181761464407", "price": "0.17", "size": "115", "side": "BUY", "hash": "95ec4f6c71dbc5aa62b24d7ea389489a6b0e57d6", "best_bid": "0.17", "best_ask": "0.94"}, {"asset_id": "76206168371896570817807870510793357337239454701597657404703677530412968463012", "price": "0.83", "size": "115", "side": "SELL", "hash": "40d492a17c204eea27c8432dbb7daad2a642e9a6", "best_bid": "0.06", "best_ask": "0.83"}], "timestamp": "1769384276849", "event_type": "price_change"}}
{"_local_timestamp": "2026-01-25T23:37:56.925015+00:00", "data": {"market": "0x42a60f7b17d74c10b72b6ca1c7ff495ba87928536bbc0be61db067b371b6e66b", "price_changes": [{"asset_id": "9131511062739215563973194643839255465216904578227150178223929351830072336661", "price": "0.18", "size": "95", "side": "BUY", "hash": "15952a8113c03d0da74e688a974c67da91b0eb5e", "best_bid": "0.18", "best_ask": "0.94"}, {"asset_id": "24065935965505418220743799848793676799375825575208835676592643727386993565502", "price": "0.82", "size": "95", "side": "SELL", "hash": "08897a4b4259bd9287f7f29c8183076038b762f4", "best_bid": "0.06", "best_ask": "0.82"}], "timestamp": "1769384276849", "event_type": "price_change"}}
{"_local_timestamp": "2026-01-25T23:37:56.925398+00:00", "data": {"market": "0x9406de90dc5df4f861075195f6c289750e9cbbe0649a97ac16b4d9c355d4c868", "price_changes": [{"asset_id": "83203110138845664357331417236484086031162847488962209703758651278630020463582", "price": "0.18", "size": "95", "side": "BUY", "hash": "72226266df29b20bafa0242a8c98a2b9b730ab46", "best_bid": "0.18", "best_ask": "0.94"}, {"asset_id": "27876660047576783213129713987865846552682816421202213594164957922837854504578", "price": "0.82", "size": "95", "side": "SELL", "hash": "d0967b5676649a94675fb61dc35b6b4263b1fb62", "best_bid": "0.06", "best_ask": "0.82"}], "timestamp": "1769384276849", "event_type": "price_change"}}
{"_local_timestamp": "2026-01-25T23:37:56.926138+00:00", "data": {"market": "0x42a60f7b17d74c10b72b6ca1c7ff495ba87928536bbc0be61db067b371b6e66b", "price_changes": [{"asset_id": "9131511062739215563973194643839255465216904578227150178223929351830072336661", "price": "0.17", "size": "115", "side": "BUY", "hash": "586e204c1d00081ef19b26722abb6430ec4d3fe9", "best_bid": "0.18", "best_ask": "0.94"}, {"asset_id": "24065935965505418220743799848793676799375825575208835676592643727386993565502", "price": "0.83", "size": "115", "side": "SELL", "hash": "4625b3c3ff8d272ef064ef5b85c79a7078d94c92", "best_bid": "0.06", "best_ask": "0.82"}], "timestamp": "1769384276849", "event_type": "price_change"}}
{"_local_timestamp": "2026-01-25T23:37:56.926450+00:00", "data": {"market": "0xa1ffdef0a9457da6fe920f0573ecc593b4e6b0652fe4b36117f352641779c3bd", "price_changes": [{"asset_id": "14985816199735469587284620411014592939929252673345539168983518202181761464407", "price": "0.18", "size": "95", "side": "BUY", "hash": "09757599e81db3b678833b8b3076b3d1f407b4c1", "best_bid": "0.18", "best_ask": "0.94"}, {"asset_id": "76206168371896570817807870510793357337239454701597657404703677530412968463012", "price": "0.82", "size": "95", "side": "SELL", "hash": "0d0b3e4bb0fa54d99b8af0702bb5009d60889565", "best_bid": "0.06", "best_ask": "0.82"}], "timestamp": "1769384276849", "event_type": "price_change"}}
{"_local_timestamp": "2026-01-25T23:37:56.926747+00:00", "data": {"market": "0x33169e953d94fb7a3b356cf768c540ec06fa31d4a967dafb0fa10e68d56488c4", "price_changes": [{"asset_id": "10772775219302218013020168662797680757836174357026881116818461954789588892520", "price": "0.17", "size": "115", "side": "BUY", "hash": "3e07b4a5ed1abba80cafefdc4d4c2c8be93bb2cf", "best_bid": "0.18", "best_ask": "0.94"}, {"asset_id": "56994701114048882383790482714232298047952168243935147530156538627837436805079", "price": "0.83", "size": "115", "side": "SELL", "hash": "06b72e45e64124f056bf494c832d629628947b1f", "best_bid": "0.06", "best_ask": "0.82"}], "timestamp": "1769384276849", "event_type": "price_change"}}
{"_local_timestamp": "2026-01-25T23:37:56.927099+00:00", "data": {"market": "0x9406de90dc5df4f861075195f6c289750e9cbbe0649a97ac16b4d9c355d4c868", "price_changes": [{"asset_id": "83203110138845664357331417236484086031162847488962209703758651278630020463582", "price": "0.17", "size": "115", "side": "BUY", "hash": "f32388567eab6f3ecd42733deef8068f9224c01e", "best_bid": "0.18", "best_ask": "0.94"}, {"asset_id": "27876660047576783213129713987865846552682816421202213594164957922837854504578", "price": "0.83", "size": "115", "side": "SELL", "hash": "fea9cad816d96cdb2a1548520c3433cc14695019", "best_bid": "0.06", "best_ask": "0.82"}], "timestamp": "1769384276849", "event_type": "price_change"}}
{"_local_timestamp": "2026-01-25T23:37:56.931171+00:00", "data": {"market": "0xe7bbc2b6ec5bf04d80dbe15b175e572c486c56261ecaaf8a473bdd33e9778b59", "price_changes": [{"asset_id": "38335822398259920714072433245235378258969905777055747159850785638629612805523", "price": "0.21", "size": "95", "side": "BUY", "hash": "716544d7c9b50d1cc4b3804455825a1dae45fa80", "best_bid": "0.21", "best_ask": "0.96"}, {"asset_id": "69432753854591746861782464250034619363278158793830895199753748692777024144286", "price": "0.79", "size": "95", "side": "SELL", "hash": "0354a64c2df7cbacdb8538cb5c91fcc26fbf9a41", "best_bid": "0.04", "best_ask": "0.79"}], "timestamp": "1769384276849", "event_type": "price_change"}}
{"_local_timestamp": "2026-01-25T23:38:19.543598+00:00", "data": {"market": "0x42a60f7b17d74c10b72b6ca1c7ff495ba87928536bbc0be61db067b371b6e66b", "price_changes": [{"asset_id": "9131511062739215563973194643839255465216904578227150178223929351830072336661", "price": "0.17", "size": "20", "side": "BUY", "hash": "0d0508ea82ec6eb06c7602c1b48883623cfe74d3", "best_bid": "0.18", "best_ask": "0.94"}, {"asset_id": "24065935965505418220743799848793676799375825575208835676592643727386993565502", "price": "0.83", "size": "20", "side": "SELL", "hash": "86dc9bbf5545d64c071404a0edf128002040f303", "best_bid": "0.06", "best_ask": "0.82"}], "timestamp": "1769384299476", "event_type": "price_change"}}
{"_local_timestamp": "2026-01-25T23:38:19.544131+00:00", "data": {"market": "0xa1ffdef0a9457da6fe920f0573ecc593b4e6b0652fe4b36117f352641779c3bd", "price_changes": [{"asset_id": "14985816199735469587284620411014592939929252673345539168983518202181761464407", "price": "0.17", "size": "20", "side": "BUY", "hash": "e0738ca3a342c6b75979fd1bc910a8a062c06aee", "best_bid": "0.18", "best_ask": "0.94"}, {"asset_id": "76206168371896570817807870510793357337239454701597657404703677530412968463012", "price": "0.83", "size": "20", "side": "SELL", "hash": "f62751ed9791740f7de2316a5c03129c10780089", "best_bid": "0.06", "best_ask": "0.82"}], "timestamp": "1769384299476", "event_type": "price_change"}}
{"_local_timestamp": "2026-01-25T23:38:19.544510+00:00", "data": {"market": "0x9406de90dc5df4f861075195f6c289750e9cbbe0649a97ac16b4d9c355d4c868", "price_changes": [{"asset_id": "83203110138845664357331417236484086031162847488962209703758651278630020463582", "price": "0.17", "size": "20", "side": "BUY", "hash": "afdc1dadb1f3beaf2deb87d78a9e09d5a45d5a80", "best_bid": "0.18", "best_ask": "0.94"}, {"asset_id": "27876660047576783213129713987865846552682816421202213594164957922837854504578", "price": "0.83", "size": "20", "side": "SELL", "hash": "4e307e84f6e3f99cacb57f291e68f08d14c89d4e", "best_bid": "0.06", "best_ask": "0.82"}], "timestamp": "1769384299477", "event_type": "price_change"}}
{"_local_timestamp": "2026-01-25T23:38:19.544848+00:00", "data": {"market": "0xe7bbc2b6ec5bf04d80dbe15b175e572c486c56261ecaaf8a473bdd33e9778b59", "price_changes": [{"asset_id": "38335822398259920714072433245235378258969905777055747159850785638629612805523", "price": "0.2", "size": "50", "side": "BUY", "hash": "72fc251c970b9e560c78f3bf2b8f998db6695f8d", "best_bid": "0.21", "best_ask": "0.96"}, {"asset_id": "69432753854591746861782464250034619363278158793830895199753748692777024144286", "price": "0.8", "size": "50", "side": "SELL", "hash": "a3f6dc95657f3ba91ab0c3a43f8dd39989d4e960", "best_bid": "0.04", "best_ask": "0.79"}], "timestamp": "1769384299476", "event_type": "price_change"}}
{"_local_timestamp": "2026-01-25T23:38:19.545214+00:00", "data": {"market": "0x33169e953d94fb7a3b356cf768c540ec06fa31d4a967dafb0fa10e68d56488c4", "price_changes": [{"asset_id": "10772775219302218013020168662797680757836174357026881116818461954789588892520", "price": "0.17", "size": "20", "side": "BUY", "hash": "83617ba04a7c696473358fc872440c336e514514", "best_bid": "0.18", "best_ask": "0.94"}, {"asset_id": "56994701114048882383790482714232298047952168243935147530156538627837436805079", "price": "0.83", "size": "20", "side": "SELL", "hash": "df5823b3e369f460138e24dbeb91919a7270413d", "best_bid": "0.06", "best_ask": "0.82"}], "timestamp": "1769384299477", "event_type": "price_change"}}
{"_local_timestamp": "2026-01-25T23:39:12.337042+00:00", "data": {"market": "0xe7bbc2b6ec5bf04d80dbe15b175e572c486c56261ecaaf8a473bdd33e9778b59", "price_changes": [{"asset_id": "38335822398259920714072433245235378258969905777055747159850785638629612805523", "price": "0.16", "size": "0", "side": "BUY", "hash": "f5516da31a29bd712150b95a663dba1905a5728e", "best_bid": "0.21", "best_ask": "0.96"}, {"asset_id": "69432753854591746861782464250034619363278158793830895199753748692777024144286", "price": "0.84", "size": "0", "side": "SELL", "hash": "b6e1c625350af266311c73dd093605c75035d316", "best_bid": "0.04", "best_ask": "0.79"}], "timestamp": "1769384352271", "event_type": "price_change"}}
{"_local_timestamp": "2026-01-25T23:39:12.337621+00:00", "data": {"market": "0xa1ffdef0a9457da6fe920f0573ecc593b4e6b0652fe4b36117f352641779c3bd", "price_changes": [{"asset_id": "14985816199735469587284620411014592939929252673345539168983518202181761464407", "price": "0.16", "size": "0", "side": "BUY", "hash": "c35d76301a2de250f909727613dbc3bbcea28ded", "best_bid": "0.18", "best_ask": "0.94"}, {"asset_id": "76206168371896570817807870510793357337239454701597657404703677530412968463012", "price": "0.84", "size": "0", "side": "SELL", "hash": "729f9aa6dcd95fa58cea0b1e7cd79ac8b8f7f467", "best_bid": "0.06", "best_ask": "0.82"}], "timestamp": "1769384352271", "event_type": "price_change"}}
{"_local_timestamp": "2026-01-25T23:39:12.338107+00:00", "data": {"market": "0x42a60f7b17d74c10b72b6ca1c7ff495ba87928536bbc0be61db067b371b6e66b", "price_changes": [{"asset_id": "9131511062739215563973194643839255465216904578227150178223929351830072336661", "price": "0.16", "size": "0", "side": "BUY", "hash": "d8e6245d54b8e8a3f492d3db2e470a50b683f8f6", "best_bid": "0.18", "best_ask": "0.94"}, {"asset_id": "24065935965505418220743799848793676799375825575208835676592643727386993565502", "price": "0.84", "size": "0", "side": "SELL", "hash": "9bc0c22a9a59febcbd6c60bf7fa62377278384e6", "best_bid": "0.06", "best_ask": "0.82"}], "timestamp": "1769384352271", "event_type": "price_change"}}
{"_local_timestamp": "2026-01-25T23:39:12.338542+00:00", "data": {"market": "0x9406de90dc5df4f861075195f6c289750e9cbbe0649a97ac16b4d9c355d4c868", "price_changes": [{"asset_id": "83203110138845664357331417236484086031162847488962209703758651278630020463582", "price": "0.16", "size": "0", "side": "BUY", "hash": "e43636f60511ff1014670a6895b46755f64320de", "best_bid": "0.18", "best_ask": "0.94"}, {"asset_id": "27876660047576783213129713987865846552682816421202213594164957922837854504578", "price": "0.84", "size": "0", "side": "SELL", "hash": "da1a0c8c2a168dbce035a72bd0eea345823847b6", "best_bid": "0.06", "best_ask": "0.82"}], "timestamp": "1769384352271", "event_type": "price_change"}}
{"_local_timestamp": "2026-01-25T23:39:12.338905+00:00", "data": {"market": "0x33169e953d94fb7a3b356cf768c540ec06fa31d4a967dafb0fa10e68d56488c4", "price_changes": [{"asset_id": "10772775219302218013020168662797680757836174357026881116818461954789588892520", "price": "0.16", "size": "0", "side": "BUY", "hash": "11f3ddab3e555d472a48e2056d910cc6a94182a3", "best_bid": "0.18", "best_ask": "0.94"}, {"asset_id": "56994701114048882383790482714232298047952168243935147530156538627837436805079", "price": "0.84", "size": "0", "side": "SELL", "hash": "0bebba3f1b7c8a3be48e549fd31291be55172e6b", "best_bid": "0.06", "best_ask": "0.82"}], "timestamp": "1769384352271", "event_type": "price_change"}}
{"_local_timestamp": "2026-01-25T23:39:13.029416+00:00", "data": {"market": "0x9406de90dc5df4f861075195f6c289750e9cbbe0649a97ac16b4d9c355d4c868", "price_changes": [{"asset_id": "83203110138845664357331417236484086031162847488962209703758651278630020463582", "price": "0.19", "size": "66.66", "side": "BUY", "hash": "4fe67afc2e0e5ecc67f74d6b3e0999dbe1047ca6", "best_bid": "0.19", "best_ask": "0.94"}, {"asset_id": "27876660047576783213129713987865846552682816421202213594164957922837854504578", "price": "0.81", "size": "66.66", "side": "SELL", "hash": "7fe44edf0bbe8c64659f8ca65936ef4388c3be4b", "best_bid": "0.06", "best_ask": "0.81"}], "timestamp": "1769384352961", "event_type": "price_change"}}
{"_local_timestamp": "2026-01-25T23:39:13.162195+00:00", "data": {"market": "0x42a60f7b17d74c10b72b6ca1c7ff495ba87928536bbc0be61db067b371b6e66b", "price_changes": [{"asset_id": "9131511062739215563973194643839255465216904578227150178223929351830072336661", "price": "0.19", "size": "66.66", "side": "BUY", "hash": "296e4ab7c9afe413178382d5795a6ffd75f27245", "best_bid": "0.19", "best_ask": "0.94"}, {"asset_id": "24065935965505418220743799848793676799375825575208835676592643727386993565502", "price": "0.81", "size": "66.66", "side": "SELL", "hash": "cebe79fe1f9290950db8f6227da889c3374cb652", "best_bid": "0.06", "best_ask": "0.81"}], "timestamp": "1769384353096", "event_type": "price_change"}}
{"_local_timestamp": "2026-01-25T23:39:13.173493+00:00", "data": {"market": "0x33169e953d94fb7a3b356cf768c540ec06fa31d4a967dafb0fa10e68d56488c4", "price_changes": [{"asset_id": "10772775219302218013020168662797680757836174357026881116818461954789588892520", "price": "0.19", "size": "66.66", "side": "BUY", "hash": "2684e869d29a517414b3bd8e343483e15826921a", "best_bid": "0.19", "best_ask": "0.94"}, {"asset_id": "56994701114048882383790482714232298047952168243935147530156538627837436805079", "price": "0.81", "size": "66.66", "side": "SELL", "hash": "82aa88090c351ce729cefcef8a5c09be07df386b", "best_bid": "0.06", "best_ask": "0.81"}], "timestamp": "1769384353097", "event_type": "price_change"}}
{"_local_timestamp": "2026-01-25T23:39:13.173947+00:00", "data": {"market": "0xe7bbc2b6ec5bf04d80dbe15b175e572c486c56261ecaaf8a473bdd33e9778b59", "price_changes": [{"asset_id": "38335822398259920714072433245235378258969905777055747159850785638629612805523", "price": "0.22", "size": "66.66", "side": "BUY", "hash": "1ff2e38dc80b11f4312a12b55e9bc3ae81737981", "best_bid": "0.22", "best_ask": "0.96"}, {"asset_id": "69432753854591746861782464250034619363278158793830895199753748692777024144286", "price": "0.78", "size": "66.66", "side": "SELL", "hash": "7b3f50db2172e2cbc19418e44e063d66ee5f193c", "best_bid": "0.04", "best_ask": "0.78"}], "timestamp": "1769384353101", "event_type": "price_change"}}
{"_local_timestamp": "2026-01-25T23:39:13.184267+00:00", "data": {"market": "0xa1ffdef0a9457da6fe920f0573ecc593b4e6b0652fe4b36117f352641779c3bd", "price_changes": [{"asset_id": "14985816199735469587284620411014592939929252673345539168983518202181761464407", "price": "0.19", "size": "66.66", "side": "BUY", "hash": "8c2339c7d1b55cfa5ed348d54b82ed6c28b0c720", "best_bid": "0.19", "best_ask": "0.94"}, {"asset_id": "76206168371896570817807870510793357337239454701597657404703677530412968463012", "price": "0.81", "size": "66.66", "side": "SELL", "hash": "b7adfb0e81e903397c374578819e25bf7757d499", "best_bid": "0.06", "best_ask": "0.81"}], "timestamp": "1769384353119", "event_type": "price_change"}}
{"_local_timestamp": "2026-01-25T23:39:15.970555+00:00", "data": {"market": "0x33169e953d94fb7a3b356cf768c540ec06fa31d4a967dafb0fa10e68d56488c4", "price_changes": [{"asset_id": "10772775219302218013020168662797680757836174357026881116818461954789588892520", "price": "0.17", "size": "0", "side": "BUY", "hash": "ebe459ecf1bed5e3f17d8368d15f6853d066b311", "best_bid": "0.19", "best_ask": "0.94"}, {"asset_id": "56994701114048882383790482714232298047952168243935147530156538627837436805079", "price": "0.83", "size": "0", "side": "SELL", "hash": "1422472f3a96616b5be799b6dd08930acd726f3b", "best_bid": "0.06", "best_ask": "0.81"}], "timestamp": "1769384355900", "event_type": "price_change"}}
{"_local_timestamp": "2026-01-25T23:39:15.971065+00:00", "data": {"market": "0xe7bbc2b6ec5bf04d80dbe15b175e572c486c56261ecaaf8a473bdd33e9778b59", "price_changes": [{"asset_id": "38335822398259920714072433245235378258969905777055747159850785638629612805523", "price": "0.17", "size": "0", "side": "BUY", "hash": "838a22c68e9ae1cb830f35f7412f0cf598647418", "best_bid": "0.22", "best_ask": "0.96"}, {"asset_id": "69432753854591746861782464250034619363278158793830895199753748692777024144286", "price": "0.83", "size": "0", "side": "SELL", "hash": "aa2b8efb09bd4abf3b9626c5266c64c7193f6027", "best_bid": "0.04", "best_ask": "0.78"}], "timestamp": "1769384355900", "event_type": "price_change"}}
{"_local_timestamp": "2026-01-25T23:39:15.971494+00:00", "data": {"market": "0x42a60f7b17d74c10b72b6ca1c7ff495ba87928536bbc0be61db067b371b6e66b", "price_changes": [{"asset_id": "9131511062739215563973194643839255465216904578227150178223929351830072336661", "price": "0.17", "size": "0", "side": "BUY", "hash": "c5ddc9608e1ab975ef78fbd7f259d590399c712b", "best_bid": "0.19", "best_ask": "0.94"}, {"asset_id": "24065935965505418220743799848793676799375825575208835676592643727386993565502", "price": "0.83", "size": "0", "side": "SELL", "hash": "b719b47ccf0c393745ac3236840bd6827c0a6dc6", "best_bid": "0.06", "best_ask": "0.81"}], "timestamp": "1769384355900", "event_type": "price_change"}}
{"_local_timestamp": "2026-01-25T23:39:15.978968+00:00", "data": {"market": "0x9406de90dc5df4f861075195f6c289750e9cbbe0649a97ac16b4d9c355d4c868", "price_changes": [{"asset_id": "83203110138845664357331417236484086031162847488962209703758651278630020463582", "price": "0.17", "size": "0", "side": "BUY", "hash": "b8c3c1782fb498d6c879af69ccdfde8dec9167a9", "best_bid": "0.19", "best_ask": "0.94"}, {"asset_id": "27876660047576783213129713987865846552682816421202213594164957922837854504578", "price": "0.83", "size": "0", "side": "SELL", "hash": "a0dc6d30eaf402ddb9ed13272bbf81a9b76b5b50", "best_bid": "0.06", "best_ask": "0.81"}], "timestamp": "1769384355900", "event_type": "price_change"}}
{"_local_timestamp": "2026-01-25T23:39:15.979670+00:00", "data": {"market": "0xa1ffdef0a9457da6fe920f0573ecc593b4e6b0652fe4b36117f352641779c3bd", "price_changes": [{"asset_id": "14985816199735469587284620411014592939929252673345539168983518202181761464407", "price": "0.17", "size": "0", "side": "BUY", "hash": "3dfae260a7d1cbcdf8504106f4c1e413ed84b40c", "best_bid": "0.19", "best_ask": "0.94"}, {"asset_id": "76206168371896570817807870510793357337239454701597657404703677530412968463012", "price": "0.83", "size": "0", "side": "SELL", "hash": "a12e1ad774e570988dd860169a5c433624d06cb6", "best_bid": "0.06", "best_ask": "0.81"}], "timestamp": "1769384355900", "event_type": "price_change"}}
{"_local_timestamp": "2026-01-25T23:39:16.002274+00:00", "data": {"market": "0x33169e953d94fb7a3b356cf768c540ec06fa31d4a967dafb0fa10e68d56488c4", "price_changes": [{"asset_id": "10772775219302218013020168662797680757836174357026881116818461954789588892520", "price": "0.15", "size": "20", "side": "BUY", "hash": "8ff5a9b8f2446ef1f4d79f9d9202f01294d867fb", "best_bid": "0.19", "best_ask": "0.94"}, {"asset_id": "56994701114048882383790482714232298047952168243935147530156538627837436805079", "price": "0.85", "size": "20", "side": "SELL", "hash": "7b2fcd148ad3c9b5e0a26a18a253eb3a616748c1", "best_bid": "0.06", "best_ask": "0.81"}], "timestamp": "1769384355933", "event_type": "price_change"}}
{"_local_timestamp": "2026-01-25T23:39:16.002783+00:00", "data": {"market": "0xa1ffdef0a9457da6fe920f0573ecc593b4e6b0652fe4b36117f352641779c3bd", "price_changes": [{"asset_id": "14985816199735469587284620411014592939929252673345539168983518202181761464407", "price": "0.15", "size": "20", "side": "BUY", "hash": "7abcb598b5a89f2954988e76ebe7b89db16cb678", "best_bid": "0.19", "best_ask": "0.94"}, {"asset_id": "76206168371896570817807870510793357337239454701597657404703677530412968463012", "price": "0.85", "size": "20", "side": "SELL", "hash": "a75b47fe079e55948b068665d9d42a89b7f259db", "best_bid": "0.06", "best_ask": "0.81"}], "timestamp": "1769384355934", "event_type": "price_change"}}
{"_local_timestamp": "2026-01-25T23:39:16.003294+00:00", "data": {"market": "0x9406de90dc5df4f861075195f6c289750e9cbbe0649a97ac16b4d9c355d4c868", "price_changes": [{"asset_id": "83203110138845664357331417236484086031162847488962209703758651278630020463582", "price": "0.15", "size": "20", "side": "BUY", "hash": "6855ae0afaa79975d35f15d341ef03fb5a36b0f9", "best_bid": "0.19", "best_ask": "0.94"}, {"asset_id": "27876660047576783213129713987865846552682816421202213594164957922837854504578", "price": "0.85", "size": "20", "side": "SELL", "hash": "ec67d7811756f431e866d22092238431e2690577", "best_bid": "0.06", "best_ask": "0.81"}], "timestamp": "1769384355934", "event_type": "price_change"}}
{"_local_timestamp": "2026-01-25T23:39:16.003692+00:00", "data": {"market": "0xe7bbc2b6ec5bf04d80dbe15b175e572c486c56261ecaaf8a473bdd33e9778b59", "price_changes": [{"asset_id": "38335822398259920714072433245235378258969905777055747159850785638629612805523", "price": "0.15", "size": "20", "side": "BUY", "hash": "1534c5ba5e285dacf2408bf343e6ae625fb78800", "best_bid": "0.22", "best_ask": "0.96"}, {"asset_id": "69432753854591746861782464250034619363278158793830895199753748692777024144286", "price": "0.85", "size": "20", "side": "SELL", "hash": "362f0f9f84db30c0fffc134de744c72f1982138a", "best_bid": "0.04", "best_ask": "0.78"}], "timestamp": "1769384355934", "event_type": "price_change"}}
{"_local_timestamp": "2026-01-25T23:39:16.004074+00:00", "data": {"market": "0x42a60f7b17d74c10b72b6ca1c7ff495ba87928536bbc0be61db067b371b6e66b", "price_changes": [{"asset_id": "9131511062739215563973194643839255465216904578227150178223929351830072336661", "price": "0.15", "size": "20", "side": "BUY", "hash": "11becc47d785f3881e3bf9130d8e386d900c6b55", "best_bid": "0.19", "best_ask": "0.94"}, {"asset_id": "24065935965505418220743799848793676799375825575208835676592643727386993565502", "price": "0.85", "size": "20", "side": "SELL", "hash": "0da92cf8cc67af5e3c6f4991979b855b50ef0929", "best_bid": "0.06", "best_ask": "0.81"}], "timestamp": "1769384355934", "event_type": "price_change"}}
{"_local_timestamp": "2026-01-25T23:39:25.419682+00:00", "data": {"market": "0x9406de90dc5df4f861075195f6c289750e9cbbe0649a97ac16b4d9c355d4c868", "price_changes": [{"asset_id": "83203110138845664357331417236484086031162847488962209703758651278630020463582", "price": "0.18", "size": "0", "side": "BUY", "hash": "9b30d10717cfdf6992b9ecd8bc55c67b604785c0", "best_bid": "0.19", "best_ask": "0.94"}, {"asset_id": "27876660047576783213129713987865846552682816421202213594164957922837854504578", "price": "0.82", "size": "0", "side": "SELL", "hash": "5178799547b9caa4d61ed7c12f9ba62b3f166d59", "best_bid": "0.06", "best_ask": "0.81"}], "timestamp": "1769384365354", "event_type": "price_change"}}
{"_local_timestamp": "2026-01-25T23:39:25.420378+00:00", "data": {"market": "0xe7bbc2b6ec5bf04d80dbe15b175e572c486c56261ecaaf8a473bdd33e9778b59", "price_changes": [{"asset_id": "38335822398259920714072433245235378258969905777055747159850785638629612805523", "price": "0.21", "size": "0", "side": "BUY", "hash": "97ed25c756321fe98e3703132ff991d82e15c18f", "best_bid": "0.22", "best_ask": "0.96"}, {"asset_id": "69432753854591746861782464250034619363278158793830895199753748692777024144286", "price": "0.79", "size": "0", "side": "SELL", "hash": "3b56d12252b32725150f96f825ebb797df29a868", "best_bid": "0.04", "best_ask": "0.78"}], "timestamp": "1769384365354", "event_type": "price_change"}}
{"_local_timestamp": "2026-01-25T23:39:25.430039+00:00", "data": {"market": "0x42a60f7b17d74c10b72b6ca1c7ff495ba87928536bbc0be61db067b371b6e66b", "price_changes": [{"asset_id": "9131511062739215563973194643839255465216904578227150178223929351830072336661", "price": "0.18", "size": "0", "side": "BUY", "hash": "26dc5253dffced1c186e93da9e54118c069cd9e4", "best_bid": "0.19", "best_ask": "0.94"}, {"asset_id": "24065935965505418220743799848793676799375825575208835676592643727386993565502", "price": "0.82", "size": "0", "side": "SELL", "hash": "7f1dd59aec43944fef342d4c1504eca1919d419c", "best_bid": "0.06", "best_ask": "0.81"}], "timestamp": "1769384365354", "event_type": "price_change"}}
{"_local_timestamp": "2026-01-25T23:39:25.430614+00:00", "data": {"market": "0xa1ffdef0a9457da6fe920f0573ecc593b4e6b0652fe4b36117f352641779c3bd", "price_changes": [{"asset_id": "14985816199735469587284620411014592939929252673345539168983518202181761464407", "price": "0.18", "size": "0", "side": "BUY", "hash": "bfc84caadc4f2cb36356522fd63fab409d13261b", "best_bid": "0.19", "best_ask": "0.94"}, {"asset_id": "76206168371896570817807870510793357337239454701597657404703677530412968463012", "price": "0.82", "size": "0", "side": "SELL", "hash": "5b0e05f3054f406f5710d27679e6eebec9ae4683", "best_bid": "0.06", "best_ask": "0.81"}], "timestamp": "1769384365354", "event_type": "price_change"}}
{"_local_timestamp": "2026-01-25T23:39:25.431197+00:00", "data": {"market": "0x33169e953d94fb7a3b356cf768c540ec06fa31d4a967dafb0fa10e68d56488c4", "price_changes": [{"asset_id": "10772775219302218013020168662797680757836174357026881116818461954789588892520", "price": "0.18", "size": "0", "side": "BUY", "hash": "29933e1f5a55c89a8c94c20d7dcc259943946caf", "best_bid": "0.19", "best_ask": "0.94"}, {"asset_id": "56994701114048882383790482714232298047952168243935147530156538627837436805079", "price": "0.82", "size": "0", "side": "SELL", "hash": "fe720cce83d6057a11da114c0cfb9945ba170eab", "best_bid": "0.06", "best_ask": "0.81"}], "timestamp": "1769384365355", "event_type": "price_change"}}
