{"_local_timestamp": "2026-01-25T23:41:15.539885+00:00", "data": [{"market": "0x0b5fdcc17112158c8d951c3051c830b60eba2bfa3ab5e25ec48dec4eab40e9d9", "asset_id": "5844950551233301611464332818065541691961858487285664476896961640230833511407", "timestamp": "1769384450988", "hash": "ec0bda4ea4aef66fc33efd5752b1b03b417746db", "bids": [{"price": "0.01", "size": "468.86"}, {"price": "0.02", "size": "115.81"}, {"price": "0.03", "size": "24.07"}, {"price": "0.04", "size": "50"}, {"price": "0.05", "size": "25.62"}, {"price": "0.06", "size": "16.34"}, {"price": "0.08", "size": "25"}, {"price": "0.09", "size": "6.07"}, {"price": "0.1", "size": "240"}, {"price": "0.11", "size": "16.04"}, {"price": "0.16", "size": "12.5"}], "asks": [{"price": "0.99", "size": "468.61"}, {"price": "0.98", "size": "118.73"}, {"price": "0.97", "size": "22.89"}, {"price": "0.96", "size": "50"}, {"price": "0.95", "size": "30.37"}, {"price": "0.94", "size": "12.37"}, {"price": "0.92", "size": "25"}, {"price": "0.91", "size": "5.37"}, {"price": "0.9", "size": "240"}, {"price": "0.89", "size": "16.44"}, {"price": "0.84", "size": "12.5"}], "event_type": "book", "last_trade_price": ""}, {"market": "0x0b5fdcc17112158c8d951c3051c830b60eba2bfa3ab5e25ec48dec4eab40e9d9", "asset_id": "112250354173874040881841766892663056856217255848585359417087596055399945649248", "timestamp": "1769384450988", "hash": "86320cb7a3490fbef8ba6ba9145a435883b38b0c", "bids": [{"price": "0.01", "size": "468.61"}, {"price": "0.02", "size": "118.73"}, {"price": "0.03", "size": "22.89"}, {"price": "0.04", "size": "50"}, {"price": "0.05", "size": "30.37"}, {"price": "0.06", "size": "12.37"}, {"price": "0.08", "size": "25"}, {"price": "0.09", "size": "5.37"}, {"price": "0.1", "size": "240"}, {"price": "0.11", "size": "16.44"}, {"price": "0.16", "size": "12.5"}], "asks": [{"price": "0.99", "size": "468.86"}, {"price": "0.98", "size": "115.81"}, {"price": "0.97", "size": "24.07"}, {"price": "0.96", "size": "50"}, {"price": "0.95", "size": "25.62"}, {"price": "0.94", "size": "16.34"}, {"price": "0.92", "size": "25"}, {"price": "0.91", "size": "6.07"}, {"price": "0.9", "size": "240"}, {"price": "0.89", "size": "16.04"}, {"price": "0.84", "size": "12.5"}], "event_type": "book", "last_trade_price": ""}]}
{"_local_timestamp": "2026-01-25T23:41:16.304943+00:00", "data": {"market": "0x0b5fdcc17112158c8d951c3051c830b60eba2bfa3ab5e25ec48dec4eab40e9d9", "price_changes": [{"asset_id": "112250354173874040881841766892663056856217255848585359417087596055399945649248", "price": "0.05", "size": "25.18", "side": "BUY", "hash": "c0d68b803c3f930dcbb70cce96870c9330a93d23", "best_bid": "0.16", "best_ask": "0.84"}, {"asset_id": "5844950551233301611464332818065541691961858487285664476896961640230833511407", "price": "0.95", "size": "25.18", "side": "SELL", "hash": "42ec017acef6e0ff4c6f5a5749f90dbc3ebb4703", "best_bid": "0.16", "best_ask": "0.84"}], "timestamp": "1769384476232", "event_type": "price_change"}}
{"_local_timestamp": "2026-01-25T23:41:16.710647+00:00", "data": {"market": "0x0b5fdcc17112158c8d951c3051c830b60eba2bfa3ab5e25ec48dec4eab40e9d9", "price_changes": [{"asset_id": "112250354173874040881841766892663056856217255848585359417087596055399945649248", "price": "0.05", "size": "30.37", "side": "BUY", "hash": "a0759144a1f303ed17418f55ba08982e454cc20f", "best_bid": "0.16", "best_ask": "0.84"}, {"asset_id": "5844950551233301611464332818065541691961858487285664476896961640230833511407", "price": "0.95", "size": "30.37", "side": "SELL", "hash": "9a7a556bbc360af4ab9a988b0cfb04f61ebb24d3", "best_bid": "0.16", "best_ask": "0.84"}], "timestamp": "1769384476643", "event_type": "price_change"}}
{"_local_timestamp": "2026-01-25T23:42:07.004983+00:00", "data": {"market": "0x0b5fdcc17112158c8d951c3051c830b60eba2bfa3ab5e25ec48dec4eab40e9d9", "price_changes": [{"asset_id": "112250354173874040881841766892663056856217255848585359417087596055399945649248", "price": "0.05", "size": "25.18", "side": "BUY", "hash": "32fb407f1006d0f0ea20109c7a0c4fd0d828c04c", "best_bid": "0.16", "best_ask": "0.84"}, {"asset_id": "5844950551233301611464332818065541691961858487285664476896961640230833511407", "price": "0.95", "size": "25.18", "side": "SELL", "hash": "486211f2826a1cbb74591f5e4cf805a73b2a5d37", "best_bid": "0.16", "best_ask": "0.84"}], "timestamp": "1769384526937", "event_type": "price_change"}}
{"_local_timestamp": "2026-01-25T23:42:07.431185+00:00", "data": {"market": "0x0b5fdcc17112158c8d951c3051c830b60eba2bfa3ab5e25ec48dec4eab40e9d9", "price_changes": [{"asset_id": "112250354173874040881841766892663056856217255848585359417087596055399945649248", "price": "0.05", "size": "30.37", "side": "BUY", "hash": "66941a2364ab97ebb0b675e6724997f4ab6ab0c2", "best_bid": "0.16", "best_ask": "0.84"}, {"asset_id": "5844950551233301611464332818065541691961858487285664476896961640230833511407", "price": "0.95", "size": "30.37", "side": "SELL", "hash": "817770b6cecb19355cb6e1a0515baf0f27d38733", "best_bid": "0.16", "best_ask": "0.84"}], "timestamp": "1769384527359", "event_type": "price_change"}}
{"_local_timestamp": "2026-01-25T23:42:57.957438+00:00", "data": {"market": "0x0b5fdcc17112158c8d951c3051c830b60eba2bfa3ab5e25ec48dec4eab40e9d9", "price_changes": [{"asset_id": "112250354173874040881841766892663056856217255848585359417087596055399945649248", "price": "0.05", "size": "25.18", "side": "BUY", "hash": "3dc19f9141d4476e6c648735682858a13239ab8f", "best_bid": "0.16", "best_ask": "0.84"}, {"asset_id": "5844950551233301611464332818065541691961858487285664476896961640230833511407", "price": "0.95", "size": "25.18", "side": "SELL", "hash": "3acb95f25a5360739fc15502aa8a54debb2c1204", "best_bid": "0.16", "best_ask": "0.84"}], "timestamp": "1769384577862", "event_type": "price_change"}}
{"_local_timestamp": "2026-01-25T23:42:58.263053+00:00", "data": {"market": "0x0b5fdcc17112158c8d951c3051c830b60eba2bfa3ab5e25ec48dec4eab40e9d9", "price_changes": [{"asset_id": "112250354173874040881841766892663056856217255848585359417087596055399945649248", "price": "0.05", "size": "30.37", "side": "BUY", "hash": "ad1ff849951c6883d73ababfd47bdd7b12e3986b", "best_bid": "0.16", "best_ask": "0.84"}, {"asset_id": "5844950551233301611464332818065541691961858487285664476896961640230833511407", "price": "0.95", "size": "30.37", "side": "SELL", "hash": "7a482c76d75eff781b5662e4b0944ebd09fd4614", "best_bid": "0.16", "best_ask": "0.84"}], "timestamp": "1769384578155", "event_type": "price_change"}}
{"_local_timestamp": "2026-01-25T23:43:21.752558+00:00", "data": {"market": "0x0b5fdcc17112158c8d951c3051c830b60eba2bfa3ab5e25ec48dec4eab40e9d9", "price_changes": [{"asset_id": "112250354173874040881841766892663056856217255848585359417087596055399945649248", "price": "0.05", "size": "25.18", "side": "BUY", "hash": "04511ccb87766b6636bb518005a05a73b17c3365", "best_bid": "0.16", "best_ask": "0.84"}, {"asset_id": "5844950551233301611464332818065541691961858487285664476896961640230833511407", "price": "0.95", "size": "25.18", "side": "SELL", "hash": "1e9f06dd13452714f38bc44daa84142a28cf1c05", "best_bid": "0.16", "best_ask": "0.84"}], "timestamp": "1769384601610", "event_type": "price_change"}}
{"_local_timestamp": "2026-01-25T23:43:22.115764+00:00", "data": {"market": "0x0b5fdcc17112158c8d951c3051c830b60eba2bfa3ab5e25ec48dec4eab40e9d9", "price_changes": [{"asset_id": "112250354173874040881841766892663056856217255848585359417087596055399945649248", "price": "0.05", "size": "30.37", "side": "BUY", "hash": "b84178f1060537e45eb38bfd51a97a51d87e917a", "best_bid": "0.16", "best_ask": "0.84"}, {"asset_id": "5844950551233301611464332818065541691961858487285664476896961640230833511407", "price": "0.95", "size": "30.37", "side": "SELL", "hash": "f13df61d61dd0436a128ea54a946a516ec5c4140", "best_bid": "0.16", "best_ask": "0.84"}], "timestamp": "1769384601969", "event_type": "price_change"}}
{"_local_timestamp": "2026-01-25T23:43:48.781189+00:00", "data": {"market": "0x0b5fdcc17112158c8d951c3051c830b60eba2bfa3ab5e25ec48dec4eab40e9d9", "price_changes": [{"asset_id": "112250354173874040881841766892663056856217255848585359417087596055399945649248", "price": "0.05", "size": "25.18", "side": "BUY", "hash": "94a55a73e5872f5ad1b09b1ce694cddc49aa8351", "best_bid": "0.16", "best_ask": "0.84"}, {"asset_id": "5844950551233301611464332818065541691961858487285664476896961640230833511407", "price": "0.95", "size": "25.18", "side": "SELL", "hash": "44791bf821786fee616d6e3a5236e71a2c2ae5fb", "best_bid": "0.16", "best_ask": "0.84"}], "timestamp": "1769384628697", "event_type": "price_change"}}
{"_local_timestamp": "2026-01-25T23:43:49.241833+00:00", "data": {"market": "0x0b5fdcc17112158c8d951c3051c830b60eba2bfa3ab5e25ec48dec4eab40e9d9", "price_changes": [{"asset_id": "112250354173874040881841766892663056856217255848585359417087596055399945649248", "price": "0.05", "size": "30.37", "side": "BUY", "hash": "c32354fc2743229d2691899976e80a5e61befe64", "best_bid": "0.16", "best_ask": "0.84"}, {"asset_id": "5844950551233301611464332818065541691961858487285664476896961640230833511407", "price": "0.95", "size": "30.37", "side": "SELL", "hash": "18422ba03efc7b1d1b7c04e6ca2ebfc4e70d9f15", "best_bid": "0.16", "best_ask": "0.84"}], "timestamp": "1769384629149", "event_type": "price_change"}}
{"_local_timestamp": "2026-01-25T23:44:16.479459+00:00", "data": {"market": "0x0b5fdcc17112158c8d951c3051c830b60eba2bfa3ab5e25ec48dec4eab40e9d9", "price_changes": [{"asset_id": "112250354173874040881841766892663056856217255848585359417087596055399945649248", "price": "0.05", "size": "25.18", "side": "BUY", "hash": "8aa30c9a1aa35f2d8b1551df25c2a2f95450ac9c", "best_bid": "0.16", "best_ask": "0.84"}, {"asset_id": "5844950551233301611464332818065541691961858487285664476896961640230833511407", "price": "0.95", "size": "25.18", "side": "SELL", "hash": "c9d6676b47801dc55b893e216a8bca4ac1d8aa54", "best_bid": "0.16", "best_ask": "0.84"}], "timestamp": "1769384656314", "event_type": "price_change"}}
{"_local_timestamp": "2026-01-25T23:44:17.100095+00:00", "data": {"market": "0x0b5fdcc17112158c8d951c3051c830b60eba2bfa3ab5e25ec48dec4eab40e9d9", "price_changes": [{"asset_id": "112250354173874040881841766892663056856217255848585359417087596055399945649248", "price": "0.05", "size": "30.37", "side": "BUY", "hash": "6f2492d80c5957649dcf3ea4813d4c5a8e07bafc", "best_bid": "0.16", "best_ask": "0.84"}, {"asset_id": "5844950551233301611464332818065541691961858487285664476896961640230833511407", "price": "0.95", "size": "30.37", "side": "SELL", "hash": "37cbd02b216bca33f1d660b16588e8f7412951f6", "best_bid": "0.16", "best_ask": "0.84"}], "timestamp": "1769384656864", "event_type": "price_change"}}
{"_local_timestamp": "2026-01-25T23:44:44.457472+00:00", "data": {"market": "0x0b5fdcc17112158c8d951c3051c830b60eba2bfa3ab5e25ec48dec4eab40e9d9", "price_changes": [{"asset_id": "112250354173874040881841766892663056856217255848585359417087596055399945649248", "price": "0.05", "size": "25.18", "side": "BUY", "hash": "1b78a2e39e6879c4945d13a3ff25b25f26458355", "best_bid": "0.16", "best_ask": "0.84"}, {"asset_id": "5844950551233301611464332818065541691961858487285664476896961640230833511407", "price": "0.95", "size": "25.18", "side": "SELL", "hash": "f00804bbda974bab40c90f4ea9c6e1f9b71f2edf", "best_bid": "0.16", "best_ask": "0.84"}], "timestamp": "1769384684289", "event_type": "price_change"}}
{"_local_timestamp": "2026-01-25T23:44:44.792068+00:00", "data": {"market": "0x0b5fdcc17112158c8d951c3051c830b60eba2bfa3ab5e25ec48dec4eab40e9d9", "price_changes": [{"asset_id": "112250354173874040881841766892663056856217255848585359417087596055399945649248", "price": "0.05", "size": "30.37", "side": "BUY", "hash": "340868faf46b71bd8c00d92f2ad8b809b0102489", "best_bid": "0.16", "best_ask": "0.84"}, {"asset_id": "5844950551233301611464332818065541691961858487285664476896961640230833511407", "price": "0.95", "size": "30.37", "side": "SELL", "hash": "a1a3588d05e9b5a8fe4c8a56b08c1b830b17fd83", "best_bid": "0.16", "best_ask": "0.84"}], "timestamp": "1769384684618", "event_type": "price_change"}}
{"_local_timestamp": "2026-01-25T23:45:17.363797+00:00", "data": {"market": "0x0b5fdcc17112158c8d951c3051c830b60eba2bfa3ab5e25ec48dec4eab40e9d9", "price_changes": [{"asset_id": "112250354173874040881841766892663056856217255848585359417087596055399945649248", "price": "0.05", "size": "25.18", "side": "BUY", "hash": "6878b9b3884c96fb6870c5a7b9e362874c487415", "best_bid": "0.16", "best_ask": "0.84"}, {"asset_id": "5844950551233301611464332818065541691961858487285664476896961640230833511407", "price": "0.95", "size": "25.18", "side": "SELL", "hash": "61f0bac6577b17bfd2a5b004e969a93374f4d797", "best_bid": "0.16", "best_ask": "0.84"}], "timestamp": "1769384717291", "event_type": "price_change"}}
{"_local_timestamp": "2026-01-25T23:45:17.802825+00:00", "data": {"market": "0x0b5fdcc17112158c8d951c3051c830b60eba2bfa3ab5e25ec48dec4eab40e9d9", "price_changes": [{"asset_id": "112250354173874040881841766892663056856217255848585359417087596055399945649248", "price": "0.05", "size": "30.37", "side": "BUY", "hash": "a3a67d80f7cb20e88bea6f60052d1afc4e256521", "best_bid": "0.16", "best_ask": "0.84"}, {"asset_id": "5844950551233301611464332818065541691961858487285664476896961640230833511407", "price": "0.95", "size": "30.37", "side": "SELL", "hash": "3e0af02e81dde357611f02d338eab7e063e74337", "best_bid": "0.16", "best_ask": "0.84"}], "timestamp": "1769384717733", "event_type": "price_change"}}
{"_local_timestamp": "2026-01-25T23:45:47.687704+00:00", "data": {"market": "0x0b5fdcc17112158c8d951c3051c830b60eba2bfa3ab5e25ec48dec4eab40e9d9", "price_changes": [{"asset_id": "112250354173874040881841766892663056856217255848585359417087596055399945649248", "price": "0.05", "size": "25.18", "side": "BUY", "hash": "ffa5f27789abbd0d65986e51d3064921e41af143", "best_bid": "0.16", "best_ask": "0.84"}, {"asset_id": "5844950551233301611464332818065541691961858487285664476896961640230833511407", "price": "0.95", "size": "25.18", "side": "SELL", "hash": "de98cb07c1c0fff664d56e143cc9bf7ae426a791", "best_bid": "0.16", "best_ask": "0.84"}], "timestamp": "1769384747611", "event_type": "price_change"}}
{"_local_timestamp": "2026-01-25T23:45:48.280593+00:00", "data": {"market": "0x0b5fdcc17112158c8d951c3051c830b60eba2bfa3ab5e25ec48dec4eab40e9d9", "price_changes": [{"asset_id": "112250354173874040881841766892663056856217255848585359417087596055399945649248", "price": "0.05", "size": "30.37", "side": "BUY", "hash": "d23c49bbda3a66f5f80ee5d9318589a7f82ddb3d", "best_bid": "0.16", "best_ask": "0.84"}, {"asset_id": "5844950551233301611464332818065541691961858487285664476896961640230833511407", "price": "0.95", "size": "30.37", "side": "SELL", "hash": "2820034810fac611af1f1bffdda390cc3b06064d", "best_bid": "0.16", "best_ask": "0.84"}], "timestamp": "1769384748215", "event_type": "price_change"}}
{"_local_timestamp": "2026-01-25T23:46:40.033700+00:00", "data": {"market": "0x0b5fdcc17112158c8d951c3051c830b60eba2bfa3ab5e25ec48dec4eab40e9d9", "price_changes": [{"asset_id": "112250354173874040881841766892663056856217255848585359417087596055399945649248", "price": "0.05", "size": "25.18", "side": "BUY", "hash": "83df491c0c4e76e15b73b62ee564b9dc10f4b7de", "best_bid": "0.16", "best_ask": "0.84"}, {"asset_id": "5844950551233301611464332818065541691961858487285664476896961640230833511407", "price": "0.95", "size": "25.18", "side": "SELL", "hash": "0236ce95324b641383b17e3d1a44d238f25a11f0", "best_bid": "0.16", "best_ask": "0.84"}], "timestamp": "1769384799952", "event_type": "price_change"}}
{"_local_timestamp": "2026-01-25T23:46:40.390070+00:00", "data": {"market": "0x0b5fdcc17112158c8d951c3051c830b60eba2bfa3ab5e25ec48dec4eab40e9d9", "price_changes": [{"asset_id": "112250354173874040881841766892663056856217255848585359417087596055399945649248", "price": "0.05", "size": "30.37", "side": "BUY", "hash": "7cae79fcdfe32238511da7da52bd1d2189bed0b7", "best_bid": "0.16", "best_ask": "0.84"}, {"asset_id": "5844950551233301611464332818065541691961858487285664476896961640230833511407", "price": "0.95", "size": "30.37", "side": "SELL", "hash": "8606d997ccdb7a712b9102ccefa6397e29acaac6", "best_bid": "0.16", "best_ask": "0.84"}], "timestamp": "1769384800305", "event_type": "price_change"}}
{"_local_timestamp": "2026-01-25T23:47:15.641092+00:00", "data": {"market": "0x0b5fdcc17112158c8d951c3051c830b60eba2bfa3ab5e25ec48dec4eab40e9d9", "price_changes": [{"asset_id": "112250354173874040881841766892663056856217255848585359417087596055399945649248", "price": "0.05", "size": "25.18", "side": "BUY", "hash": "90698740f95aa8321ad58165901d23776f81db9d", "best_bid": "0.16", "best_ask": "0.84"}, {"asset_id": "5844950551233301611464332818065541691961858487285664476896961640230833511407", "price": "0.95", "size": "25.18", "side": "SELL", "hash": "fb80dcc3884ccb4a3ac50b77e070a8f24352d870", "best_bid": "0.16", "best_ask": "0.84"}], "timestamp": "1769384835566", "event_type": "price_change"}}
{"_local_timestamp": "2026-01-25T23:47:16.055089+00:00", "data": {"market": "0x0b5fdcc17112158c8d951c3051c830b60eba2bfa3ab5e25ec48dec4eab40e9d9", "price_changes": [{"asset_id": "112250354173874040881841766892663056856217255848585359417087596055399945649248", "price": "0.05", "size": "30.37", "side": "BUY", "hash": "1681d140763769c246935c3e544039671f5ce122", "best_bid": "0.16", "best_ask": "0.84"}, {"asset_id": "5844950551233301611464332818065541691961858487285664476896961640230833511407", "price": "0.95", "size": "30.37", "side": "SELL", "hash": "a84da0b88737d836299d32c65da2b60d0f0ba05e", "best_bid": "0.16", "best_ask": "0.84"}], "timestamp": "1769384835982", "event_type": "price_change"}}
{"_local_timestamp": "2026-01-25T23:48:16.788511+00:00", "data": {"market": "0x0b5fdcc17112158c8d951c3051c830b60eba2bfa3ab5e25ec48dec4eab40e9d9", "price_changes": [{"asset_id": "112250354173874040881841766892663056856217255848585359417087596055399945649248", "price": "0.05", "size": "25.18", "side": "BUY", "hash": "eafa067b1992301cab399ec16fdb1fd7c4784bc3", "best_bid": "0.16", "best_ask": "0.84"}, {"asset_id": "5844950551233301611464332818065541691961858487285664476896961640230833511407", "price": "0.95", "size": "25.18", "side": "SELL", "hash": "3bc5ba76bbd68e20918ac7a9ba86a345122a646e", "best_bid": "0.16", "best_ask": "0.84"}], "timestamp": "1769384896707", "event_type": "price_change"}}
{"_local_timestamp": "2026-01-25T23:48:17.157836+00:00", "data": {"market": "0x0b5fdcc17112158c8d951c3051c830b60eba2bfa3ab5e25ec48dec4eab40e9d9", "price_changes": [{"asset_id": "112250354173874040881841766892663056856217255848585359417087596055399945649248", "price": "0.05", "size": "30.37", "side": "BUY", "hash": "96ab5036160eeb3894a2669ac722fcac34eae976", "best_bid": "0.16", "best_ask": "0.84"}, {"asset_id": "5844950551233301611464332818065541691961858487285664476896961640230833511407", "price": "0.95", "size": "30.37", "side": "SELL", "hash": "273a696db50dbb46ec27b78d902af34629a7060d", "best_bid": "0.16", "best_ask": "0.84"}], "timestamp": "1769384897060", "event_type": "price_change"}}
{"_local_timestamp": "2026-01-25T23:48:53.367747+00:00", "data": {"market": "0x0b5fdcc17112158c8d951c3051c830b60eba2bfa3ab5e25ec48dec4eab40e9d9", "price_changes": [{"asset_id": "112250354173874040881841766892663056856217255848585359417087596055399945649248", "price": "0.05", "size": "25.18", "side": "BUY", "hash": "0a1b441ea305199787e88092691ce929d74217f4", "best_bid": "0.16", "best_ask": "0.84"}, {"asset_id": "5844950551233301611464332818065541691961858487285664476896961640230833511407", "price": "0.95", "size": "25.18", "side": "SELL", "hash": "fb5d86040d9ebb81f87db167655a48f6b77e48a7", "best_bid": "0.16", "best_ask": "0.84"}], "timestamp": "1769384933298", "event_type": "price_change"}}
{"_local_timestamp": "2026-01-25T23:48:53.880721+00:00", "data": {"market": "0x0b5fdcc17112158c8d951c3051c830b60eba2bfa3ab5e25ec48dec4eab40e9d9", "price_changes": [{"asset_id": "112250354173874040881841766892663056856217255848585359417087596055399945649248", "price": "0.05", "size": "30.37", "side": "BUY", "hash": "12f17d084e7e286d2e64680baa99758a13a585aa", "best_bid": "0.16", "best_ask": "0.84"}, {"asset_id": "5844950551233301611464332818065541691961858487285664476896961640230833511407", "price": "0.95", "size": "30.37", "side": "SELL", "hash": "a5b927812ebe47a53f355cecd27797ded1037a01", "best_bid": "0.16", "best_ask": "0.84"}], "timestamp": "1769384933813", "event_type": "price_change"}}
{"_local_timestamp": "2026-01-25T23:49:36.985545+00:00", "data": {"market": "0x0b5fdcc17112158c8d951c3051c830b60eba2bfa3ab5e25ec48dec4eab40e9d9", "price_changes": [{"asset_id": "112250354173874040881841766892663056856217255848585359417087596055399945649248", "price": "0.05", "size": "25.18", "side": "BUY", "hash": "7de1934ac71f49eb0f54ece8ac6b8a1066e4f1c5", "best_bid": "0.16", "best_ask": "0.84"}, {"asset_id": "5844950551233301611464332818065541691961858487285664476896961640230833511407", "price": "0.95", "size": "25.18", "side": "SELL", "hash": "242589b1ed9e9278bce168492bb226c288166880", "best_bid": "0.16", "best_ask": "0.84"}], "timestamp": "1769384976919", "event_type": "price_change"}}
{"_local_timestamp": "2026-01-25T23:49:37.412466+00:00", "data": {"market": "0x0b5fdcc17112158c8d951c3051c830b60eba2bfa3ab5e25ec48dec4eab40e9d9", "price_changes": [{"asset_id": "112250354173874040881841766892663056856217255848585359417087596055399945649248", "price": "0.05", "size": "30.37", "side": "BUY", "hash": "f7b848d5f462fa7e1d08ecf9f1c9d89b9f2e9b34", "best_bid": "0.16", "best_ask": "0.84"}, {"asset_id": "5844950551233301611464332818065541691961858487285664476896961640230833511407", "price": "0.95", "size": "30.37", "side": "SELL", "hash": "d16432112a7b146a1dc470dfe14fed7c5f188178", "best_bid": "0.16", "best_ask": "0.84"}], "timestamp": "1769384977345", "event_type": "price_change"}}
{"_local_timestamp": "2026-01-25T23:50:13.836635+00:00", "data": {"market": "0x0b5fdcc17112158c8d951c3051c830b60eba2bfa3ab5e25ec48dec4eab40e9d9", "price_changes": [{"asset_id": "112250354173874040881841766892663056856217255848585359417087596055399945649248", "price": "0.05", "size": "25.18", "side": "BUY", "hash": "bced26c1cd9d23cc307d3a8f3856d93f32582492", "best_bid": "0.16", "best_ask": "0.84"}, {"asset_id": "5844950551233301611464332818065541691961858487285664476896961640230833511407", "price": "0.95", "size": "25.18", "side": "SELL", "hash": "dd07395d69be93e64954c6fcb1c213f9d32bbf15", "best_bid": "0.16", "best_ask": "0.84"}], "timestamp": "1769385013770", "event_type": "price_change"}}
{"_local_timestamp": "2026-01-25T23:50:14.152250+00:00", "data": {"market": "0x0b5fdcc17112158c8d951c3051c830b60eba2bfa3ab5e25ec48dec4eab40e9d9", "price_changes": [{"asset_id": "112250354173874040881841766892663056856217255848585359417087596055399945649248", "price": "0.05", "size": "30.37", "side": "BUY", "hash": "95b6b9c40d172647fa58a78e8a5a390246af2054", "best_bid": "0.16", "best_ask": "0.84"}, {"asset_id": "5844950551233301611464332818065541691961858487285664476896961640230833511407", "price": "0.95", "size": "30.37", "side": "SELL", "hash": "c18955913679dce33259f2f16fe2f3ff23b1b54c", "best_bid": "0.16", "best_ask": "0.84"}], "timestamp": "1769385014083", "event_type": "price_change"}}
{"_local_timestamp": "2026-01-25T23:50:15.634940+00:00", "data": {"market": "0x0b5fdcc17112158c8d951c3051c830b60eba2bfa3ab5e25ec48dec4eab40e9d9", "price_changes": [{"asset_id": "112250354173874040881841766892663056856217255848585359417087596055399945649248", "price": "0.05", "size": "25.18", "side": "BUY", "hash": "636b0333ad0ec6ab9bed5960c1f716ca1f35a457", "best_bid": "0.16", "best_ask": "0.84"}, {"asset_id": "5844950551233301611464332818065541691961858487285664476896961640230833511407", "price": "0.95", "size": "25.18", "side": "SELL", "hash": "d9abcb4bed5a12942084103080d9e34b4b97075f", "best_bid": "0.16", "best_ask": "0.84"}], "timestamp": "1769385015544", "event_type": "price_change"}}
{"_local_timestamp": "2026-01-25T23:50:16.046830+00:00", "data": {"market": "0x0b5fdcc17112158c8d951c3051c830b60eba2bfa3ab5e25ec48dec4eab40e9d9", "price_changes": [{"asset_id": "112250354173874040881841766892663056856217255848585359417087596055399945649248", "price": "0.05", "size": "30.37", "side": "BUY", "hash": "6ca57dc420341e6b53cfa1fddaf53f99591ea95f", "best_bid": "0.16", "best_ask": "0.84"}, {"asset_id": "5844950551233301611464332818065541691961858487285664476896961640230833511407", "price": "0.95", "size": "30.37", "side": "SELL", "hash": "96ef7122786aff249d79a95b0cff8c4e860909ba", "best_bid": "0.16", "best_ask": "0.84"}], "timestamp": "1769385015937", "event_type": "price_change"}}
