{"_local_timestamp": "2026-01-25T23:41:15.539885+00:00", "data": [{"market": "0x0b5fdcc17112158c8d951c3051c830b60eba2bfa3ab5e25ec48dec4eab40e9d9", "asset_id": "5844950551233301611464332818065541691961858487285664476896961640230833511407", "timestamp": "1769384450988", "hash": "ec0bda4ea4aef66fc33efd5752b1b03b417746db", "bids": [{"price": "0.01", "size": "468.86"}, {"price": "0.02", "size": "115.81"}, {"price": "0.03", "size": "24.07"}, {"price": "0.04", "size": "50"}, {"price": "0.05", "size": "25.62"}, {"price": "0.06", "size": "16.34"}, {"price": "0.08", "size": "25"}, {"price": "0.09", "size": "6.07"}, {"price": "0.1", "size": "240"}, {"price": "0.11", "size": "16.04"}, {"price": "0.16", "size": "12.5"}], "asks": [{"price": "0.99", "size": "468.61"}, {"price": "0.98", "size": "118.73"}, {"price": "0.97", "size": "22.89"}, {"price": "0.96", "size": "50"}, {"price": "0.95", "size": "30.37"}, {"price": "0.94", "size": "12.37"}, {"price": "0.92", "size": "25"}, {"price": "0.91", "size": "5.37"}, {"price": "0.9", "size": "240"}, {"price": "0.89", "size": "16.44"}, {"price": "0.84", "size": "12.5"}], "event_type": "book", "last_trade_price": ""}, {"market": "0x0b5fdcc17112158c8d951c3051c830b60eba2bfa3ab5e25ec48dec4eab40e9d9", "asset_id": "112250354173874040881841766892663056856217255848585359417087596055399945649248", "timestamp": "1769384450988", "hash": "86320cb7a3490fbef8ba6ba9145a435883b38b0c", "bids": [{"price": "0.01", "size": "468.61"}, {"price": "0.02", "size": "118.73"}, {"price": "0.03", "size": "22.89"}, {"price": "0.04", "size": "50"}, {"price": "0.05", "size": "30.37"}, {"price": "0.06", "size": "12.37"}, {"price": "0.08", "size": "25"}, {"price": "0.09", "size": "5.37"}, {"price": "0.1", "size": "240"}, {"price": "0.11", "size": "16.44"}, {"price": "0.16", "size": "12.5"}], "asks": [{"price": "0.99", "size": "468.86"}, {"price": "0.98", "size": "115.81"}, {"price": "0.97", "size": "24.07"}, {"price": "0.96", "size": "50"}, {"price": "0.95", "size": "25.62"}, {"price": "0.94", "size": "16.34"}, {"price": "0.92", "size": "25"}, {"price": "0.91", "size": "6.07"}, {"price": "0.9", "size": "240"}, {"price": "0.89", "size": "16.04"}, {"price": "0.84", "size": "12.5"}], "event_type": "book", "last_trade_price": ""}]}
{"_local_timestamp": "2026-01-25T23:41:16.304943+00:00", "data": {"market": "0x0b5fdcc17112158c8d951c3051c830b60eba2bfa3ab5e25ec48dec4eab40e9d9", "price_changes": [{"asset_id": "112250354173874040881841766892663056856217255848585359417087596055399945649248", "price": "0.05", "size": "25.18", "side": "BUY", "hash": "c0d68b803c3f930dcbb70cce96870c9330a93d23", "best_bid": "0.16", "best_ask": "0.84"}, {"asset_id": "5844950551233301611464332818065541691961858487285664476896961640230833511407", "price": "0.95", "size": "25.18", "side": "SELL", "hash": "42ec017acef6e0ff4c6f5a5749f90dbc3ebb4703", "best_bid": "0.16", "best_ask": "0.84"}], "timestamp": "1769384476232", "event_type": "price_change"}}
{"_local_timestamp": "2026-01-25T23:41:16.710647+00:00", "data": {"market": "0x0b5fdcc17112158c8d951c3051c830b60eba2bfa3ab5e25ec48dec4eab40e9d9", "price_changes": [{"asset_id": "112250354173874040881841766892663056856217255848585359417087596055399945649248", "price": "0.05", "size": "30.37", "side": "BUY", "hash": "a0759144a1f303ed17418f55ba08982e454cc20f", "best_bid": "0.16", "best_ask": "0.84"}, {"asset_id": "5844950551233301611464332818065541691961858487285664476896961640230833511407", "price": "0.95", "size": "30.37", "side": "SELL", "hash": "9a7a556bbc360af4ab9a988b0cfb04f61ebb24d3", "best_bid": "0.16", "best_ask": "0.84"}], "timestamp": "1769384476643", "event_type": "price_change"}}
{"_local_timestamp": "2026-01-25T23:42:07.004983+00:00", "data": {"market": "0x0b5fdcc17112158c8d951c3051c830b60eba2bfa3ab5e25ec48dec4eab40e9d9", "price_changes": [{"asset_id": "112250354173874040881841766892663056856217255848585359417087596055399945649248", "price": "0.05", "size": "25.18", "side": "BUY", "hash": "32fb407f1006d0f0ea20109c7a0c4fd0d828c04c", "best_bid": "0.16", "best_ask": "0.84"}, {"asset_id": "5844950551233301611464332818065541691961858487285664476896961640230833511407", "price": "0.95", "size": "25.18", "side": "SELL", "hash": "486211f2826a1cbb74591f5e4cf805a73b2a5d37", "best_bid": "0.16", "best_ask": "0.84"}], "timestamp": "1769384526937", "event_type": "price_change"}}
{"_local_timestamp": "2026-01-25T23:42:07.431185+00:00", "data": {"market": "0x0b5fdcc17112158c8d951c3051c830b60eba2bfa3ab5e25ec48dec4eab40e9d9", "price_changes": [{"asset_id": "112250354173874040881841766892663056856217255848585359417087596055399945649248", "price": "0.05", "size": "30.37", "side": "BUY", "hash": "66941a2364ab97ebb0b675e6724997f4ab6ab0c2", "best_bid": "0.16", "best_ask": "0.84"}, {"asset_id": "5844950551233301611464332818065541691961858487285664476896961640230833511407", "price": "0.95", "size": "30.37", "side": "SELL", "hash": "817770b6cecb19355cb6e1a0515baf0f27d38733", "best_bid": "0.16", "best_ask": "0.84"}], "timestamp": "1769384527359", "event_type": "price_change"}}
