{"_local_timestamp": "2026-01-25T23:41:28.609618+00:00", "data": [{"market": "0xcc1cefcc8ca26fc489910902ae82604305607631e8e199e14faad438ec5076e5", "asset_id": "21035469543240793753461235313544907125293689942781219955053764991726156555044", "timestamp": "1769381669149", "hash": "779a77fd1ce9b6821f246a8d2fdeb353199b926f", "bids": [{"price": "0.01", "size": "298.81"}, {"price": "0.02", "size": "40.59"}, {"price": "0.05", "size": "15.47"}], "asks": [{"price": "0.99", "size": "302.04"}, {"price": "0.98", "size": "38.97"}, {"price": "0.96", "size": "42.49"}], "event_type": "book", "last_trade_price": ""}, {"market": "0x567221dda230673346c8a0e83412c9be6e1f39ce12cff5d20c5a7c25b33cf131", "asset_id": "7068541760325675640332673498803953203394597119082869263359815314244009614005", "timestamp": "1769384159120", "hash": "f52dc9c6b74f2103c740c562561af8da8d14f0ac", "bids": [{"price": "0.01", "size": "255.04"}, {"price": "0.02", "size": "38.97"}, {"price": "0.04", "size": "29.99"}], "asks": [{"price": "0.99", "size": "251.81"}, {"price": "0.98", "size": "40.59"}, {"price": "0.97", "size": "5.47"}], "event_type": "book", "last_trade_price": ""}, {"market": "0x2c858fae1ac44abf43861346df9f730bb7fa7d4595bc9651e5f4986b299f8fda", "asset_id": "113835913456616656415678421276306005691976347234252749273651760139686058938488", "timestamp": "1769384157482", "hash": "263c97352226f35bd806e42ec24e3461a1487c49", "bids": [{"price": "0.01", "size": "302.04"}, {"price": "0.02", "size": "38.97"}, {"price": "0.04", "size": "29.99"}], "asks": [{"price": "0.99", "size": "294.79"}, {"price": "0.98", "size": "42.6"}, {"price": "0.97", "size": "5.47"}, {"price": "0.75", "size": "10"}], "event_type": "book", "last_trade_price": ""}, {"market": "0xb6e34a5161309766e14c1681adbe8caf0755d4a2edeaadfd37753b46219db3c9", "asset_id": "38981402395940241963308223579610196874351447275819818193457043163980527843608", "timestamp": "1769381669046", "hash": "be6c50e724ab23fed08f98aa309ad85f89b70ebc", "bids": [{"price": "0.01", "size": "302.04"}, {"price": "0.02", "size": "38.97"}, {"price": "0.04", "size": "42.49"}], "asks": [{"price": "0.99", "size": "298.81"}, {"price": "0.98", "size": "40.59"}, {"price": "0.95", "size": "15.47"}], "event_type": "book", "last_trade_price": ""}, {"market": "0xcc1cefcc8ca26fc489910902ae82604305607631e8e199e14faad438ec5076e5", "asset_id": "14071838176571004139044326584941081764856138678191043653845392311220238624710", "timestamp": "1769381669149", "hash": "db9e258925dde16416192e3bd018e8ed5b647197", "bids": [{"price": "0.01", "size": "302.04"}, {"price": "0.02", "size": "38.97"}, {"price": "0.04", "size": "42.49"}], "asks": [{"price": "0.99", "size": "298.81"}, {"price": "0.98", "size": "40.59"}, {"price": "0.95", "size": "15.47"}], "event_type": "book", "last_trade_price": ""}, {"market": "0x2c858fae1ac44abf43861346df9f730bb7fa7d4595bc9651e5f4986b299f8fda", "asset_id": "29053463673522811680375299524803323262593880582155242258068983166323669031422", "timestamp": "1769384157482", "hash": "8b322375910af199b5f843905f0af52e313d52b1", "bids": [{"price": "0.01", "size": "294.79"}, {"price": "0.02", "size": "42.6"}, {"price": "0.03", "size": "5.47"}, {"price": "0.25", "size": "10"}], "asks": [{"price": "0.99", "size": "302.04"}, {"price": "0.98", "size": "38.97"}, {"price": "0.96", "size": "29.99"}], "event_type": "book", "last_trade_price": ""}, {"market": "0xb6e34a5161309766e14c1681adbe8caf0755d4a2edeaadfd37753b46219db3c9", "asset_id": "66601367240001050621550118589553073395869706891265328584308658468866613770045", "timestamp": "1769381669046", "hash": "87f8d22d77dd09bb9f3fd32ef5c4d09e2b1c26de", "bids": [{"price": "0.01", "size": "298.81"}, {"price": "0.02", "size": "40.59"}, {"price": "0.05", "size": "15.47"}], "asks": [{"price": "0.99", "size": "302.04"}, {"price": "0.98", "size": "38.97"}, {"price": "0.96", "size": "42.49"}], "event_type": "book", "last_trade_price": ""}, {"market": "0x567221dda230673346c8a0e83412c9be6e1f39ce12cff5d20c5a7c25b33cf131", "asset_id": "28629553319603087335356095663208535636719911979699410834800659282603888578427", "timestamp": "1769384159120", "hash": "0fbe5eb5d55c197388259df69cb98bfdf92a8227", "bids": [{"price": "0.01", "size": "251.81"}, {"price": "0.02", "size": "40.59"}, {"price": "0.03", "size": "5.47"}], "asks": [{"price": "0.99", "size": "255.04"}, {"price": "0.98", "size": "38.97"}, {"price": "0.96", "size": "29.99"}], "event_type": "book", "last_trade_price": ""}]}
{"_local_timestamp": "2026-01-25T23:41:38.148933+00:00", "data": {"market": "0x567221dda230673346c8a0e83412c9be6e1f39ce12cff5d20c5a7c25b33cf131", "price_changes": [{"asset_id": "28629553319603087335356095663208535636719911979699410834800659282603888578427", "price": "0.02", "size": "25.56", "side": "BUY", "hash": "32215ccfcf477747c2c105398d472f94a0714095", "best_bid": "0.03", "best_ask": "0.96"}, {"asset_id": "7068541760325675640332673498803953203394597119082869263359815314244009614005", "price": "0.98", "size": "25.56", "side": "SELL", "hash": "74134cf109211ef978cc524ff948ee3781f48da0", "best_bid": "0.04", "best_ask": "0.97"}], "timestamp": "1769384498076", "event_type": "price_change"}}
{"_local_timestamp": "2026-01-25T23:41:38.482925+00:00", "data": {"market": "0x567221dda230673346c8a0e83412c9be6e1f39ce12cff5d20c5a7c25b33cf131", "price_changes": [{"asset_id": "28629553319603087335356095663208535636719911979699410834800659282603888578427", "price": "0.02", "size": "36.54", "side": "BUY", "hash": "a2f07280b8fe03e5028dd6df018b3cd0cddeadb1", "best_bid": "0.03", "best_ask": "0.96"}, {"asset_id": "7068541760325675640332673498803953203394597119082869263359815314244009614005", "price": "0.98", "size": "36.54", "side": "SELL", "hash": "3a4083cadb8a67179743af0b34f1474c6d21267a", "best_bid": "0.04", "best_ask": "0.97"}], "timestamp": "1769384498403", "event_type": "price_change"}}
{"_local_timestamp": "2026-01-25T23:41:38.483318+00:00", "data": {"market": "0x567221dda230673346c8a0e83412c9be6e1f39ce12cff5d20c5a7c25b33cf131", "price_changes": [{"asset_id": "28629553319603087335356095663208535636719911979699410834800659282603888578427", "price": "0.01", "size": "259.9", "side": "BUY", "hash": "3c48c06f9855f483463fef69f084eb0d15ff7447", "best_bid": "0.03", "best_ask": "0.96"}, {"asset_id": "7068541760325675640332673498803953203394597119082869263359815314244009614005", "price": "0.99", "size": "259.9", "side": "SELL", "hash": "7856d95bffa6322434b93f7e820e775319c39ac6", "best_bid": "0.04", "best_ask": "0.97"}], "timestamp": "1769384498403", "event_type": "price_change"}}
{"_local_timestamp": "2026-01-25T23:41:38.573100+00:00", "data": {"market": "0x2c858fae1ac44abf43861346df9f730bb7fa7d4595bc9651e5f4986b299f8fda", "price_changes": [{"asset_id": "29053463673522811680375299524803323262593880582155242258068983166323669031422", "price": "0.01", "size": "285.94", "side": "BUY", "hash": "f3f8f93e83a92ceb1bc7656ea75ef37728e7cb12", "best_bid": "0.25", "best_ask": "0.96"}, {"asset_id": "113835913456616656415678421276306005691976347234252749273651760139686058938488", "price": "0.99", "size": "285.94", "side": "SELL", "hash": "bfce206f63ba924759d4ef149e8700ea284791b0", "best_bid": "0.04", "best_ask": "0.75"}], "timestamp": "1769384498509", "event_type": "price_change"}}
{"_local_timestamp": "2026-01-25T23:41:38.741364+00:00", "data": {"market": "0x2c858fae1ac44abf43861346df9f730bb7fa7d4595bc9651e5f4986b299f8fda", "price_changes": [{"asset_id": "29053463673522811680375299524803323262593880582155242258068983166323669031422", "price": "0.01", "size": "294.79", "side": "BUY", "hash": "a9cd83837648e01e021a92e5a3d7594fc6a5de5d", "best_bid": "0.25", "best_ask": "0.96"}, {"asset_id": "113835913456616656415678421276306005691976347234252749273651760139686058938488", "price": "0.99", "size": "294.79", "side": "SELL", "hash": "99b2aba072df6e33b944affb2e4aafefff3fb728", "best_bid": "0.04", "best_ask": "0.75"}], "timestamp": "1769384498676", "event_type": "price_change"}}
{"_local_timestamp": "2026-01-25T23:42:07.943356+00:00", "data": {"market": "0x567221dda230673346c8a0e83412c9be6e1f39ce12cff5d20c5a7c25b33cf131", "price_changes": [{"asset_id": "28629553319603087335356095663208535636719911979699410834800659282603888578427", "price": "0.04", "size": "29.99", "side": "BUY", "hash": "4e8920ea66700eb6e3fc7196b30c0fee46c2c6b3", "best_bid": "0.04", "best_ask": "0.96"}, {"asset_id": "7068541760325675640332673498803953203394597119082869263359815314244009614005", "price": "0.96", "size": "29.99", "side": "SELL", "hash": "36db7af3340d78f07eacd6fd9c48befd8c2ddee7", "best_bid": "0.04", "best_ask": "0.96"}], "timestamp": "1769384527872", "event_type": "price_change"}}
{"_local_timestamp": "2026-01-25T23:42:10.869270+00:00", "data": {"market": "0x567221dda230673346c8a0e83412c9be6e1f39ce12cff5d20c5a7c25b33cf131", "price_changes": [{"asset_id": "28629553319603087335356095663208535636719911979699410834800659282603888578427", "price": "0.03", "size": "0", "side": "BUY", "hash": "e94d76dab6b50c64f2dbea99c4522f401dd3c201", "best_bid": "0.04", "best_ask": "0.96"}, {"asset_id": "7068541760325675640332673498803953203394597119082869263359815314244009614005", "price": "0.97", "size": "0", "side": "SELL", "hash": "cf0cf8261af42a4743750752816fc044c6bae0a9", "best_bid": "0.04", "best_ask": "0.96"}], "timestamp": "1769384530792", "event_type": "price_change"}}
{"_local_timestamp": "2026-01-25T23:42:11.201687+00:00", "data": {"market": "0x567221dda230673346c8a0e83412c9be6e1f39ce12cff5d20c5a7c25b33cf131", "price_changes": [{"asset_id": "28629553319603087335356095663208535636719911979699410834800659282603888578427", "price": "0.05", "size": "5.47", "side": "BUY", "hash": "e23817e0985dd6d02fdbcf833493663a5ec17bc2", "best_bid": "0.05", "best_ask": "0.96"}, {"asset_id": "7068541760325675640332673498803953203394597119082869263359815314244009614005", "price": "0.95", "size": "5.47", "side": "SELL", "hash": "26243ba7b86537cc24cb5a541ef4e41f3061ea1d", "best_bid": "0.04", "best_ask": "0.95"}], "timestamp": "1769384531128", "event_type": "price_change"}}
{"_local_timestamp": "2026-01-25T23:43:35.203181+00:00", "data": {"market": "0x567221dda230673346c8a0e83412c9be6e1f39ce12cff5d20c5a7c25b33cf131", "price_changes": [{"asset_id": "28629553319603087335356095663208535636719911979699410834800659282603888578427", "price": "0.04", "size": "0", "side": "BUY", "hash": "39dbd884b74f128a3764f69302ba6adfc8e4b6c2", "best_bid": "0.05", "best_ask": "0.96"}, {"asset_id": "7068541760325675640332673498803953203394597119082869263359815314244009614005", "price": "0.96", "size": "0", "side": "SELL", "hash": "88ddf21e2d6bf5b51892782028f73c23226b7ada", "best_bid": "0.04", "best_ask": "0.95"}], "timestamp": "1769384615119", "event_type": "price_change"}}
{"_local_timestamp": "2026-01-25T23:43:39.915785+00:00", "data": {"market": "0x567221dda230673346c8a0e83412c9be6e1f39ce12cff5d20c5a7c25b33cf131", "price_changes": [{"asset_id": "28629553319603087335356095663208535636719911979699410834800659282603888578427", "price": "0.05", "size": "0", "side": "BUY", "hash": "713945af09d373df1aecb19bff141f483e42f301", "best_bid": "0.02", "best_ask": "0.96"}, {"asset_id": "7068541760325675640332673498803953203394597119082869263359815314244009614005", "price": "0.95", "size": "0", "side": "SELL", "hash": "c0704c8d1d530d42742eea213223d921ff7516aa", "best_bid": "0.04", "best_ask": "0.98"}], "timestamp": "1769384619845", "event_type": "price_change"}}
{"_local_timestamp": "2026-01-25T23:43:40.294866+00:00", "data": {"market": "0x567221dda230673346c8a0e83412c9be6e1f39ce12cff5d20c5a7c25b33cf131", "price_changes": [{"asset_id": "28629553319603087335356095663208535636719911979699410834800659282603888578427", "price": "0.03", "size": "5.47", "side": "BUY", "hash": "f4c253ab2d6f161ba41c598b75510810a8c534f6", "best_bid": "0.03", "best_ask": "0.96"}, {"asset_id": "7068541760325675640332673498803953203394597119082869263359815314244009614005", "price": "0.97", "size": "5.47", "side": "SELL", "hash": "1c2776ee9f81cef9cb2d84216a338ab16d6c8711", "best_bid": "0.04", "best_ask": "0.97"}], "timestamp": "1769384620227", "event_type": "price_change"}}
{"_local_timestamp": "2026-01-25T23:43:48.473080+00:00", "data": {"market": "0x567221dda230673346c8a0e83412c9be6e1f39ce12cff5d20c5a7c25b33cf131", "price_changes": [{"asset_id": "7068541760325675640332673498803953203394597119082869263359815314244009614005", "price": "0.01", "size": "233", "side": "BUY", "hash": "3f40741537550cff844608581baa4a6d5cf35ef2", "best_bid": "0.04", "best_ask": "0.97"}, {"asset_id": "28629553319603087335356095663208535636719911979699410834800659282603888578427", "price": "0.99", "size": "233", "side": "SELL", "hash": "8bbc625043e7c81cfc9907473d2238cd05568608", "best_bid": "0.03", "best_ask": "0.96"}], "timestamp": "1769384628405", "event_type": "price_change"}}
{"_local_timestamp": "2026-01-25T23:43:48.473573+00:00", "data": {"market": "0x567221dda230673346c8a0e83412c9be6e1f39ce12cff5d20c5a7c25b33cf131", "price_changes": [{"asset_id": "7068541760325675640332673498803953203394597119082869263359815314244009614005", "price": "0.02", "size": "16.65", "side": "BUY", "hash": "3f40741537550cff844608581baa4a6d5cf35ef2", "best_bid": "0.04", "best_ask": "0.97"}, {"asset_id": "28629553319603087335356095663208535636719911979699410834800659282603888578427", "price": "0.98", "size": "16.65", "side": "SELL", "hash": "8bbc625043e7c81cfc9907473d2238cd05568608", "best_bid": "0.03", "best_ask": "0.96"}], "timestamp": "1769384628405", "event_type": "price_change"}}
{"_local_timestamp": "2026-01-25T23:43:48.473929+00:00", "data": {"market": "0x2c858fae1ac44abf43861346df9f730bb7fa7d4595bc9651e5f4986b299f8fda", "price_changes": [{"asset_id": "113835913456616656415678421276306005691976347234252749273651760139686058938488", "price": "0.01", "size": "280", "side": "BUY", "hash": "17014a11de03a1c918c5b94d4cd696a98d069b46", "best_bid": "0.04", "best_ask": "0.75"}, {"asset_id": "29053463673522811680375299524803323262593880582155242258068983166323669031422", "price": "0.99", "size": "280", "side": "SELL", "hash": "101288611a7a7e9f0dbad17876b5c1a992c58c8b", "best_bid": "0.25", "best_ask": "0.96"}], "timestamp": "1769384628405", "event_type": "price_change"}}
{"_local_timestamp": "2026-01-25T23:43:48.474344+00:00", "data": {"market": "0x2c858fae1ac44abf43861346df9f730bb7fa7d4595bc9651e5f4986b299f8fda", "price_changes": [{"asset_id": "113835913456616656415678421276306005691976347234252749273651760139686058938488", "price": "0.02", "size": "22.32", "side": "BUY", "hash": "17014a11de03a1c918c5b94d4cd696a98d069b46", "best_bid": "0.04", "best_ask": "0.75"}, {"asset_id": "29053463673522811680375299524803323262593880582155242258068983166323669031422", "price": "0.98", "size": "22.32", "side": "SELL", "hash": "101288611a7a7e9f0dbad17876b5c1a992c58c8b", "best_bid": "0.25", "best_ask": "0.96"}], "timestamp": "1769384628405", "event_type": "price_change"}}
{"_local_timestamp": "2026-01-25T23:43:49.640036+00:00", "data": {"market": "0x2c858fae1ac44abf43861346df9f730bb7fa7d4595bc9651e5f4986b299f8fda", "price_changes": [{"asset_id": "113835913456616656415678421276306005691976347234252749273651760139686058938488", "price": "0.01", "size": "302.05", "side": "BUY", "hash": "938a3bb1aa60821096dc366687d208b3fd2f1405", "best_bid": "0.04", "best_ask": "0.75"}, {"asset_id": "29053463673522811680375299524803323262593880582155242258068983166323669031422", "price": "0.99", "size": "302.05", "side": "SELL", "hash": "5f88b3db2af866088c99ce63b4834e37f6073116", "best_bid": "0.25", "best_ask": "0.96"}], "timestamp": "1769384629565", "event_type": "price_change"}}
{"_local_timestamp": "2026-01-25T23:43:49.640483+00:00", "data": {"market": "0x567221dda230673346c8a0e83412c9be6e1f39ce12cff5d20c5a7c25b33cf131", "price_changes": [{"asset_id": "7068541760325675640332673498803953203394597119082869263359815314244009614005", "price": "0.02", "size": "38.97", "side": "BUY", "hash": "103ee7e7ecc618d95351e11c130f59e68745e88b", "best_bid": "0.04", "best_ask": "0.97"}, {"asset_id": "28629553319603087335356095663208535636719911979699410834800659282603888578427", "price": "0.98", "size": "38.97", "side": "SELL", "hash": "58cd360503da15aee9f864e41a0959078ad00738", "best_bid": "0.03", "best_ask": "0.96"}], "timestamp": "1769384629564", "event_type": "price_change"}}
{"_local_timestamp": "2026-01-25T23:43:49.640832+00:00", "data": {"market": "0x567221dda230673346c8a0e83412c9be6e1f39ce12cff5d20c5a7c25b33cf131", "price_changes": [{"asset_id": "7068541760325675640332673498803953203394597119082869263359815314244009614005", "price": "0.01", "size": "255.04", "side": "BUY", "hash": "0321b932c754727909d66eb1b385faddfb8d9244", "best_bid": "0.04", "best_ask": "0.97"}, {"asset_id": "28629553319603087335356095663208535636719911979699410834800659282603888578427", "price": "0.99", "size": "255.04", "side": "SELL", "hash": "6f2d0c68bfc9141da540a66e4bacffec7217d017", "best_bid": "0.03", "best_ask": "0.96"}], "timestamp": "1769384629565", "event_type": "price_change"}}
{"_local_timestamp": "2026-01-25T23:43:49.641307+00:00", "data": {"market": "0x2c858fae1ac44abf43861346df9f730bb7fa7d4595bc9651e5f4986b299f8fda", "price_changes": [{"asset_id": "113835913456616656415678421276306005691976347234252749273651760139686058938488", "price": "0.03", "size": "6.78", "side": "BUY", "hash": "1f348021f1318b0f25e070598c4876359df1b91a", "best_bid": "0.04", "best_ask": "0.75"}, {"asset_id": "29053463673522811680375299524803323262593880582155242258068983166323669031422", "price": "0.97", "size": "6.78", "side": "SELL", "hash": "faef92cfade373cd01666925b2cfa65f089cfb86", "best_bid": "0.25", "best_ask": "0.96"}], "timestamp": "1769384629566", "event_type": "price_change"}}
{"_local_timestamp": "2026-01-25T23:45:10.100376+00:00", "data": {"market": "0x2c858fae1ac44abf43861346df9f730bb7fa7d4595bc9651e5f4986b299f8fda", "price_changes": [{"asset_id": "29053463673522811680375299524803323262593880582155242258068983166323669031422", "price": "0.01", "size": "285.94", "side": "BUY", "hash": "89924e56c521a33032e830d0a1519a79f058fae0", "best_bid": "0.25", "best_ask": "0.96"}, {"asset_id": "113835913456616656415678421276306005691976347234252749273651760139686058938488", "price": "0.99", "size": "285.94", "side": "SELL", "hash": "623fdf17d33223ac6e0b5eba8b2dc72be500c776", "best_bid": "0.04", "best_ask": "0.75"}], "timestamp": "1769384710010", "event_type": "price_change"}}
{"_local_timestamp": "2026-01-25T23:45:10.101357+00:00", "data": {"market": "0x2c858fae1ac44abf43861346df9f730bb7fa7d4595bc9651e5f4986b299f8fda", "price_changes": [{"asset_id": "113835913456616656415678421276306005691976347234252749273651760139686058938488", "price": "0.03", "size": "0", "side": "BUY", "hash": "5b962e7311e4fbbcc52db220fe85906f8269a457", "best_bid": "0.04", "best_ask": "0.75"}, {"asset_id": "29053463673522811680375299524803323262593880582155242258068983166323669031422", "price": "0.97", "size": "0", "side": "SELL", "hash": "0411124a6003b525fb0679b99e57f777ed6f09ee", "best_bid": "0.25", "best_ask": "0.96"}], "timestamp": "1769384710010", "event_type": "price_change"}}
{"_local_timestamp": "2026-01-25T23:45:10.933723+00:00", "data": {"market": "0x567221dda230673346c8a0e83412c9be6e1f39ce12cff5d20c5a7c25b33cf131", "price_changes": [{"asset_id": "28629553319603087335356095663208535636719911979699410834800659282603888578427", "price": "0.04", "size": "29.99", "side": "BUY", "hash": "28b1230b8df99e39f7d7d910d8067fa56cbd747e", "best_bid": "0.04", "best_ask": "0.96"}, {"asset_id": "7068541760325675640332673498803953203394597119082869263359815314244009614005", "price": "0.96", "size": "29.99", "side": "SELL", "hash": "43149c4d9003c9ec503e9d9e2c18bdff02d20a2f", "best_bid": "0.04", "best_ask": "0.96"}], "timestamp": "1769384710847", "event_type": "price_change"}}
{"_local_timestamp": "2026-01-25T23:45:11.659000+00:00", "data": {"market": "0x2c858fae1ac44abf43861346df9f730bb7fa7d4595bc9651e5f4986b299f8fda", "price_changes": [{"asset_id": "113835913456616656415678421276306005691976347234252749273651760139686058938488", "price": "0.04", "size": "35.07", "side": "BUY", "hash": "e58fa749d681483a974a70c7328ca76444ce0a20", "best_bid": "0.04", "best_ask": "0.75"}, {"asset_id": "29053463673522811680375299524803323262593880582155242258068983166323669031422", "price": "0.96", "size": "35.07", "side": "SELL", "hash": "622c07a264e83d4a97ef46eba2bbce60ee1be719", "best_bid": "0.25", "best_ask": "0.96"}], "timestamp": "1769384711575", "event_type": "price_change"}}
{"_local_timestamp": "2026-01-25T23:45:11.660888+00:00", "data": {"market": "0x2c858fae1ac44abf43861346df9f730bb7fa7d4595bc9651e5f4986b299f8fda", "price_changes": [{"asset_id": "29053463673522811680375299524803323262593880582155242258068983166323669031422", "price": "0.01", "size": "294.79", "side": "BUY", "hash": "2f24536963220363f28bab7e3d37299205aa42cd", "best_bid": "0.25", "best_ask": "0.96"}, {"asset_id": "113835913456616656415678421276306005691976347234252749273651760139686058938488", "price": "0.99", "size": "294.79", "side": "SELL", "hash": "c46683059f75e6ce8506d73f167192630a607f6e", "best_bid": "0.04", "best_ask": "0.75"}], "timestamp": "1769384711576", "event_type": "price_change"}}
{"_local_timestamp": "2026-01-25T23:45:11.661244+00:00", "data": {"market": "0x2c858fae1ac44abf43861346df9f730bb7fa7d4595bc9651e5f4986b299f8fda", "price_changes": [{"asset_id": "113835913456616656415678421276306005691976347234252749273651760139686058938488", "price": "0.02", "size": "28.8", "side": "BUY", "hash": "92aa4c0b5161ab2e76054e7d222fc85f02afa332", "best_bid": "0.04", "best_ask": "0.75"}, {"asset_id": "29053463673522811680375299524803323262593880582155242258068983166323669031422", "price": "0.98", "size": "28.8", "side": "SELL", "hash": "b17b565ce81f505c579733ae33c23468239ea335", "best_bid": "0.25", "best_ask": "0.96"}], "timestamp": "1769384711577", "event_type": "price_change"}}
{"_local_timestamp": "2026-01-25T23:45:11.894781+00:00", "data": {"market": "0x567221dda230673346c8a0e83412c9be6e1f39ce12cff5d20c5a7c25b33cf131", "price_changes": [{"asset_id": "28629553319603087335356095663208535636719911979699410834800659282603888578427", "price": "0.03", "size": "0", "side": "BUY", "hash": "15abf7b9c03217decefe9e5eeedde84918e08973", "best_bid": "0.04", "best_ask": "0.96"}, {"asset_id": "7068541760325675640332673498803953203394597119082869263359815314244009614005", "price": "0.97", "size": "0", "side": "SELL", "hash": "a9d7dd5ca52ce920147b9408b2442f09ac639bb0", "best_bid": "0.04", "best_ask": "0.96"}], "timestamp": "1769384711810", "event_type": "price_change"}}
{"_local_timestamp": "2026-01-25T23:45:12.363605+00:00", "data": {"market": "0x567221dda230673346c8a0e83412c9be6e1f39ce12cff5d20c5a7c25b33cf131", "price_changes": [{"asset_id": "28629553319603087335356095663208535636719911979699410834800659282603888578427", "price": "0.05", "size": "5.47", "side": "BUY", "hash": "27894ce25fee13078c378ad48c9524ad8a39ab66", "best_bid": "0.05", "best_ask": "0.96"}, {"asset_id": "7068541760325675640332673498803953203394597119082869263359815314244009614005", "price": "0.95", "size": "5.47", "side": "SELL", "hash": "a63ebb9c87e1d6f80cf07013daf6a08eacd71179", "best_bid": "0.04", "best_ask": "0.95"}], "timestamp": "1769384712296", "event_type": "price_change"}}
{"_local_timestamp": "2026-01-25T23:46:47.258868+00:00", "data": {"market": "0x567221dda230673346c8a0e83412c9be6e1f39ce12cff5d20c5a7c25b33cf131", "price_changes": [{"asset_id": "28629553319603087335356095663208535636719911979699410834800659282603888578427", "price": "0.04", "size": "0", "side": "BUY", "hash": "27d6991bd1d7ce7a708f74099a0226cbd265c9ad", "best_bid": "0.05", "best_ask": "0.96"}, {"asset_id": "7068541760325675640332673498803953203394597119082869263359815314244009614005", "price": "0.96", "size": "0", "side": "SELL", "hash": "aafcb0f44555e49d2f03dc513d381d8afd6c36b3", "best_bid": "0.04", "best_ask": "0.95"}], "timestamp": "1769384807193", "event_type": "price_change"}}
{"_local_timestamp": "2026-01-25T23:46:50.075677+00:00", "data": {"market": "0x567221dda230673346c8a0e83412c9be6e1f39ce12cff5d20c5a7c25b33cf131", "price_changes": [{"asset_id": "28629553319603087335356095663208535636719911979699410834800659282603888578427", "price": "0.05", "size": "0", "side": "BUY", "hash": "e33bdf28ff62055c5c2366e5ec96bd13563d2ee8", "best_bid": "0.02", "best_ask": "0.96"}, {"asset_id": "7068541760325675640332673498803953203394597119082869263359815314244009614005", "price": "0.95", "size": "0", "side": "SELL", "hash": "985ef4573a43b2f1b3cb11e2d95c2deb6e724eff", "best_bid": "0.04", "best_ask": "0.98"}], "timestamp": "1769384809945", "event_type": "price_change"}}
{"_local_timestamp": "2026-01-25T23:46:50.354432+00:00", "data": {"market": "0x567221dda230673346c8a0e83412c9be6e1f39ce12cff5d20c5a7c25b33cf131", "price_changes": [{"asset_id": "28629553319603087335356095663208535636719911979699410834800659282603888578427", "price": "0.03", "size": "5.47", "side": "BUY", "hash": "ac9cdd85ff1dfb03d12ecb2a2ababf7c141f7215", "best_bid": "0.03", "best_ask": "0.96"}, {"asset_id": "7068541760325675640332673498803953203394597119082869263359815314244009614005", "price": "0.97", "size": "5.47", "side": "SELL", "hash": "8a6314619edbf7f89450414d83e6eeb2a1c5f076", "best_bid": "0.04", "best_ask": "0.97"}], "timestamp": "1769384810266", "event_type": "price_change"}}
