{"_local_timestamp": "2026-01-25T23:34:17.117287+00:00", "data": [{"market": "0xfa53d2e3a1f651bdcfb69d2a46efabfff6b1f159d7ab10641d8f0933ae8ccc0d", "asset_id": "101890271092854890094346819824912363494525966066390106137797975580599026158813", "timestamp": "1769383984452", "hash": "8c076dbbf9f2e2063c3b1c19837cc7628d7275d1", "bids": [{"price": "0.01", "size": "7189.62"}, {"price": "0.02", "size": "4157.32"}, {"price": "0.03", "size": "10186.25"}, {"price": "0.45", "size": "1390.11"}, {"price": "0.46", "size": "890.11"}], "asks": [{"price": "0.99", "size": "7184.26"}, {"price": "0.98", "size": "4162.33"}, {"price": "0.97", "size": "10156.43"}, {"price": "0.96", "size": "21.2"}, {"price": "0.55", "size": "1390.11"}, {"price": "0.54", "size": "890.11"}], "event_type": "book", "last_trade_price": ""}, {"market": "0xb2552d4784f0b3421fb2a69f431543e3a2931f639df9e52d3a04720ea7f48c1a", "asset_id": "107303516264285108326917474520431991405152085601962135841784701661490623705562", "timestamp": "1769383886055", "hash": "0881050c965b7416a245680d1fc9156de893cea3", "bids": [{"price": "0.01", "size": "99.08"}, {"price": "0.02", "size": "25"}, {"price": "0.05", "size": "11.65"}], "asks": [{"price": "0.99", "size": "101.38"}, {"price": "0.98", "size": "29.05"}, {"price": "0.97", "size": "39.99"}], "event_type": "book", "last_trade_price": ""}, {"market": "0xf544917e991c7d1772a74e3ea6d7dc67b49847c6f91b3bfa9c7428c484c31dd7", "asset_id": "35243710523421237480547047913274220852914151579602922675824756502637383913435", "timestamp": "1769383984217", "hash": "293de11357208c816f554f9f1a4189489154b368", "bids": [{"price": "0.01", "size": "7189.62"}, {"price": "0.02", "size": "4157.32"}, {"price": "0.03", "size": "10186.25"}, {"price": "0.45", "size": "1390.11"}, {"price": "0.46", "size": "890.11"}], "asks": [{"price": "0.99", "size": "7189.62"}, {"price": "0.98", "size": "4157.32"}, {"price": "0.97", "size": "4163.36"}, {"price": "0.89", "size": "6.48"}, {"price": "0.55", "size": "1390.11"}, {"price": "0.54", "size": "890.11"}], "event_type": "book", "last_trade_price": ""}, {"market": "0x7a29c976888ecc36335c3e6d2a9366037426bdaf59574d13364434943dbb0f77", "asset_id": "108488367160089264459928407539818819688470919024979293305546329467409018867461", "timestamp": "1769383984454", "hash": "be25506231ad560f5e4343f992138d8cd7f16691", "bids": [{"price": "0.01", "size": "8029.68"}, {"price": "0.02", "size": "5047.43"}, {"price": "0.03", "size": "5077.27"}, {"price": "0.47", "size": "500"}], "asks": [{"price": "0.99", "size": "7139.74"}, {"price": "0.98", "size": "4157.32"}, {"price": "0.97", "size": "10186.21"}, {"price": "0.57", "size": "1390.11"}, {"price": "0.56", "size": "890.11"}], "event_type": "book", "last_trade_price": ""}, {"market": "0x41e676475f5443148f819112698fe64ab9b5c4398cdd01ae62be9644b039619c", "asset_id": "40295292119422825317656619334014562354277258517508345565206065520988244974994", "timestamp": "1769384047137", "hash": "a2118022a7abb4515b191a0ad0a5151d00cd64de", "bids": [{"price": "0.01", "size": "8793.43"}, {"price": "0.02", "size": "2100"}, {"price": "0.04", "size": "7.04"}, {"price": "0.07", "size": "1700"}, {"price": "0.08", "size": "4257.32"}, {"price": "0.09", "size": "600"}, {"price": "0.11", "size": "5.22"}, {"price": "0.15", "size": "300"}, {"price": "0.45", "size": "1890.11"}, {"price": "0.46", "size": "890.11"}, {"price": "0.47", "size": "50"}], "asks": [{"price": "0.99", "size": "8784.76"}, {"price": "0.98", "size": "2105.25"}, {"price": "0.96", "size": "5.23"}, {"price": "0.93", "size": "1700"}, {"price": "0.92", "size": "4157.32"}, {"price": "0.9", "size": "6.29"}, {"price": "0.87", "size": "500"}, {"price": "0.86", "size": "500"}, {"price": "0.74", "size": "10"}, {"price": "0.68", "size": "50"}, {"price": "0.67", "size": "50"}, {"price": "0.55", "size": "1890.11"}, {"price": "0.54", "size": "890.11"}], "event_type": "book", "last_trade_price": "0.500"}, {"market": "0xf544917e991c7d1772a74e3ea6d7dc67b49847c6f91b3bfa9c7428c484c31dd7", "asset_id": "59013604035648218239037099649030817562756712675780489445053355265591622624989", "timestamp": "1769383984217", "hash": "6652a678935e8ad80bf89008305dc0487ddf7fb8", "bids": [{"price": "0.01", "size": "7189.62"}, {"price": "0.02", "size": "4157.32"}, {"price": "0.03", "size": "4163.36"}, {"price": "0.11", "size": "6.48"}, {"price": "0.45", "size": "1390.11"}, {"price": "0.46", "size": "890.11"}], "asks": [{"price": "0.99", "size": "7189.62"}, {"price": "0.98", "size": "4157.32"}, {"price": "0.97", "size": "10186.25"}, {"price": "0.55", "size": "1390.11"}, {"price": "0.54", "size": "890.11"}], "event_type": "book", "last_trade_price": ""}, {"market": "0xb2552d4784f0b3421fb2a69f431543e3a2931f639df9e52d3a04720ea7f48c1a", "asset_id": "23447874105490494468738390137736347630936046274749411644469630640277058468782", "timestamp": "1769383886055", "hash": "c2b400caa8a4d61e03c142f2fe5263cb954bd8c2", "bids": [{"price": "0.01", "size": "101.38"}, {"price": "0.02", "size": "29.05"}, {"price": "0.03", "size": "39.99"}], "asks": [{"price": "0.99", "size": "99.08"}, {"price": "0.98", "size": "25"}, {"price": "0.95", "size": "11.65"}], "event_type": "book", "last_trade_price": ""}, {"market": "0x7a29c976888ecc36335c3e6d2a9366037426bdaf59574d13364434943dbb0f77", "asset_id": "77280671965329416032643313844265707884250720599607137138260675662614956630897", "timestamp": "1769383984454", "hash": "efa8b4ea2123cbba06d5d9ddfed06e5d8151438d", "bids": [{"price": "0.01", "size": "7139.74"}, {"price": "0.02", "size": "4157.32"}, {"price": "0.03", "size": "10186.21"}, {"price": "0.43", "size": "1390.11"}, {"price": "0.44", "size": "890.11"}], "asks": [{"price": "0.99", "size": "8029.68"}, {"price": "0.98", "size": "5047.43"}, {"price": "0.97", "size": "5077.27"}, {"price": "0.53", "size": "500"}], "event_type": "book", "last_trade_price": ""}, {"market": "0xfa53d2e3a1f651bdcfb69d2a46efabfff6b1f159d7ab10641d8f0933ae8ccc0d", "asset_id": "75149159500838716178626703697063072306296312308004968642067763750994677566791", "timestamp": "1769383984452", "hash": "78519f8d193e7ab516ce781ca5a39fe8d5c70f0e", "bids": [{"price": "0.01", "size": "7184.26"}, {"price": "0.02", "size": "4162.33"}, {"price": "0.03", "size": "10156.43"}, {"price": "0.04", "size": "21.2"}, {"price": "0.45", "size": "1390.11"}, {"price": "0.46", "size": "890.11"}], "asks": [{"price": "0.99", "size": "7189.62"}, {"price": "0.98", "size": "4157.32"}, {"price": "0.97", "size": "10186.25"}, {"price": "0.55", "size": "1390.11"}, {"price": "0.54", "size": "890.11"}], "event_type": "book", "last_trade_price": ""}, {"market": "0x41e676475f5443148f819112698fe64ab9b5c4398cdd01ae62be9644b039619c", "asset_id": "41374281767922630652293101318237675085529725714286293399622247633277038601569", "timestamp": "1769384047137", "hash": "a06d2f6d81b86f5b7cdbf7b0d85fc3d234272031", "bids": [{"price": "0.01", "size": "8784.76"}, {"price": "0.02", "size": "2105.25"}, {"price": "0.04", "size": "5.23"}, {"price": "0.07", "size": "1700"}, {"price": "0.08", "size": "4157.32"}, {"price": "0.1", "size": "6.29"}, {"price": "0.13", "size": "500"}, {"price": "0.14", "size": "500"}, {"price": "0.26", "size": "10"}, {"price": "0.32", "size": "50"}, {"price": "0.33", "size": "50"}, {"price": "0.45", "size": "1890.11"}, {"price": "0.46", "size": "890.11"}], "asks": [{"price": "0.99", "size": "8793.43"}, {"price": "0.98", "size": "2100"}, {"price": "0.96", "size": "7.04"}, {"price": "0.93", "size": "1700"}, {"price": "0.92", "size": "4257.32"}, {"price": "0.91", "size": "600"}, {"price": "0.89", "size": "5.22"}, {"price": "0.85", "size": "300"}, {"price": "0.55", "size": "1890.11"}, {"price": "0.54", "size": "890.11"}, {"price": "0.53", "size": "50"}], "event_type": "book", "last_trade_price": "0.500"}]}
{"_local_timestamp": "2026-01-25T23:34:21.621424+00:00", "data": {"market": "0x41e676475f5443148f819112698fe64ab9b5c4398cdd01ae62be9644b039619c", "price_changes": [{"asset_id": "41374281767922630652293101318237675085529725714286293399622247633277038601569", "price": "0.13", "size": "400", "side": "BUY", "hash": "3f3f36c099b21f6e874f436167fef96d170f12c5", "best_bid": "0.46", "best_ask": "0.53"}, {"asset_id": "40295292119422825317656619334014562354277258517508345565206065520988244974994", "price": "0.87", "size": "400", "side": "SELL", "hash": "94e1d328af8b9913eb3eb9aa2cf7b20ec2f3098f", "best_bid": "0.47", "best_ask": "0.54"}], "timestamp": "1769384061552", "event_type": "price_change"}}
{"_local_timestamp": "2026-01-25T23:34:21.624795+00:00", "data": {"market": "0x41e676475f5443148f819112698fe64ab9b5c4398cdd01ae62be9644b039619c", "price_changes": [{"asset_id": "40295292119422825317656619334014562354277258517508345565206065520988244974994", "price": "0.08", "size": "4157.32", "side": "BUY", "hash": "0aaea5e30316aa7eb140538dd1f7ff6cb0a5e090", "best_bid": "0.47", "best_ask": "0.54"}, {"asset_id": "41374281767922630652293101318237675085529725714286293399622247633277038601569", "price": "0.92", "size": "4157.32", "side": "SELL", "hash": "4dc3cc2b6b4eb13f39e25f0d0e248c0402547853", "best_bid": "0.46", "best_ask": "0.53"}], "timestamp": "1769384061552", "event_type": "price_change"}}
{"_local_timestamp": "2026-01-25T23:34:21.672188+00:00", "data": {"market": "0x41e676475f5443148f819112698fe64ab9b5c4398cdd01ae62be9644b039619c", "price_changes": [{"asset_id": "40295292119422825317656619334014562354277258517508345565206065520988244974994", "price": "0.08", "size": "0", "side": "BUY", "hash": "28dfdd91b77e5e5958c9adce07912842098f4b6a", "best_bid": "0.47", "best_ask": "0.54"}, {"asset_id": "41374281767922630652293101318237675085529725714286293399622247633277038601569", "price": "0.92", "size": "0", "side": "SELL", "hash": "87ae799c77920fdaa44547f217cc045ed2a395f0", "best_bid": "0.46", "best_ask": "0.53"}], "timestamp": "1769384061602", "event_type": "price_change"}}
{"_local_timestamp": "2026-01-25T23:34:21.696246+00:00", "data": {"market": "0x41e676475f5443148f819112698fe64ab9b5c4398cdd01ae62be9644b039619c", "price_changes": [{"asset_id": "40295292119422825317656619334014562354277258517508345565206065520988244974994", "price": "0.1", "size": "890.11", "side": "BUY", "hash": "8a3f14430d3850bd44969ec5b0965cea5cc08351", "best_bid": "0.47", "best_ask": "0.54"}, {"asset_id": "41374281767922630652293101318237675085529725714286293399622247633277038601569", "price": "0.9", "size": "890.11", "side": "SELL", "hash": "208c2693dab3a06a24bb601c8dcc781aea4eb719", "best_bid": "0.46", "best_ask": "0.53"}], "timestamp": "1769384061625", "event_type": "price_change"}}
{"_local_timestamp": "2026-01-25T23:34:21.697225+00:00", "data": {"market": "0x41e676475f5443148f819112698fe64ab9b5c4398cdd01ae62be9644b039619c", "price_changes": [{"asset_id": "40295292119422825317656619334014562354277258517508345565206065520988244974994", "price": "0.1", "size": "2160.21", "side": "BUY", "hash": "bdfd7fd6a84e6b3b432f9de09c70568c6d281758", "best_bid": "0.47", "best_ask": "0.54"}, {"asset_id": "41374281767922630652293101318237675085529725714286293399622247633277038601569", "price": "0.9", "size": "2160.21", "side": "SELL", "hash": "46e30e1b120acdfb092daa9ab80e4937f8572730", "best_bid": "0.46", "best_ask": "0.53"}], "timestamp": "1769384061626", "event_type": "price_change"}}
{"_local_timestamp": "2026-01-25T23:34:21.745349+00:00", "data": {"market": "0x41e676475f5443148f819112698fe64ab9b5c4398cdd01ae62be9644b039619c", "price_changes": [{"asset_id": "40295292119422825317656619334014562354277258517508345565206065520988244974994", "price": "0.1", "size": "4157.32", "side": "BUY", "hash": "c686e34b07c5f97a517d086443ba34eb65b9287b", "best_bid": "0.47", "best_ask": "0.54"}, {"asset_id": "41374281767922630652293101318237675085529725714286293399622247633277038601569", "price": "0.9", "size": "4157.32", "side": "SELL", "hash": "777af583ef48499a5b76b2e3e1ff6c6671681d64", "best_bid": "0.46", "best_ask": "0.53"}], "timestamp": "1769384061663", "event_type": "price_change"}}
{"_local_timestamp": "2026-01-25T23:34:21.912765+00:00", "data": {"market": "0x41e676475f5443148f819112698fe64ab9b5c4398cdd01ae62be9644b039619c", "price_changes": [{"asset_id": "40295292119422825317656619334014562354277258517508345565206065520988244974994", "price": "0.09", "size": "700", "side": "BUY", "hash": "6c323a1d001172f2f2e3079e1d4e6ccb4297a60b", "best_bid": "0.47", "best_ask": "0.54"}, {"asset_id": "41374281767922630652293101318237675085529725714286293399622247633277038601569", "price": "0.91", "size": "700", "side": "SELL", "hash": "61d0ae79c1edcaa468d57fba9fbcc640af7487b0", "best_bid": "0.46", "best_ask": "0.53"}], "timestamp": "1769384061838", "event_type": "price_change"}}
{"_local_timestamp": "2026-01-25T23:34:21.913369+00:00", "data": {"market": "0x41e676475f5443148f819112698fe64ab9b5c4398cdd01ae62be9644b039619c", "price_changes": [{"asset_id": "41374281767922630652293101318237675085529725714286293399622247633277038601569", "price": "0.14", "size": "600", "side": "BUY", "hash": "f3a285fe4b9608f2c8ed4b6f93056c37ddebc757", "best_bid": "0.46", "best_ask": "0.53"}, {"asset_id": "40295292119422825317656619334014562354277258517508345565206065520988244974994", "price": "0.86", "size": "600", "side": "SELL", "hash": "5c61c88b20c15ef80197b4926feb0ccd69ef8c40", "best_bid": "0.47", "best_ask": "0.54"}], "timestamp": "1769384061839", "event_type": "price_change"}}
{"_local_timestamp": "2026-01-25T23:34:24.077244+00:00", "data": {"market": "0xfa53d2e3a1f651bdcfb69d2a46efabfff6b1f159d7ab10641d8f0933ae8ccc0d", "price_changes": [{"asset_id": "75149159500838716178626703697063072306296312308004968642067763750994677566791", "price": "0.45", "size": "890.11", "side": "BUY", "hash": "58faa1a0c21ae568512b9c1ee563a97ef73e0b85", "best_bid": "0.46", "best_ask": "0.54"}, {"asset_id": "101890271092854890094346819824912363494525966066390106137797975580599026158813", "price": "0.55", "size": "890.11", "side": "SELL", "hash": "dd58d6b49ffc4d07a13c6f58d34e3eb5878f9b43", "best_bid": "0.46", "best_ask": "0.54"}], "timestamp": "1769384064000", "event_type": "price_change"}}
{"_local_timestamp": "2026-01-25T23:34:24.077749+00:00", "data": {"market": "0x41e676475f5443148f819112698fe64ab9b5c4398cdd01ae62be9644b039619c", "price_changes": [{"asset_id": "40295292119422825317656619334014562354277258517508345565206065520988244974994", "price": "0.45", "size": "890.11", "side": "BUY", "hash": "d5678a1d7344f398b681da28567b9e4787c51961", "best_bid": "0.47", "best_ask": "0.54"}, {"asset_id": "41374281767922630652293101318237675085529725714286293399622247633277038601569", "price": "0.55", "size": "890.11", "side": "SELL", "hash": "d337a9fe196193a4eb0f7791c6d50ec2ea3e5f78", "best_bid": "0.46", "best_ask": "0.53"}], "timestamp": "1769384064000", "event_type": "price_change"}}
{"_local_timestamp": "2026-01-25T23:34:24.078119+00:00", "data": {"market": "0xfa53d2e3a1f651bdcfb69d2a46efabfff6b1f159d7ab10641d8f0933ae8ccc0d", "price_changes": [{"asset_id": "101890271092854890094346819824912363494525966066390106137797975580599026158813", "price": "0.45", "size": "890.11", "side": "BUY", "hash": "e6eae406d282b066fa8b606b695b176d9a53fc0a", "best_bid": "0.46", "best_ask": "0.54"}, {"asset_id": "75149159500838716178626703697063072306296312308004968642067763750994677566791", "price": "0.55", "size": "890.11", "side": "SELL", "hash": "f7ee56b1fd82a12b7b28a32fac62b7bd8ab42b28", "best_bid": "0.46", "best_ask": "0.54"}], "timestamp": "1769384064000", "event_type": "price_change"}}
{"_local_timestamp": "2026-01-25T23:34:24.078844+00:00", "data": {"market": "0xf544917e991c7d1772a74e3ea6d7dc67b49847c6f91b3bfa9c7428c484c31dd7", "price_changes": [{"asset_id": "35243710523421237480547047913274220852914151579602922675824756502637383913435", "price": "0.45", "size": "890.11", "side": "BUY", "hash": "3ac3ccf9d4ff4001a187e2f31a7a467bdfac46f4", "best_bid": "0.46", "best_ask": "0.54"}, {"asset_id": "59013604035648218239037099649030817562756712675780489445053355265591622624989", "price": "0.55", "size": "890.11", "side": "SELL", "hash": "3d427e6422f07fa373c3ce74008987af5784003f", "best_bid": "0.46", "best_ask": "0.54"}], "timestamp": "1769384064000", "event_type": "price_change"}}
{"_local_timestamp": "2026-01-25T23:34:24.080137+00:00", "data": {"market": "0x7a29c976888ecc36335c3e6d2a9366037426bdaf59574d13364434943dbb0f77", "price_changes": [{"asset_id": "108488367160089264459928407539818819688470919024979293305546329467409018867461", "price": "0.47", "size": "0", "side": "BUY", "hash": "e8f1212a8207b86045262c2e7817091abbb92968", "best_bid": "0.03", "best_ask": "0.56"}, {"asset_id": "77280671965329416032643313844265707884250720599607137138260675662614956630897", "price": "0.53", "size": "0", "side": "SELL", "hash": "4bc3247ca1816423ea0c6eabb94dd4639acf7dfc", "best_bid": "0.44", "best_ask": "0.97"}], "timestamp": "1769384064001", "event_type": "price_change"}}
{"_local_timestamp": "2026-01-25T23:34:24.081576+00:00", "data": {"market": "0xf544917e991c7d1772a74e3ea6d7dc67b49847c6f91b3bfa9c7428c484c31dd7", "price_changes": [{"asset_id": "59013604035648218239037099649030817562756712675780489445053355265591622624989", "price": "0.45", "size": "890.11", "side": "BUY", "hash": "22b7f9d7cee211cf15a4d4efeaf21167fe90ef79", "best_bid": "0.46", "best_ask": "0.54"}, {"asset_id": "35243710523421237480547047913274220852914151579602922675824756502637383913435", "price": "0.55", "size": "890.11", "side": "SELL", "hash": "313fdde249fececf158b833d29dd79f09904fb54", "best_bid": "0.46", "best_ask": "0.54"}], "timestamp": "1769384064001", "event_type": "price_change"}}
{"_local_timestamp": "2026-01-25T23:34:24.090974+00:00", "data": {"market": "0x41e676475f5443148f819112698fe64ab9b5c4398cdd01ae62be9644b039619c", "price_changes": [{"asset_id": "41374281767922630652293101318237675085529725714286293399622247633277038601569", "price": "0.45", "size": "890.11", "side": "BUY", "hash": "b1dda961a45359ae12b0cae8b0ba2b358b6a7655", "best_bid": "0.46", "best_ask": "0.53"}, {"asset_id": "40295292119422825317656619334014562354277258517508345565206065520988244974994", "price": "0.55", "size": "890.11", "side": "SELL", "hash": "e6f36b7436edf63dbff8565a24b1ea0f89b3871b", "best_bid": "0.47", "best_ask": "0.54"}], "timestamp": "1769384064002", "event_type": "price_change"}}
{"_local_timestamp": "2026-01-25T23:34:24.092053+00:00", "data": {"market": "0x7a29c976888ecc36335c3e6d2a9366037426bdaf59574d13364434943dbb0f77", "price_changes": [{"asset_id": "77280671965329416032643313844265707884250720599607137138260675662614956630897", "price": "0.43", "size": "890.11", "side": "BUY", "hash": "51827fbc0fa0a245cdfda78161ce68c24dcdf103", "best_bid": "0.44", "best_ask": "0.97"}, {"asset_id": "108488367160089264459928407539818819688470919024979293305546329467409018867461", "price": "0.57", "size": "890.11", "side": "SELL", "hash": "11f5900dbb4acfd132efc69204967efeda6287ed", "best_bid": "0.03", "best_ask": "0.56"}], "timestamp": "1769384064003", "event_type": "price_change"}}
{"_local_timestamp": "2026-01-25T23:34:24.121310+00:00", "data": {"market": "0xfa53d2e3a1f651bdcfb69d2a46efabfff6b1f159d7ab10641d8f0933ae8ccc0d", "price_changes": [{"asset_id": "75149159500838716178626703697063072306296312308004968642067763750994677566791", "price": "0.03", "size": "0", "side": "BUY", "hash": "d3b8e31712577e5f861b67f7d032fea8be0da577", "best_bid": "0.46", "best_ask": "0.54"}, {"asset_id": "101890271092854890094346819824912363494525966066390106137797975580599026158813", "price": "0.97", "size": "0", "side": "SELL", "hash": "2071882c70cb0b2aeaefb2ae3ed07b1aa22fb4f8", "best_bid": "0.46", "best_ask": "0.54"}], "timestamp": "1769384064047", "event_type": "price_change"}}
{"_local_timestamp": "2026-01-25T23:34:24.122128+00:00", "data": {"market": "0xfa53d2e3a1f651bdcfb69d2a46efabfff6b1f159d7ab10641d8f0933ae8ccc0d", "price_changes": [{"asset_id": "101890271092854890094346819824912363494525966066390106137797975580599026158813", "price": "0.03", "size": "29.82", "side": "BUY", "hash": "9849ab82eebee21f5ee79a7d14a1bb9c6d800ac4", "best_bid": "0.46", "best_ask": "0.54"}, {"asset_id": "75149159500838716178626703697063072306296312308004968642067763750994677566791", "price": "0.97", "size": "29.82", "side": "SELL", "hash": "e3887e4284b31843eea1e4c3fe17bfc87e41d291", "best_bid": "0.46", "best_ask": "0.54"}], "timestamp": "1769384064048", "event_type": "price_change"}}
{"_local_timestamp": "2026-01-25T23:34:24.203654+00:00", "data": {"market": "0xfa53d2e3a1f651bdcfb69d2a46efabfff6b1f159d7ab10641d8f0933ae8ccc0d", "price_changes": [{"asset_id": "75149159500838716178626703697063072306296312308004968642067763750994677566791", "price": "0.02", "size": "5052.44", "side": "BUY", "hash": "3fff3c88d2be6007e8a8782e1f37dd221884d8bb", "best_bid": "0.46", "best_ask": "0.54"}, {"asset_id": "101890271092854890094346819824912363494525966066390106137797975580599026158813", "price": "0.98", "size": "5052.44", "side": "SELL", "hash": "c978708e01f049e4450a605364e67001d2e2f4fa", "best_bid": "0.46", "best_ask": "0.54"}], "timestamp": "1769384064078", "event_type": "price_change"}}
{"_local_timestamp": "2026-01-25T23:34:24.204186+00:00", "data": {"market": "0xfa53d2e3a1f651bdcfb69d2a46efabfff6b1f159d7ab10641d8f0933ae8ccc0d", "price_changes": [{"asset_id": "75149159500838716178626703697063072306296312308004968642067763750994677566791", "price": "0.01", "size": "8074.37", "side": "BUY", "hash": "33ae11dd7b347da2114261cb4a6280f57f2faa48", "best_bid": "0.46", "best_ask": "0.54"}, {"asset_id": "101890271092854890094346819824912363494525966066390106137797975580599026158813", "price": "0.99", "size": "8074.37", "side": "SELL", "hash": "14bf2fb410b3d20d1aaa3ad5663801138d4e51a9", "best_bid": "0.46", "best_ask": "0.54"}], "timestamp": "1769384064079", "event_type": "price_change"}}
{"_local_timestamp": "2026-01-25T23:34:24.204566+00:00", "data": {"market": "0xfa53d2e3a1f651bdcfb69d2a46efabfff6b1f159d7ab10641d8f0933ae8ccc0d", "price_changes": [{"asset_id": "101890271092854890094346819824912363494525966066390106137797975580599026158813", "price": "0.04", "size": "890.11", "side": "BUY", "hash": "1aba2efba60f83b597040d7fa975ddc4bce98cc2", "best_bid": "0.46", "best_ask": "0.54"}, {"asset_id": "75149159500838716178626703697063072306296312308004968642067763750994677566791", "price": "0.96", "size": "890.11", "side": "SELL", "hash": "94187e8ccb387dd789a01b992f168ac357e8ee36", "best_bid": "0.46", "best_ask": "0.54"}], "timestamp": "1769384064080", "event_type": "price_change"}}
{"_local_timestamp": "2026-01-25T23:34:24.204972+00:00", "data": {"market": "0xfa53d2e3a1f651bdcfb69d2a46efabfff6b1f159d7ab10641d8f0933ae8ccc0d", "price_changes": [{"asset_id": "75149159500838716178626703697063072306296312308004968642067763750994677566791", "price": "0.04", "size": "911.31", "side": "BUY", "hash": "7265b959cd0172b51a968e7eb15732e9abeb0917", "best_bid": "0.46", "best_ask": "0.54"}, {"asset_id": "101890271092854890094346819824912363494525966066390106137797975580599026158813", "price": "0.96", "size": "911.31", "side": "SELL", "hash": "25544b5b14faa9762b4f5fd2307e73f1c1d53cca", "best_bid": "0.46", "best_ask": "0.54"}], "timestamp": "1769384064080", "event_type": "price_change"}}
{"_local_timestamp": "2026-01-25T23:34:24.205321+00:00", "data": {"market": "0xfa53d2e3a1f651bdcfb69d2a46efabfff6b1f159d7ab10641d8f0933ae8ccc0d", "price_changes": [{"asset_id": "101890271092854890094346819824912363494525966066390106137797975580599026158813", "price": "0.04", "size": "6889.22", "side": "BUY", "hash": "f199eb0f26ac136d5ca305b5d7b4645791b41bb4", "best_bid": "0.46", "best_ask": "0.54"}, {"asset_id": "75149159500838716178626703697063072306296312308004968642067763750994677566791", "price": "0.96", "size": "6889.22", "side": "SELL", "hash": "22063cce50a9686347b62f9223bbd0dc0a2bb4bc", "best_bid": "0.46", "best_ask": "0.54"}], "timestamp": "1769384064081", "event_type": "price_change"}}
{"_local_timestamp": "2026-01-25T23:34:24.235603+00:00", "data": {"market": "0xfa53d2e3a1f651bdcfb69d2a46efabfff6b1f159d7ab10641d8f0933ae8ccc0d", "price_changes": [{"asset_id": "75149159500838716178626703697063072306296312308004968642067763750994677566791", "price": "0.04", "size": "2908.42", "side": "BUY", "hash": "2296bfdcf6936176702bf6ed1be8d440f5f38945", "best_bid": "0.46", "best_ask": "0.54"}, {"asset_id": "101890271092854890094346819824912363494525966066390106137797975580599026158813", "price": "0.96", "size": "2908.42", "side": "SELL", "hash": "ffc5aabb7331b48f0cabebd7267bac51d3a20e12", "best_bid": "0.46", "best_ask": "0.54"}], "timestamp": "1769384064143", "event_type": "price_change"}}
{"_local_timestamp": "2026-01-25T23:34:24.236066+00:00", "data": {"market": "0x41e676475f5443148f819112698fe64ab9b5c4398cdd01ae62be9644b039619c", "price_changes": [{"asset_id": "40295292119422825317656619334014562354277258517508345565206065520988244974994", "price": "0.15", "size": "1190.11", "side": "BUY", "hash": "07fe7d26e9ed199ad32d3e933e62970551e087ec", "best_bid": "0.47", "best_ask": "0.54"}, {"asset_id": "41374281767922630652293101318237675085529725714286293399622247633277038601569", "price": "0.85", "size": "1190.11", "side": "SELL", "hash": "7e8e064b7a9b178cd2fbf18348ca5d008a66c43a", "best_bid": "0.46", "best_ask": "0.53"}], "timestamp": "1769384064143", "event_type": "price_change"}}
{"_local_timestamp": "2026-01-25T23:34:24.236438+00:00", "data": {"market": "0x41e676475f5443148f819112698fe64ab9b5c4398cdd01ae62be9644b039619c", "price_changes": [{"asset_id": "40295292119422825317656619334014562354277258517508345565206065520988244974994", "price": "0.16", "size": "890.11", "side": "BUY", "hash": "70e7cf52dee66bf53eb236d6a5ca863207e8ba90", "best_bid": "0.47", "best_ask": "0.54"}, {"asset_id": "41374281767922630652293101318237675085529725714286293399622247633277038601569", "price": "0.84", "size": "890.11", "side": "SELL", "hash": "e9c0e0bd7649066cb4edec1e4d9d7c537e2980c3", "best_bid": "0.46", "best_ask": "0.53"}], "timestamp": "1769384064143", "event_type": "price_change"}}
{"_local_timestamp": "2026-01-25T23:34:24.236948+00:00", "data": {"market": "0xfa53d2e3a1f651bdcfb69d2a46efabfff6b1f159d7ab10641d8f0933ae8ccc0d", "price_changes": [{"asset_id": "75149159500838716178626703697063072306296312308004968642067763750994677566791", "price": "0.04", "size": "8907.53", "side": "BUY", "hash": "573adbc31b01cb76c09c0554ce3d3a43e8e3ed55", "best_bid": "0.46", "best_ask": "0.54"}, {"asset_id": "101890271092854890094346819824912363494525966066390106137797975580599026158813", "price": "0.96", "size": "8907.53", "side": "SELL", "hash": "f3311332a8843a14d3988c09f207c01e5792b934", "best_bid": "0.46", "best_ask": "0.54"}], "timestamp": "1769384064143", "event_type": "price_change"}}
{"_local_timestamp": "2026-01-25T23:34:24.237393+00:00", "data": {"market": "0xfa53d2e3a1f651bdcfb69d2a46efabfff6b1f159d7ab10641d8f0933ae8ccc0d", "price_changes": [{"asset_id": "75149159500838716178626703697063072306296312308004968642067763750994677566791", "price": "0.04", "size": "10177.63", "side": "BUY", "hash": "f7e94281ef7700a0d91132819507c41c2c0fe15b", "best_bid": "0.46", "best_ask": "0.54"}, {"asset_id": "101890271092854890094346819824912363494525966066390106137797975580599026158813", "price": "0.96", "size": "10177.63", "side": "SELL", "hash": "04b730569f873582eec57da66de4d7a9114aedcb", "best_bid": "0.46", "best_ask": "0.54"}], "timestamp": "1769384064144", "event_type": "price_change"}}
{"_local_timestamp": "2026-01-25T23:34:24.237745+00:00", "data": {"market": "0xfa53d2e3a1f651bdcfb69d2a46efabfff6b1f159d7ab10641d8f0933ae8ccc0d", "price_changes": [{"asset_id": "101890271092854890094346819824912363494525966066390106137797975580599026158813", "price": "0.04", "size": "8886.33", "side": "BUY", "hash": "6713dee9a7c5a8bbc466c0a630e8e21895e526af", "best_bid": "0.46", "best_ask": "0.54"}, {"asset_id": "75149159500838716178626703697063072306296312308004968642067763750994677566791", "price": "0.96", "size": "8886.33", "side": "SELL", "hash": "07afa7acec7624ca71fbf927869277f5280ab1e3", "best_bid": "0.46", "best_ask": "0.54"}], "timestamp": "1769384064145", "event_type": "price_change"}}
{"_local_timestamp": "2026-01-25T23:34:24.238235+00:00", "data": {"market": "0xfa53d2e3a1f651bdcfb69d2a46efabfff6b1f159d7ab10641d8f0933ae8ccc0d", "price_changes": [{"asset_id": "101890271092854890094346819824912363494525966066390106137797975580599026158813", "price": "0.04", "size": "10156.43", "side": "BUY", "hash": "fc96719c1dfe12fd9b781db5633655fc0cdfcf06", "best_bid": "0.46", "best_ask": "0.54"}, {"asset_id": "75149159500838716178626703697063072306296312308004968642067763750994677566791", "price": "0.96", "size": "10156.43", "side": "SELL", "hash": "750ff995cd0d2477caa37993128d58c7c98d77d8", "best_bid": "0.46", "best_ask": "0.54"}], "timestamp": "1769384064146", "event_type": "price_change"}}
{"_local_timestamp": "2026-01-25T23:34:24.238690+00:00", "data": {"market": "0xf544917e991c7d1772a74e3ea6d7dc67b49847c6f91b3bfa9c7428c484c31dd7", "price_changes": [{"asset_id": "59013604035648218239037099649030817562756712675780489445053355265591622624989", "price": "0.03", "size": "6.04", "side": "BUY", "hash": "0e2f52ff2b619f5ce61e5e2e2929e8c86ae14323", "best_bid": "0.46", "best_ask": "0.54"}, {"asset_id": "35243710523421237480547047913274220852914151579602922675824756502637383913435", "price": "0.97", "size": "6.04", "side": "SELL", "hash": "4ae621cd9420302005e5239ab30b697ff8ce37e8", "best_bid": "0.46", "best_ask": "0.54"}], "timestamp": "1769384064156", "event_type": "price_change"}}
{"_local_timestamp": "2026-01-25T23:34:24.239110+00:00", "data": {"market": "0x7a29c976888ecc36335c3e6d2a9366037426bdaf59574d13364434943dbb0f77", "price_changes": [{"asset_id": "108488367160089264459928407539818819688470919024979293305546329467409018867461", "price": "0.03", "size": "2190.05", "side": "BUY", "hash": "be75f78bb1d24e67982ceae0c658b07dc1c7ab10", "best_bid": "0.03", "best_ask": "0.56"}, {"asset_id": "77280671965329416032643313844265707884250720599607137138260675662614956630897", "price": "0.97", "size": "2190.05", "side": "SELL", "hash": "b2a4ffe9e099d290da212d5770cff7d7537978c0", "best_bid": "0.44", "best_ask": "0.97"}], "timestamp": "1769384064156", "event_type": "price_change"}}
{"_local_timestamp": "2026-01-25T23:34:24.239855+00:00", "data": {"market": "0xf544917e991c7d1772a74e3ea6d7dc67b49847c6f91b3bfa9c7428c484c31dd7", "price_changes": [{"asset_id": "35243710523421237480547047913274220852914151579602922675824756502637383913435", "price": "0.03", "size": "29.82", "side": "BUY", "hash": "a0fd7f2d9cbafa2a42023341d41b8ca8ce4250ae", "best_bid": "0.46", "best_ask": "0.54"}, {"asset_id": "59013604035648218239037099649030817562756712675780489445053355265591622624989", "price": "0.97", "size": "29.82", "side": "SELL", "hash": "f07c378183151701030a4a74585086f37e32bf9e", "best_bid": "0.46", "best_ask": "0.54"}], "timestamp": "1769384064156", "event_type": "price_change"}}
{"_local_timestamp": "2026-01-25T23:34:24.240288+00:00", "data": {"market": "0x7a29c976888ecc36335c3e6d2a9366037426bdaf59574d13364434943dbb0f77", "price_changes": [{"asset_id": "77280671965329416032643313844265707884250720599607137138260675662614956630897", "price": "0.03", "size": "1299.88", "side": "BUY", "hash": "ed663f7bad6d4dc4c199a353db20400ddec02ef5", "best_bid": "0.44", "best_ask": "0.97"}, {"asset_id": "108488367160089264459928407539818819688470919024979293305546329467409018867461", "price": "0.97", "size": "1299.88", "side": "SELL", "hash": "dc8300ce4ba4aea78e607218e9903621b891b753", "best_bid": "0.03", "best_ask": "0.56"}], "timestamp": "1769384064156", "event_type": "price_change"}}
{"_local_timestamp": "2026-01-25T23:34:24.276227+00:00", "data": {"market": "0xf544917e991c7d1772a74e3ea6d7dc67b49847c6f91b3bfa9c7428c484c31dd7", "price_changes": [{"asset_id": "35243710523421237480547047913274220852914151579602922675824756502637383913435", "price": "0.02", "size": "5047.43", "side": "BUY", "hash": "08da3ddc61e91129a4bab138e85ba944226f326e", "best_bid": "0.46", "best_ask": "0.54"}, {"asset_id": "59013604035648218239037099649030817562756712675780489445053355265591622624989", "price": "0.98", "size": "5047.43", "side": "SELL", "hash": "060804a7af298908b02b290d2c34fc74e5a7a7c7", "best_bid": "0.46", "best_ask": "0.54"}], "timestamp": "1769384064201", "event_type": "price_change"}}
{"_local_timestamp": "2026-01-25T23:34:24.276901+00:00", "data": {"market": "0xf544917e991c7d1772a74e3ea6d7dc67b49847c6f91b3bfa9c7428c484c31dd7", "price_changes": [{"asset_id": "35243710523421237480547047913274220852914151579602922675824756502637383913435", "price": "0.01", "size": "8079.73", "side": "BUY", "hash": "60115cbd420a5d37e571c63dccb040a0f209288e", "best_bid": "0.46", "best_ask": "0.54"}, {"asset_id": "59013604035648218239037099649030817562756712675780489445053355265591622624989", "price": "0.99", "size": "8079.73", "side": "SELL", "hash": "61101f6dfb4f46971099a0755f7d3291e1a85b90", "best_bid": "0.46", "best_ask": "0.54"}], "timestamp": "1769384064202", "event_type": "price_change"}}
{"_local_timestamp": "2026-01-25T23:34:24.318181+00:00", "data": {"market": "0xf544917e991c7d1772a74e3ea6d7dc67b49847c6f91b3bfa9c7428c484c31dd7", "price_changes": [{"asset_id": "35243710523421237480547047913274220852914151579602922675824756502637383913435", "price": "0.04", "size": "890.11", "side": "BUY", "hash": "b90c44c56a372e9027ef50611ce3c8aa506e55b9", "best_bid": "0.46", "best_ask": "0.54"}, {"asset_id": "59013604035648218239037099649030817562756712675780489445053355265591622624989", "price": "0.96", "size": "890.11", "side": "SELL", "hash": "b1b8afb176269da8d8d2776c514fe1c030dd0331", "best_bid": "0.46", "best_ask": "0.54"}], "timestamp": "1769384064249", "event_type": "price_change"}}
{"_local_timestamp": "2026-01-25T23:34:24.347610+00:00", "data": {"market": "0x7a29c976888ecc36335c3e6d2a9366037426bdaf59574d13364434943dbb0f77", "price_changes": [{"asset_id": "77280671965329416032643313844265707884250720599607137138260675662614956630897", "price": "0.03", "size": "29.78", "side": "BUY", "hash": "a2c0dcecd158420efe912ef6f55f1cf18e2746a6", "best_bid": "0.44", "best_ask": "0.97"}, {"asset_id": "108488367160089264459928407539818819688470919024979293305546329467409018867461", "price": "0.97", "size": "29.78", "side": "SELL", "hash": "af0a6730767526c44112860eced6fde998ced22a", "best_bid": "0.03", "best_ask": "0.56"}], "timestamp": "1769384064282", "event_type": "price_change"}}
{"_local_timestamp": "2026-01-25T23:34:24.357102+00:00", "data": {"market": "0xf544917e991c7d1772a74e3ea6d7dc67b49847c6f91b3bfa9c7428c484c31dd7", "price_changes": [{"asset_id": "59013604035648218239037099649030817562756712675780489445053355265591622624989", "price": "0.04", "size": "890.11", "side": "BUY", "hash": "797198b06544a72379ac311521625435587f8927", "best_bid": "0.46", "best_ask": "0.54"}, {"asset_id": "35243710523421237480547047913274220852914151579602922675824756502637383913435", "price": "0.96", "size": "890.11", "side": "SELL", "hash": "f5cdb2b623907cd1ec5e97e5359ab482d393e643", "best_bid": "0.46", "best_ask": "0.54"}], "timestamp": "1769384064283", "event_type": "price_change"}}
{"_local_timestamp": "2026-01-25T23:34:24.357561+00:00", "data": {"market": "0x7a29c976888ecc36335c3e6d2a9366037426bdaf59574d13364434943dbb0f77", "price_changes": [{"asset_id": "108488367160089264459928407539818819688470919024979293305546329467409018867461", "price": "0.03", "size": "29.84", "side": "BUY", "hash": "4039387049b8de3bf3c0b5387695af2dc3fb5e85", "best_bid": "0.03", "best_ask": "0.56"}, {"asset_id": "77280671965329416032643313844265707884250720599607137138260675662614956630897", "price": "0.97", "size": "29.84", "side": "SELL", "hash": "a9ad1befb153ba8ef9e55a9cf259a2feedc43809", "best_bid": "0.44", "best_ask": "0.97"}], "timestamp": "1769384064283", "event_type": "price_change"}}
{"_local_timestamp": "2026-01-25T23:34:24.364953+00:00", "data": {"market": "0xf544917e991c7d1772a74e3ea6d7dc67b49847c6f91b3bfa9c7428c484c31dd7", "price_changes": [{"asset_id": "35243710523421237480547047913274220852914151579602922675824756502637383913435", "price": "0.04", "size": "6889.22", "side": "BUY", "hash": "511c0150a25453cb54e007b89019ce5a66691b65", "best_bid": "0.46", "best_ask": "0.54"}, {"asset_id": "59013604035648218239037099649030817562756712675780489445053355265591622624989", "price": "0.96", "size": "6889.22", "side": "SELL", "hash": "29d0e737bac914d2d7ab119b2eeafc584b355f4b", "best_bid": "0.46", "best_ask": "0.54"}], "timestamp": "1769384064284", "event_type": "price_change"}}
{"_local_timestamp": "2026-01-25T23:34:24.365408+00:00", "data": {"market": "0xf544917e991c7d1772a74e3ea6d7dc67b49847c6f91b3bfa9c7428c484c31dd7", "price_changes": [{"asset_id": "59013604035648218239037099649030817562756712675780489445053355265591622624989", "price": "0.45", "size": "1390.11", "side": "BUY", "hash": "622b7c9aee4b2a26b88026c6cfefdb95b5df87f1", "best_bid": "0.46", "best_ask": "0.54"}, {"asset_id": "35243710523421237480547047913274220852914151579602922675824756502637383913435", "price": "0.55", "size": "1390.11", "side": "SELL", "hash": "096d2041f85114266f3c5297d8e76502fdf64d95", "best_bid": "0.46", "best_ask": "0.54"}], "timestamp": "1769384064286", "event_type": "price_change"}}
{"_local_timestamp": "2026-01-25T23:34:24.365780+00:00", "data": {"market": "0xf544917e991c7d1772a74e3ea6d7dc67b49847c6f91b3bfa9c7428c484c31dd7", "price_changes": [{"asset_id": "35243710523421237480547047913274220852914151579602922675824756502637383913435", "price": "0.45", "size": "1390.11", "side": "BUY", "hash": "3461fcf03ecede7ac98653d43b27ab42673e2224", "best_bid": "0.46", "best_ask": "0.54"}, {"asset_id": "59013604035648218239037099649030817562756712675780489445053355265591622624989", "price": "0.55", "size": "1390.11", "side": "SELL", "hash": "166165577e8196ed03cd53b3c66f20a3340238a1", "best_bid": "0.46", "best_ask": "0.54"}], "timestamp": "1769384064288", "event_type": "price_change"}}
{"_local_timestamp": "2026-01-25T23:34:24.366133+00:00", "data": {"market": "0xfa53d2e3a1f651bdcfb69d2a46efabfff6b1f159d7ab10641d8f0933ae8ccc0d", "price_changes": [{"asset_id": "101890271092854890094346819824912363494525966066390106137797975580599026158813", "price": "0.45", "size": "1390.11", "side": "BUY", "hash": "d4a2a53a1e28f7afadc6b9e4295d22969318519c", "best_bid": "0.46", "best_ask": "0.54"}, {"asset_id": "75149159500838716178626703697063072306296312308004968642067763750994677566791", "price": "0.55", "size": "1390.11", "side": "SELL", "hash": "149e9920207196efe180446680207f0f9031437b", "best_bid": "0.46", "best_ask": "0.54"}], "timestamp": "1769384064286", "event_type": "price_change"}}
{"_local_timestamp": "2026-01-25T23:34:24.366507+00:00", "data": {"market": "0xfa53d2e3a1f651bdcfb69d2a46efabfff6b1f159d7ab10641d8f0933ae8ccc0d", "price_changes": [{"asset_id": "75149159500838716178626703697063072306296312308004968642067763750994677566791", "price": "0.45", "size": "1390.11", "side": "BUY", "hash": "efb049299bf29ad48edc28311cd1539155ac0006", "best_bid": "0.46", "best_ask": "0.54"}, {"asset_id": "101890271092854890094346819824912363494525966066390106137797975580599026158813", "price": "0.55", "size": "1390.11", "side": "SELL", "hash": "dda4ae8e36f7487a53d3995f9227e3cfae792891", "best_bid": "0.46", "best_ask": "0.54"}], "timestamp": "1769384064288", "event_type": "price_change"}}
{"_local_timestamp": "2026-01-25T23:34:24.376856+00:00", "data": {"market": "0x7a29c976888ecc36335c3e6d2a9366037426bdaf59574d13364434943dbb0f77", "price_changes": [{"asset_id": "108488367160089264459928407539818819688470919024979293305546329467409018867461", "price": "0.47", "size": "500", "side": "BUY", "hash": "4d320309d88961cc7b476eb889fc9ab9112b897c", "best_bid": "0.47", "best_ask": "0.56"}, {"asset_id": "77280671965329416032643313844265707884250720599607137138260675662614956630897", "price": "0.53", "size": "500", "side": "SELL", "hash": "1deb73c3960366cb215f0f888d9398f03f37fc1c", "best_bid": "0.44", "best_ask": "0.53"}], "timestamp": "1769384064287", "event_type": "price_change"}}
{"_local_timestamp": "2026-01-25T23:34:24.377394+00:00", "data": {"market": "0x7a29c976888ecc36335c3e6d2a9366037426bdaf59574d13364434943dbb0f77", "price_changes": [{"asset_id": "77280671965329416032643313844265707884250720599607137138260675662614956630897", "price": "0.43", "size": "1390.11", "side": "BUY", "hash": "bd351a6cd1712c470040195736e167fde3824d04", "best_bid": "0.44", "best_ask": "0.53"}, {"asset_id": "108488367160089264459928407539818819688470919024979293305546329467409018867461", "price": "0.57", "size": "1390.11", "side": "SELL", "hash": "1212db2299bccd62a9b70e4d5429bcc17cf25e28", "best_bid": "0.47", "best_ask": "0.56"}], "timestamp": "1769384064292", "event_type": "price_change"}}
{"_local_timestamp": "2026-01-25T23:34:24.377761+00:00", "data": {"market": "0x41e676475f5443148f819112698fe64ab9b5c4398cdd01ae62be9644b039619c", "price_changes": [{"asset_id": "41374281767922630652293101318237675085529725714286293399622247633277038601569", "price": "0.45", "size": "1890.11", "side": "BUY", "hash": "3b15312a3c1d90ece93b34198b9e9f9b3130a74c", "best_bid": "0.46", "best_ask": "0.53"}, {"asset_id": "40295292119422825317656619334014562354277258517508345565206065520988244974994", "price": "0.55", "size": "1890.11", "side": "SELL", "hash": "ba77dfa572ae9bfd15c7cb29c72a6b06fd339bd5", "best_bid": "0.47", "best_ask": "0.54"}], "timestamp": "1769384064285", "event_type": "price_change"}}
{"_local_timestamp": "2026-01-25T23:34:24.378159+00:00", "data": {"market": "0x41e676475f5443148f819112698fe64ab9b5c4398cdd01ae62be9644b039619c", "price_changes": [{"asset_id": "40295292119422825317656619334014562354277258517508345565206065520988244974994", "price": "0.45", "size": "1890.11", "side": "BUY", "hash": "0fe1ff26757a01480058f2323ad707b45e31cac8", "best_bid": "0.47", "best_ask": "0.54"}, {"asset_id": "41374281767922630652293101318237675085529725714286293399622247633277038601569", "price": "0.55", "size": "1890.11", "side": "SELL", "hash": "6cf4a1cbe49271a0debe089b1e17501ecb273c6d", "best_bid": "0.46", "best_ask": "0.53"}], "timestamp": "1769384064285", "event_type": "price_change"}}
{"_local_timestamp": "2026-01-25T23:34:24.401907+00:00", "data": {"market": "0xf544917e991c7d1772a74e3ea6d7dc67b49847c6f91b3bfa9c7428c484c31dd7", "price_changes": [{"asset_id": "35243710523421237480547047913274220852914151579602922675824756502637383913435", "price": "0.04", "size": "8886.33", "side": "BUY", "hash": "2af5be0ea620e8395d608fea63f88f6334796e67", "best_bid": "0.46", "best_ask": "0.54"}, {"asset_id": "59013604035648218239037099649030817562756712675780489445053355265591622624989", "price": "0.96", "size": "8886.33", "side": "SELL", "hash": "e12c56e606cdc2cbc0b46dac3ef7ac5e6db95ebe", "best_bid": "0.46", "best_ask": "0.54"}], "timestamp": "1769384064336", "event_type": "price_change"}}
{"_local_timestamp": "2026-01-25T23:34:24.409774+00:00", "data": {"market": "0xf544917e991c7d1772a74e3ea6d7dc67b49847c6f91b3bfa9c7428c484c31dd7", "price_changes": [{"asset_id": "59013604035648218239037099649030817562756712675780489445053355265591622624989", "price": "0.04", "size": "2887.22", "side": "BUY", "hash": "257b47fc11bcb72e8a30ddaaf068237c567fb677", "best_bid": "0.46", "best_ask": "0.54"}, {"asset_id": "35243710523421237480547047913274220852914151579602922675824756502637383913435", "price": "0.96", "size": "2887.22", "side": "SELL", "hash": "4970040d35cecf06a67ab8e44a997ea39b587ac8", "best_bid": "0.46", "best_ask": "0.54"}], "timestamp": "1769384064337", "event_type": "price_change"}}
{"_local_timestamp": "2026-01-25T23:34:24.433176+00:00", "data": {"market": "0xf544917e991c7d1772a74e3ea6d7dc67b49847c6f91b3bfa9c7428c484c31dd7", "price_changes": [{"asset_id": "35243710523421237480547047913274220852914151579602922675824756502637383913435", "price": "0.04", "size": "10156.43", "side": "BUY", "hash": "8f7b238264c08d4be59c46273a1fef1440fa30be", "best_bid": "0.46", "best_ask": "0.54"}, {"asset_id": "59013604035648218239037099649030817562756712675780489445053355265591622624989", "price": "0.96", "size": "10156.43", "side": "SELL", "hash": "dd8c558a0871942d30e92fbf9b64b98a94d2a7e4", "best_bid": "0.46", "best_ask": "0.54"}], "timestamp": "1769384064367", "event_type": "price_change"}}
{"_local_timestamp": "2026-01-25T23:34:24.433635+00:00", "data": {"market": "0x7a29c976888ecc36335c3e6d2a9366037426bdaf59574d13364434943dbb0f77", "price_changes": [{"asset_id": "108488367160089264459928407539818819688470919024979293305546329467409018867461", "price": "0.04", "size": "890.11", "side": "BUY", "hash": "ed534f51128deb0a64ce227d90f48ef4f48df2a7", "best_bid": "0.47", "best_ask": "0.56"}, {"asset_id": "77280671965329416032643313844265707884250720599607137138260675662614956630897", "price": "0.96", "size": "890.11", "side": "SELL", "hash": "9933f36a4c7f322da96035f03756e942ae6d5f21", "best_bid": "0.44", "best_ask": "0.53"}], "timestamp": "1769384064367", "event_type": "price_change"}}
{"_local_timestamp": "2026-01-25T23:34:24.434025+00:00", "data": {"market": "0xf544917e991c7d1772a74e3ea6d7dc67b49847c6f91b3bfa9c7428c484c31dd7", "price_changes": [{"asset_id": "59013604035648218239037099649030817562756712675780489445053355265591622624989", "price": "0.04", "size": "4157.32", "side": "BUY", "hash": "efe5778ef09914b7680230ff6bd5793c515827c0", "best_bid": "0.46", "best_ask": "0.54"}, {"asset_id": "35243710523421237480547047913274220852914151579602922675824756502637383913435", "price": "0.96", "size": "4157.32", "side": "SELL", "hash": "72e78f469cadc0cee6724af031baef8d667ac7f6", "best_bid": "0.46", "best_ask": "0.54"}], "timestamp": "1769384064367", "event_type": "price_change"}}
{"_local_timestamp": "2026-01-25T23:34:24.434582+00:00", "data": {"market": "0x7a29c976888ecc36335c3e6d2a9366037426bdaf59574d13364434943dbb0f77", "price_changes": [{"asset_id": "108488367160089264459928407539818819688470919024979293305546329467409018867461", "price": "0.04", "size": "2887.22", "side": "BUY", "hash": "bd4d088202b7fb8a1e6c351314634d6fd12f81f9", "best_bid": "0.47", "best_ask": "0.56"}, {"asset_id": "77280671965329416032643313844265707884250720599607137138260675662614956630897", "price": "0.96", "size": "2887.22", "side": "SELL", "hash": "40842f81d22a65cc1035d3e3159d9e09af29c4b6", "best_bid": "0.44", "best_ask": "0.53"}], "timestamp": "1769384064367", "event_type": "price_change"}}
{"_local_timestamp": "2026-01-25T23:34:24.441598+00:00", "data": {"market": "0x7a29c976888ecc36335c3e6d2a9366037426bdaf59574d13364434943dbb0f77", "price_changes": [{"asset_id": "77280671965329416032643313844265707884250720599607137138260675662614956630897", "price": "0.04", "size": "890.11", "side": "BUY", "hash": "7c18667e3f2db0eaf8a1b9b8a9c74bb5fd50de0e", "best_bid": "0.44", "best_ask": "0.53"}, {"asset_id": "108488367160089264459928407539818819688470919024979293305546329467409018867461", "price": "0.96", "size": "890.11", "side": "SELL", "hash": "a3b1047eeac37ad9f4a04400603ed9a5cd3b3f3b", "best_bid": "0.47", "best_ask": "0.56"}], "timestamp": "1769384064368", "event_type": "price_change"}}
{"_local_timestamp": "2026-01-25T23:34:24.661132+00:00", "data": {"market": "0x7a29c976888ecc36335c3e6d2a9366037426bdaf59574d13364434943dbb0f77", "price_changes": [{"asset_id": "77280671965329416032643313844265707884250720599607137138260675662614956630897", "price": "0.04", "size": "2160.21", "side": "BUY", "hash": "16428c7953a521df41413617746d645c55cb50d0", "best_bid": "0.44", "best_ask": "0.53"}, {"asset_id": "108488367160089264459928407539818819688470919024979293305546329467409018867461", "price": "0.96", "size": "2160.21", "side": "SELL", "hash": "a19444a756a220159e3b72db27c55fa8dae9fe12", "best_bid": "0.47", "best_ask": "0.56"}], "timestamp": "1769384064596", "event_type": "price_change"}}
{"_local_timestamp": "2026-01-25T23:34:24.670122+00:00", "data": {"market": "0x7a29c976888ecc36335c3e6d2a9366037426bdaf59574d13364434943dbb0f77", "price_changes": [{"asset_id": "108488367160089264459928407539818819688470919024979293305546329467409018867461", "price": "0.04", "size": "8886.33", "side": "BUY", "hash": "9330daeb7e1ed55f24e6fecfef7e7361ad0e20ff", "best_bid": "0.47", "best_ask": "0.56"}, {"asset_id": "77280671965329416032643313844265707884250720599607137138260675662614956630897", "price": "0.96", "size": "8886.33", "side": "SELL", "hash": "d8af716ea618cf6e4e52553863bb753d82c3a9bb", "best_bid": "0.44", "best_ask": "0.53"}], "timestamp": "1769384064597", "event_type": "price_change"}}
{"_local_timestamp": "2026-01-25T23:34:24.670636+00:00", "data": {"market": "0x7a29c976888ecc36335c3e6d2a9366037426bdaf59574d13364434943dbb0f77", "price_changes": [{"asset_id": "77280671965329416032643313844265707884250720599607137138260675662614956630897", "price": "0.04", "size": "8159.32", "side": "BUY", "hash": "5af6784d6aa075afc577bbaee18cdb452b1c7ca7", "best_bid": "0.44", "best_ask": "0.53"}, {"asset_id": "108488367160089264459928407539818819688470919024979293305546329467409018867461", "price": "0.96", "size": "8159.32", "side": "SELL", "hash": "9c3829949932c32c61a4e99b3b1bcb92fb00f36b", "best_bid": "0.47", "best_ask": "0.56"}], "timestamp": "1769384064598", "event_type": "price_change"}}
{"_local_timestamp": "2026-01-25T23:34:24.671080+00:00", "data": {"market": "0x7a29c976888ecc36335c3e6d2a9366037426bdaf59574d13364434943dbb0f77", "price_changes": [{"asset_id": "108488367160089264459928407539818819688470919024979293305546329467409018867461", "price": "0.04", "size": "10156.43", "side": "BUY", "hash": "88cbc52186fbc26be0444ed87ddad48b92344414", "best_bid": "0.47", "best_ask": "0.56"}, {"asset_id": "77280671965329416032643313844265707884250720599607137138260675662614956630897", "price": "0.96", "size": "10156.43", "side": "SELL", "hash": "70d07f8d56570e7208eccc1967819ed796319751", "best_bid": "0.44", "best_ask": "0.53"}], "timestamp": "1769384064598", "event_type": "price_change"}}
{"_local_timestamp": "2026-01-25T23:34:24.671542+00:00", "data": {"market": "0x7a29c976888ecc36335c3e6d2a9366037426bdaf59574d13364434943dbb0f77", "price_changes": [{"asset_id": "77280671965329416032643313844265707884250720599607137138260675662614956630897", "price": "0.04", "size": "10156.43", "side": "BUY", "hash": "e45d54abab853bd514d96cbef9860008a7893eea", "best_bid": "0.44", "best_ask": "0.53"}, {"asset_id": "108488367160089264459928407539818819688470919024979293305546329467409018867461", "price": "0.96", "size": "10156.43", "side": "SELL", "hash": "b634eeb903e5fb63b842a816eb6dd983d6f15a3c", "best_bid": "0.47", "best_ask": "0.56"}], "timestamp": "1769384064599", "event_type": "price_change"}}
{"_local_timestamp": "2026-01-25T23:34:24.897212+00:00", "data": {"market": "0x7a29c976888ecc36335c3e6d2a9366037426bdaf59574d13364434943dbb0f77", "price_changes": [{"asset_id": "77280671965329416032643313844265707884250720599607137138260675662614956630897", "price": "0.03", "size": "919.89", "side": "BUY", "hash": "6be04ecb21e8d1775cc15c6a26e0bab5adc09b74", "best_bid": "0.44", "best_ask": "0.53"}, {"asset_id": "108488367160089264459928407539818819688470919024979293305546329467409018867461", "price": "0.97", "size": "919.89", "side": "SELL", "hash": "9eaf8e318f9f4b2768f9cc56cf3686d3f6e81b42", "best_bid": "0.47", "best_ask": "0.56"}], "timestamp": "1769384064827", "event_type": "price_change"}}
{"_local_timestamp": "2026-01-25T23:34:24.897737+00:00", "data": {"market": "0x7a29c976888ecc36335c3e6d2a9366037426bdaf59574d13364434943dbb0f77", "price_changes": [{"asset_id": "108488367160089264459928407539818819688470919024979293305546329467409018867461", "price": "0.03", "size": "919.95", "side": "BUY", "hash": "5ec705ff35660dd3683ca09d8dfdf15d2ebabcfd", "best_bid": "0.47", "best_ask": "0.56"}, {"asset_id": "77280671965329416032643313844265707884250720599607137138260675662614956630897", "price": "0.97", "size": "919.95", "side": "SELL", "hash": "1bf6b1594d9816a47f238ca8efd3ba89456c2ef2", "best_bid": "0.44", "best_ask": "0.53"}], "timestamp": "1769384064828", "event_type": "price_change"}}
{"_local_timestamp": "2026-01-25T23:34:24.898150+00:00", "data": {"market": "0x7a29c976888ecc36335c3e6d2a9366037426bdaf59574d13364434943dbb0f77", "price_changes": [{"asset_id": "77280671965329416032643313844265707884250720599607137138260675662614956630897", "price": "0.04", "size": "11046.54", "side": "BUY", "hash": "21e21ae4b4d0544741ff0ab9158e8eb7c67249bc", "best_bid": "0.44", "best_ask": "0.53"}, {"asset_id": "108488367160089264459928407539818819688470919024979293305546329467409018867461", "price": "0.96", "size": "11046.54", "side": "SELL", "hash": "977c5f82430b6ea2ad73db461c12e004054deb7a", "best_bid": "0.47", "best_ask": "0.56"}], "timestamp": "1769384064828", "event_type": "price_change"}}
{"_local_timestamp": "2026-01-25T23:34:24.898590+00:00", "data": {"market": "0x7a29c976888ecc36335c3e6d2a9366037426bdaf59574d13364434943dbb0f77", "price_changes": [{"asset_id": "108488367160089264459928407539818819688470919024979293305546329467409018867461", "price": "0.04", "size": "11046.54", "side": "BUY", "hash": "eccc79ee0c2f6d348efbc48f607de163eb9d946d", "best_bid": "0.47", "best_ask": "0.56"}, {"asset_id": "77280671965329416032643313844265707884250720599607137138260675662614956630897", "price": "0.96", "size": "11046.54", "side": "SELL", "hash": "f74f2b24670adc1f727adb77f5054d97bfceac9d", "best_bid": "0.44", "best_ask": "0.53"}], "timestamp": "1769384064829", "event_type": "price_change"}}
{"_local_timestamp": "2026-01-25T23:34:29.291730+00:00", "data": {"market": "0x41e676475f5443148f819112698fe64ab9b5c4398cdd01ae62be9644b039619c", "price_changes": [{"asset_id": "41374281767922630652293101318237675085529725714286293399622247633277038601569", "price": "0.14", "size": "500", "side": "BUY", "hash": "29b6be32d726802d70bb7a7f8263ff58798a5f59", "best_bid": "0.46", "best_ask": "0.53"}, {"asset_id": "40295292119422825317656619334014562354277258517508345565206065520988244974994", "price": "0.86", "size": "500", "side": "SELL", "hash": "c4b1e81dac5c2f360414b871b999e1b0b343c164", "best_bid": "0.47", "best_ask": "0.54"}], "timestamp": "1769384069218", "event_type": "price_change"}}
{"_local_timestamp": "2026-01-25T23:34:29.398765+00:00", "data": {"market": "0x41e676475f5443148f819112698fe64ab9b5c4398cdd01ae62be9644b039619c", "price_changes": [{"asset_id": "40295292119422825317656619334014562354277258517508345565206065520988244974994", "price": "0.09", "size": "600", "side": "BUY", "hash": "ae9e5970a0fc0d8016953ea2f20b51ff446b4346", "best_bid": "0.47", "best_ask": "0.54"}, {"asset_id": "41374281767922630652293101318237675085529725714286293399622247633277038601569", "price": "0.91", "size": "600", "side": "SELL", "hash": "81b404c28aeb5bf19f4ab2e34a3ec27d26be38a4", "best_bid": "0.46", "best_ask": "0.53"}], "timestamp": "1769384069219", "event_type": "price_change"}}
{"_local_timestamp": "2026-01-25T23:34:29.400341+00:00", "data": {"market": "0x41e676475f5443148f819112698fe64ab9b5c4398cdd01ae62be9644b039619c", "price_changes": [{"asset_id": "40295292119422825317656619334014562354277258517508345565206065520988244974994", "price": "0.16", "size": "0", "side": "BUY", "hash": "96a50fc314d4c21062d3770661e6e4f24f6bee2f", "best_bid": "0.47", "best_ask": "0.54"}, {"asset_id": "41374281767922630652293101318237675085529725714286293399622247633277038601569", "price": "0.84", "size": "0", "side": "SELL", "hash": "3886e2691f38400576bee24b70533eaf5d08ebb2", "best_bid": "0.46", "best_ask": "0.53"}], "timestamp": "1769384069304", "event_type": "price_change"}}
{"_local_timestamp": "2026-01-25T23:34:29.400972+00:00", "data": {"market": "0x41e676475f5443148f819112698fe64ab9b5c4398cdd01ae62be9644b039619c", "price_changes": [{"asset_id": "40295292119422825317656619334014562354277258517508345565206065520988244974994", "price": "0.15", "size": "300", "side": "BUY", "hash": "96a50fc314d4c21062d3770661e6e4f24f6bee2f", "best_bid": "0.47", "best_ask": "0.54"}, {"asset_id": "41374281767922630652293101318237675085529725714286293399622247633277038601569", "price": "0.85", "size": "300", "side": "SELL", "hash": "3886e2691f38400576bee24b70533eaf5d08ebb2", "best_bid": "0.46", "best_ask": "0.53"}], "timestamp": "1769384069304", "event_type": "price_change"}}
{"_local_timestamp": "2026-01-25T23:34:29.555781+00:00", "data": {"market": "0x41e676475f5443148f819112698fe64ab9b5c4398cdd01ae62be9644b039619c", "price_changes": [{"asset_id": "40295292119422825317656619334014562354277258517508345565206065520988244974994", "price": "0.08", "size": "100", "side": "BUY", "hash": "5f27023c6b953088bf6ff4f746a54e064fc616aa", "best_bid": "0.47", "best_ask": "0.54"}, {"asset_id": "41374281767922630652293101318237675085529725714286293399622247633277038601569", "price": "0.92", "size": "100", "side": "SELL", "hash": "698c0dee04b8d47a0bf917a844cc7c1f1d8f57ce", "best_bid": "0.46", "best_ask": "0.53"}], "timestamp": "1769384069485", "event_type": "price_change"}}
{"_local_timestamp": "2026-01-25T23:34:29.558349+00:00", "data": {"market": "0x41e676475f5443148f819112698fe64ab9b5c4398cdd01ae62be9644b039619c", "price_changes": [{"asset_id": "41374281767922630652293101318237675085529725714286293399622247633277038601569", "price": "0.08", "size": "4257.32", "side": "BUY", "hash": "11e8083531f6737f670748a47ecb6ae6d922ca80", "best_bid": "0.46", "best_ask": "0.53"}, {"asset_id": "40295292119422825317656619334014562354277258517508345565206065520988244974994", "price": "0.92", "size": "4257.32", "side": "SELL", "hash": "8fcb0b93d8e2bd5a0dad5e4065b3cda7a09859b6", "best_bid": "0.47", "best_ask": "0.54"}], "timestamp": "1769384069486", "event_type": "price_change"}}
{"_local_timestamp": "2026-01-25T23:34:29.563512+00:00", "data": {"market": "0x41e676475f5443148f819112698fe64ab9b5c4398cdd01ae62be9644b039619c", "price_changes": [{"asset_id": "40295292119422825317656619334014562354277258517508345565206065520988244974994", "price": "0.16", "size": "890.11", "side": "BUY", "hash": "485f529831a3e7259371c68ea20f87e5088e1070", "best_bid": "0.47", "best_ask": "0.54"}, {"asset_id": "41374281767922630652293101318237675085529725714286293399622247633277038601569", "price": "0.84", "size": "890.11", "side": "SELL", "hash": "5d6050361edd10ba876e4309aeb2d5196535f749", "best_bid": "0.46", "best_ask": "0.53"}], "timestamp": "1769384069493", "event_type": "price_change"}}
{"_local_timestamp": "2026-01-25T23:34:29.564728+00:00", "data": {"market": "0x41e676475f5443148f819112698fe64ab9b5c4398cdd01ae62be9644b039619c", "price_changes": [{"asset_id": "40295292119422825317656619334014562354277258517508345565206065520988244974994", "price": "0.16", "size": "2160.21", "side": "BUY", "hash": "694fa2a5b626bb34b7a5b29d9dc6d65574f3f249", "best_bid": "0.47", "best_ask": "0.54"}, {"asset_id": "41374281767922630652293101318237675085529725714286293399622247633277038601569", "price": "0.84", "size": "2160.21", "side": "SELL", "hash": "4e7bb4c378699aaefa90aa49c5fa6c5467dee11d", "best_bid": "0.46", "best_ask": "0.53"}], "timestamp": "1769384069494", "event_type": "price_change"}}
{"_local_timestamp": "2026-01-25T23:34:29.566018+00:00", "data": {"market": "0x41e676475f5443148f819112698fe64ab9b5c4398cdd01ae62be9644b039619c", "price_changes": [{"asset_id": "40295292119422825317656619334014562354277258517508345565206065520988244974994", "price": "0.16", "size": "4157.32", "side": "BUY", "hash": "585a157f5d2c48923bd4c2622e6426b7e5c86864", "best_bid": "0.47", "best_ask": "0.54"}, {"asset_id": "41374281767922630652293101318237675085529725714286293399622247633277038601569", "price": "0.84", "size": "4157.32", "side": "SELL", "hash": "9d65779405031ec673a2dd61d56dd393c7ec08c8", "best_bid": "0.46", "best_ask": "0.53"}], "timestamp": "1769384069495", "event_type": "price_change"}}
{"_local_timestamp": "2026-01-25T23:34:30.017967+00:00", "data": {"market": "0x41e676475f5443148f819112698fe64ab9b5c4398cdd01ae62be9644b039619c", "price_changes": [{"asset_id": "41374281767922630652293101318237675085529725714286293399622247633277038601569", "price": "0.13", "size": "0", "side": "BUY", "hash": "634f0767987daf826ec7a738b1035cc3af0eb074", "best_bid": "0.46", "best_ask": "0.53"}, {"asset_id": "40295292119422825317656619334014562354277258517508345565206065520988244974994", "price": "0.87", "size": "0", "side": "SELL", "hash": "f952628fab2806ae25bd38b85bfcde6dd0dd4205", "best_bid": "0.47", "best_ask": "0.54"}], "timestamp": "1769384069833", "event_type": "price_change"}}
{"_local_timestamp": "2026-01-25T23:34:30.019278+00:00", "data": {"market": "0x41e676475f5443148f819112698fe64ab9b5c4398cdd01ae62be9644b039619c", "price_changes": [{"asset_id": "40295292119422825317656619334014562354277258517508345565206065520988244974994", "price": "0.09", "size": "200", "side": "BUY", "hash": "10eea0faa58c8c8e5ed6e516edbff731cc28f55e", "best_bid": "0.47", "best_ask": "0.54"}, {"asset_id": "41374281767922630652293101318237675085529725714286293399622247633277038601569", "price": "0.91", "size": "200", "side": "SELL", "hash": "032e49e0d8e97cb1a4dea98dd3e5f353eac7d7c0", "best_bid": "0.46", "best_ask": "0.53"}], "timestamp": "1769384069834", "event_type": "price_change"}}
{"_local_timestamp": "2026-01-25T23:34:30.275234+00:00", "data": {"market": "0x41e676475f5443148f819112698fe64ab9b5c4398cdd01ae62be9644b039619c", "price_changes": [{"asset_id": "40295292119422825317656619334014562354277258517508345565206065520988244974994", "price": "0.08", "size": "500", "side": "BUY", "hash": "bd7eaccdd2a931a410a2781aefc20ac0e8809ae2", "best_bid": "0.47", "best_ask": "0.54"}, {"asset_id": "41374281767922630652293101318237675085529725714286293399622247633277038601569", "price": "0.92", "size": "500", "side": "SELL", "hash": "c6a6f6800864266bb5488c662ba21b8e1b4b2d23", "best_bid": "0.46", "best_ask": "0.53"}], "timestamp": "1769384070110", "event_type": "price_change"}}
{"_local_timestamp": "2026-01-25T23:34:30.277146+00:00", "data": {"market": "0x41e676475f5443148f819112698fe64ab9b5c4398cdd01ae62be9644b039619c", "price_changes": [{"asset_id": "41374281767922630652293101318237675085529725714286293399622247633277038601569", "price": "0.08", "size": "4657.32", "side": "BUY", "hash": "79661551afafbe51c397e463b16ef5fa4600bc69", "best_bid": "0.46", "best_ask": "0.53"}, {"asset_id": "40295292119422825317656619334014562354277258517508345565206065520988244974994", "price": "0.92", "size": "4657.32", "side": "SELL", "hash": "d5f8a58bd5b75f24a8dd59fbd2f72d121bb80c69", "best_bid": "0.47", "best_ask": "0.54"}], "timestamp": "1769384070111", "event_type": "price_change"}}
{"_local_timestamp": "2026-01-25T23:34:30.950981+00:00", "data": {"market": "0x41e676475f5443148f819112698fe64ab9b5c4398cdd01ae62be9644b039619c", "price_changes": [{"asset_id": "40295292119422825317656619334014562354277258517508345565206065520988244974994", "price": "0.15", "size": "200", "side": "BUY", "hash": "9b962b6897ac812246d15eb331e28d608e657e7b", "best_bid": "0.47", "best_ask": "0.54"}, {"asset_id": "41374281767922630652293101318237675085529725714286293399622247633277038601569", "price": "0.85", "size": "200", "side": "SELL", "hash": "3791efcbb1867035a18f024c70538db6fc261028", "best_bid": "0.46", "best_ask": "0.53"}], "timestamp": "1769384070882", "event_type": "price_change"}}
{"_local_timestamp": "2026-01-25T23:34:31.816659+00:00", "data": {"market": "0x41e676475f5443148f819112698fe64ab9b5c4398cdd01ae62be9644b039619c", "price_changes": [{"asset_id": "41374281767922630652293101318237675085529725714286293399622247633277038601569", "price": "0.14", "size": "400", "side": "BUY", "hash": "0b08fc3da28ec4cfe4413c409e5ca1f6e67e32e1", "best_bid": "0.46", "best_ask": "0.53"}, {"asset_id": "40295292119422825317656619334014562354277258517508345565206065520988244974994", "price": "0.86", "size": "400", "side": "SELL", "hash": "727912307fb96ff021a057ad5bc3e28280d32b39", "best_bid": "0.47", "best_ask": "0.54"}], "timestamp": "1769384071736", "event_type": "price_change"}}
{"_local_timestamp": "2026-01-25T23:34:31.822089+00:00", "data": {"market": "0x41e676475f5443148f819112698fe64ab9b5c4398cdd01ae62be9644b039619c", "price_changes": [{"asset_id": "40295292119422825317656619334014562354277258517508345565206065520988244974994", "price": "0.09", "size": "100", "side": "BUY", "hash": "c212f73b8e4b1f384a80864f861fcece101237b3", "best_bid": "0.47", "best_ask": "0.54"}, {"asset_id": "41374281767922630652293101318237675085529725714286293399622247633277038601569", "price": "0.91", "size": "100", "side": "SELL", "hash": "a16985514c8b8497504d9956d6dae0682e69ba63", "best_bid": "0.46", "best_ask": "0.53"}], "timestamp": "1769384071737", "event_type": "price_change"}}
{"_local_timestamp": "2026-01-25T23:34:32.206679+00:00", "data": {"market": "0x41e676475f5443148f819112698fe64ab9b5c4398cdd01ae62be9644b039619c", "price_changes": [{"asset_id": "40295292119422825317656619334014562354277258517508345565206065520988244974994", "price": "0.08", "size": "600", "side": "BUY", "hash": "e1f114bea8f74e4d238d57ca6a2f93cef0955e7a", "best_bid": "0.47", "best_ask": "0.54"}, {"asset_id": "41374281767922630652293101318237675085529725714286293399622247633277038601569", "price": "0.92", "size": "600", "side": "SELL", "hash": "6a1e4f1dbac31e406531567a8efa96fc56d51d33", "best_bid": "0.46", "best_ask": "0.53"}], "timestamp": "1769384072089", "event_type": "price_change"}}
{"_local_timestamp": "2026-01-25T23:34:32.213604+00:00", "data": {"market": "0x41e676475f5443148f819112698fe64ab9b5c4398cdd01ae62be9644b039619c", "price_changes": [{"asset_id": "41374281767922630652293101318237675085529725714286293399622247633277038601569", "price": "0.08", "size": "4757.32", "side": "BUY", "hash": "a8c1ef3d066eedb727d4686ca213be6e64cd8dcf", "best_bid": "0.46", "best_ask": "0.53"}, {"asset_id": "40295292119422825317656619334014562354277258517508345565206065520988244974994", "price": "0.92", "size": "4757.32", "side": "SELL", "hash": "1f603c37c4c0e666cbc808f230de707987fac9fa", "best_bid": "0.47", "best_ask": "0.54"}], "timestamp": "1769384072106", "event_type": "price_change"}}
{"_local_timestamp": "2026-01-25T23:34:32.315608+00:00", "data": {"market": "0x41e676475f5443148f819112698fe64ab9b5c4398cdd01ae62be9644b039619c", "price_changes": [{"asset_id": "40295292119422825317656619334014562354277258517508345565206065520988244974994", "price": "0.16", "size": "0", "side": "BUY", "hash": "6b2952194fd0b74e375985cbf35e56983f59af77", "best_bid": "0.47", "best_ask": "0.54"}, {"asset_id": "41374281767922630652293101318237675085529725714286293399622247633277038601569", "price": "0.84", "size": "0", "side": "SELL", "hash": "86edf5995fcdb679c92da3b16fb3b7d0c47086c3", "best_bid": "0.46", "best_ask": "0.53"}], "timestamp": "1769384072182", "event_type": "price_change"}}
{"_local_timestamp": "2026-01-25T23:34:43.184827+00:00", "data": {"market": "0x41e676475f5443148f819112698fe64ab9b5c4398cdd01ae62be9644b039619c", "price_changes": [{"asset_id": "40295292119422825317656619334014562354277258517508345565206065520988244974994", "price": "0.15", "size": "300", "side": "BUY", "hash": "09c320bd87931808a0948034a467a353db64a7ca", "best_bid": "0.47", "best_ask": "0.54"}, {"asset_id": "41374281767922630652293101318237675085529725714286293399622247633277038601569", "price": "0.85", "size": "300", "side": "SELL", "hash": "6dfe6a5838d3ad87aa0550e1c7b81b1d74fe9984", "best_bid": "0.46", "best_ask": "0.53"}], "timestamp": "1769384083073", "event_type": "price_change"}}
{"_local_timestamp": "2026-01-25T23:34:43.226907+00:00", "data": {"market": "0x41e676475f5443148f819112698fe64ab9b5c4398cdd01ae62be9644b039619c", "price_changes": [{"asset_id": "40295292119422825317656619334014562354277258517508345565206065520988244974994", "price": "0.1", "size": "0", "side": "BUY", "hash": "9af20c1b93f1135b6eb325a635573b242f5e78ca", "best_bid": "0.47", "best_ask": "0.54"}, {"asset_id": "41374281767922630652293101318237675085529725714286293399622247633277038601569", "price": "0.9", "size": "0", "side": "SELL", "hash": "010463eeb04dfd73a3f8c3ad2861ddb965eff12e", "best_bid": "0.46", "best_ask": "0.53"}], "timestamp": "1769384083137", "event_type": "price_change"}}
{"_local_timestamp": "2026-01-25T23:34:43.227459+00:00", "data": {"market": "0x41e676475f5443148f819112698fe64ab9b5c4398cdd01ae62be9644b039619c", "price_changes": [{"asset_id": "41374281767922630652293101318237675085529725714286293399622247633277038601569", "price": "0.08", "size": "600", "side": "BUY", "hash": "b56697a4c79970680d7eefa4d62ba31be2fa6e2e", "best_bid": "0.46", "best_ask": "0.53"}, {"asset_id": "40295292119422825317656619334014562354277258517508345565206065520988244974994", "price": "0.92", "size": "600", "side": "SELL", "hash": "630060b4987725297d2cba472362ca43b4969a2b", "best_bid": "0.47", "best_ask": "0.54"}], "timestamp": "1769384083137", "event_type": "price_change"}}
{"_local_timestamp": "2026-01-25T23:34:43.227956+00:00", "data": {"market": "0x41e676475f5443148f819112698fe64ab9b5c4398cdd01ae62be9644b039619c", "price_changes": [{"asset_id": "40295292119422825317656619334014562354277258517508345565206065520988244974994", "price": "0.09", "size": "990.11", "side": "BUY", "hash": "49dc5e329d0e09737eef42ae1699292b5b0e39a9", "best_bid": "0.47", "best_ask": "0.54"}, {"asset_id": "41374281767922630652293101318237675085529725714286293399622247633277038601569", "price": "0.91", "size": "990.11", "side": "SELL", "hash": "d74fa6d71cf04d5e032015f689a1f873d085eff3", "best_bid": "0.46", "best_ask": "0.53"}], "timestamp": "1769384083148", "event_type": "price_change"}}
{"_local_timestamp": "2026-01-25T23:34:43.228432+00:00", "data": {"market": "0x41e676475f5443148f819112698fe64ab9b5c4398cdd01ae62be9644b039619c", "price_changes": [{"asset_id": "40295292119422825317656619334014562354277258517508345565206065520988244974994", "price": "0.09", "size": "2987.22", "side": "BUY", "hash": "e40f19006a1c904441b2295c7d6382992177a399", "best_bid": "0.47", "best_ask": "0.54"}, {"asset_id": "41374281767922630652293101318237675085529725714286293399622247633277038601569", "price": "0.91", "size": "2987.22", "side": "SELL", "hash": "83953fdb47f1fd27762ee76699646896a467339e", "best_bid": "0.46", "best_ask": "0.53"}], "timestamp": "1769384083148", "event_type": "price_change"}}
{"_local_timestamp": "2026-01-25T23:34:43.228928+00:00", "data": {"market": "0x41e676475f5443148f819112698fe64ab9b5c4398cdd01ae62be9644b039619c", "price_changes": [{"asset_id": "41374281767922630652293101318237675085529725714286293399622247633277038601569", "price": "0.09", "size": "890.11", "side": "BUY", "hash": "f55f58660c5619db153927a8cb5c45499d594c81", "best_bid": "0.46", "best_ask": "0.53"}, {"asset_id": "40295292119422825317656619334014562354277258517508345565206065520988244974994", "price": "0.91", "size": "890.11", "side": "SELL", "hash": "13a2ab8b7d539e68d4f6ded81800d2cf1250e99a", "best_bid": "0.47", "best_ask": "0.54"}], "timestamp": "1769384083149", "event_type": "price_change"}}
{"_local_timestamp": "2026-01-25T23:34:43.449107+00:00", "data": {"market": "0x41e676475f5443148f819112698fe64ab9b5c4398cdd01ae62be9644b039619c", "price_changes": [{"asset_id": "41374281767922630652293101318237675085529725714286293399622247633277038601569", "price": "0.09", "size": "6889.22", "side": "BUY", "hash": "3dd8842f2dd237c5397cd0bd1be455bddba3e3f3", "best_bid": "0.46", "best_ask": "0.53"}, {"asset_id": "40295292119422825317656619334014562354277258517508345565206065520988244974994", "price": "0.91", "size": "6889.22", "side": "SELL", "hash": "2b8628b446f25ab446a9cedb885ebfe5c79cac35", "best_bid": "0.47", "best_ask": "0.54"}], "timestamp": "1769384083378", "event_type": "price_change"}}
{"_local_timestamp": "2026-01-25T23:34:43.449828+00:00", "data": {"market": "0x41e676475f5443148f819112698fe64ab9b5c4398cdd01ae62be9644b039619c", "price_changes": [{"asset_id": "41374281767922630652293101318237675085529725714286293399622247633277038601569", "price": "0.09", "size": "8886.33", "side": "BUY", "hash": "d2d23782204fabb8775eba866385474464402e8f", "best_bid": "0.46", "best_ask": "0.53"}, {"asset_id": "40295292119422825317656619334014562354277258517508345565206065520988244974994", "price": "0.91", "size": "8886.33", "side": "SELL", "hash": "adde03e6a409b61c818602f751d4735ad4ebe7ee", "best_bid": "0.47", "best_ask": "0.54"}], "timestamp": "1769384083379", "event_type": "price_change"}}
{"_local_timestamp": "2026-01-25T23:34:43.450705+00:00", "data": {"market": "0x41e676475f5443148f819112698fe64ab9b5c4398cdd01ae62be9644b039619c", "price_changes": [{"asset_id": "40295292119422825317656619334014562354277258517508345565206065520988244974994", "price": "0.09", "size": "4257.32", "side": "BUY", "hash": "10926a7415d2364adab3e32b3fb870929a761ca3", "best_bid": "0.47", "best_ask": "0.54"}, {"asset_id": "41374281767922630652293101318237675085529725714286293399622247633277038601569", "price": "0.91", "size": "4257.32", "side": "SELL", "hash": "f5669ca7a1444a61865a9addd812594476093ea3", "best_bid": "0.46", "best_ask": "0.53"}], "timestamp": "1769384083380", "event_type": "price_change"}}
{"_local_timestamp": "2026-01-25T23:34:43.451501+00:00", "data": {"market": "0x41e676475f5443148f819112698fe64ab9b5c4398cdd01ae62be9644b039619c", "price_changes": [{"asset_id": "41374281767922630652293101318237675085529725714286293399622247633277038601569", "price": "0.09", "size": "10156.43", "side": "BUY", "hash": "c25d1f0c61d2b7e6059cde2954664eb2b530eaa3", "best_bid": "0.46", "best_ask": "0.53"}, {"asset_id": "40295292119422825317656619334014562354277258517508345565206065520988244974994", "price": "0.91", "size": "10156.43", "side": "SELL", "hash": "b3627d3dd9bbeed999e79bb798c1a297047f8781", "best_bid": "0.47", "best_ask": "0.54"}], "timestamp": "1769384083381", "event_type": "price_change"}}
{"_local_timestamp": "2026-01-25T23:34:50.262366+00:00", "data": {"market": "0x41e676475f5443148f819112698fe64ab9b5c4398cdd01ae62be9644b039619c", "price_changes": [{"asset_id": "41374281767922630652293101318237675085529725714286293399622247633277038601569", "price": "0.14", "size": "300", "side": "BUY", "hash": "4ca33ea9ed8a75b32680621cd3394ebdc3485abb", "best_bid": "0.46", "best_ask": "0.53"}, {"asset_id": "40295292119422825317656619334014562354277258517508345565206065520988244974994", "price": "0.86", "size": "300", "side": "SELL", "hash": "41a2a7a83d0f0125b5a71c96e7b2af76829292a6", "best_bid": "0.47", "best_ask": "0.54"}], "timestamp": "1769384090193", "event_type": "price_change"}}
{"_local_timestamp": "2026-01-25T23:34:50.528667+00:00", "data": {"market": "0x41e676475f5443148f819112698fe64ab9b5c4398cdd01ae62be9644b039619c", "price_changes": [{"asset_id": "40295292119422825317656619334014562354277258517508345565206065520988244974994", "price": "0.09", "size": "4157.32", "side": "BUY", "hash": "68a92547ad999c86d7d2ad95d2bb3cba2c35b8e7", "best_bid": "0.47", "best_ask": "0.54"}, {"asset_id": "41374281767922630652293101318237675085529725714286293399622247633277038601569", "price": "0.91", "size": "4157.32", "side": "SELL", "hash": "ac8e8aec13980c2162196a5956aee0a45cf8718d", "best_bid": "0.46", "best_ask": "0.53"}], "timestamp": "1769384090194", "event_type": "price_change"}}
{"_local_timestamp": "2026-01-25T23:34:50.530190+00:00", "data": {"market": "0x41e676475f5443148f819112698fe64ab9b5c4398cdd01ae62be9644b039619c", "price_changes": [{"asset_id": "41374281767922630652293101318237675085529725714286293399622247633277038601569", "price": "0.09", "size": "4157.32", "side": "BUY", "hash": "412aae6eddc7e42407a4424258bb10d5e7c4b726", "best_bid": "0.46", "best_ask": "0.53"}, {"asset_id": "40295292119422825317656619334014562354277258517508345565206065520988244974994", "price": "0.91", "size": "4157.32", "side": "SELL", "hash": "2be8abf7b959fea383c39ac7a275e132ebb28051", "best_bid": "0.47", "best_ask": "0.54"}], "timestamp": "1769384090332", "event_type": "price_change"}}
{"_local_timestamp": "2026-01-25T23:34:50.659392+00:00", "data": {"market": "0x41e676475f5443148f819112698fe64ab9b5c4398cdd01ae62be9644b039619c", "price_changes": [{"asset_id": "40295292119422825317656619334014562354277258517508345565206065520988244974994", "price": "0.1", "size": "100", "side": "BUY", "hash": "2328e2a2eb2345461b10ce300b87d088a4f5f1d2", "best_bid": "0.47", "best_ask": "0.54"}, {"asset_id": "41374281767922630652293101318237675085529725714286293399622247633277038601569", "price": "0.9", "size": "100", "side": "SELL", "hash": "21ead47e4d30e080d49fc323482942b11f3abd21", "best_bid": "0.46", "best_ask": "0.53"}], "timestamp": "1769384090464", "event_type": "price_change"}}
{"_local_timestamp": "2026-01-25T23:34:50.661556+00:00", "data": {"market": "0x41e676475f5443148f819112698fe64ab9b5c4398cdd01ae62be9644b039619c", "price_changes": [{"asset_id": "41374281767922630652293101318237675085529725714286293399622247633277038601569", "price": "0.08", "size": "700", "side": "BUY", "hash": "1f8e559d3c699df444420dd35da05139638ee670", "best_bid": "0.46", "best_ask": "0.53"}, {"asset_id": "40295292119422825317656619334014562354277258517508345565206065520988244974994", "price": "0.92", "size": "700", "side": "SELL", "hash": "3cc4eb8688b366090ee73d807bccea1de82e7d52", "best_bid": "0.47", "best_ask": "0.54"}], "timestamp": "1769384090478", "event_type": "price_change"}}
{"_local_timestamp": "2026-01-25T23:34:50.731781+00:00", "data": {"market": "0x41e676475f5443148f819112698fe64ab9b5c4398cdd01ae62be9644b039619c", "price_changes": [{"asset_id": "40295292119422825317656619334014562354277258517508345565206065520988244974994", "price": "0.15", "size": "100", "side": "BUY", "hash": "39d34492a57813eb3e8bbfd825066841037dd538", "best_bid": "0.47", "best_ask": "0.54"}, {"asset_id": "41374281767922630652293101318237675085529725714286293399622247633277038601569", "price": "0.85", "size": "100", "side": "SELL", "hash": "dc189c42033359a6059d2c1bf393b9a68a123f58", "best_bid": "0.46", "best_ask": "0.53"}], "timestamp": "1769384090660", "event_type": "price_change"}}
{"_local_timestamp": "2026-01-25T23:34:50.732447+00:00", "data": {"market": "0x41e676475f5443148f819112698fe64ab9b5c4398cdd01ae62be9644b039619c", "price_changes": [{"asset_id": "40295292119422825317656619334014562354277258517508345565206065520988244974994", "price": "0.08", "size": "200", "side": "BUY", "hash": "39d34492a57813eb3e8bbfd825066841037dd538", "best_bid": "0.47", "best_ask": "0.54"}, {"asset_id": "41374281767922630652293101318237675085529725714286293399622247633277038601569", "price": "0.92", "size": "200", "side": "SELL", "hash": "dc189c42033359a6059d2c1bf393b9a68a123f58", "best_bid": "0.46", "best_ask": "0.53"}], "timestamp": "1769384090660", "event_type": "price_change"}}
{"_local_timestamp": "2026-01-25T23:34:50.834383+00:00", "data": {"market": "0x41e676475f5443148f819112698fe64ab9b5c4398cdd01ae62be9644b039619c", "price_changes": [{"asset_id": "40295292119422825317656619334014562354277258517508345565206065520988244974994", "price": "0.08", "size": "2197.11", "side": "BUY", "hash": "6a4e687ad65276ba1687263b3701bdc4802e3953", "best_bid": "0.47", "best_ask": "0.54"}, {"asset_id": "41374281767922630652293101318237675085529725714286293399622247633277038601569", "price": "0.92", "size": "2197.11", "side": "SELL", "hash": "616bb65fde43d9ea76cebb53be1c3922aa2fe19b", "best_bid": "0.46", "best_ask": "0.53"}], "timestamp": "1769384090762", "event_type": "price_change"}}
{"_local_timestamp": "2026-01-25T23:34:50.834974+00:00", "data": {"market": "0x41e676475f5443148f819112698fe64ab9b5c4398cdd01ae62be9644b039619c", "price_changes": [{"asset_id": "40295292119422825317656619334014562354277258517508345565206065520988244974994", "price": "0.08", "size": "3467.21", "side": "BUY", "hash": "ecb2cb46aabb9d6a2fde524a76e109651b0ecddc", "best_bid": "0.47", "best_ask": "0.54"}, {"asset_id": "41374281767922630652293101318237675085529725714286293399622247633277038601569", "price": "0.92", "size": "3467.21", "side": "SELL", "hash": "5d47d27e498c169b05b69e009f82728b0190ed4f", "best_bid": "0.46", "best_ask": "0.53"}], "timestamp": "1769384090763", "event_type": "price_change"}}
{"_local_timestamp": "2026-01-25T23:34:50.835481+00:00", "data": {"market": "0x41e676475f5443148f819112698fe64ab9b5c4398cdd01ae62be9644b039619c", "price_changes": [{"asset_id": "40295292119422825317656619334014562354277258517508345565206065520988244974994", "price": "0.08", "size": "4357.32", "side": "BUY", "hash": "2c25d778bd5167f7f43922feda6367e9c2a0f6d0", "best_bid": "0.47", "best_ask": "0.54"}, {"asset_id": "41374281767922630652293101318237675085529725714286293399622247633277038601569", "price": "0.92", "size": "4357.32", "side": "SELL", "hash": "f4c288dce3bfe89d66814a515fdf19e67fcf12d5", "best_bid": "0.46", "best_ask": "0.53"}], "timestamp": "1769384090764", "event_type": "price_change"}}
{"_local_timestamp": "2026-01-25T23:34:51.022471+00:00", "data": {"market": "0x41e676475f5443148f819112698fe64ab9b5c4398cdd01ae62be9644b039619c", "price_changes": [{"asset_id": "40295292119422825317656619334014562354277258517508345565206065520988244974994", "price": "0.1", "size": "500", "side": "BUY", "hash": "9ee185559a33c576af56c37befc51f0120b9f19b", "best_bid": "0.47", "best_ask": "0.54"}, {"asset_id": "41374281767922630652293101318237675085529725714286293399622247633277038601569", "price": "0.9", "size": "500", "side": "SELL", "hash": "18fd419f1bf083955e37643f6c3419d22c56e650", "best_bid": "0.46", "best_ask": "0.53"}], "timestamp": "1769384090942", "event_type": "price_change"}}
{"_local_timestamp": "2026-01-25T23:34:51.023092+00:00", "data": {"market": "0x41e676475f5443148f819112698fe64ab9b5c4398cdd01ae62be9644b039619c", "price_changes": [{"asset_id": "40295292119422825317656619334014562354277258517508345565206065520988244974994", "price": "0.14", "size": "200", "side": "BUY", "hash": "9e6aad51c3dccda10e51dc139d39845208d92d9a", "best_bid": "0.47", "best_ask": "0.54"}, {"asset_id": "41374281767922630652293101318237675085529725714286293399622247633277038601569", "price": "0.86", "size": "200", "side": "SELL", "hash": "7518e6418106b7b8f4cdc854327709c2fa8a4ade", "best_bid": "0.46", "best_ask": "0.53"}], "timestamp": "1769384090943", "event_type": "price_change"}}
{"_local_timestamp": "2026-01-25T23:34:56.660827+00:00", "data": {"market": "0x41e676475f5443148f819112698fe64ab9b5c4398cdd01ae62be9644b039619c", "price_changes": [{"asset_id": "40295292119422825317656619334014562354277258517508345565206065520988244974994", "price": "0.08", "size": "4257.32", "side": "BUY", "hash": "7868019412a2d7627e20ac77e9ba36b07a0ba0e9", "best_bid": "0.47", "best_ask": "0.54"}, {"asset_id": "41374281767922630652293101318237675085529725714286293399622247633277038601569", "price": "0.92", "size": "4257.32", "side": "SELL", "hash": "1f7ff1f424642df2128cd5b1f44f3dbc5270f27e", "best_bid": "0.46", "best_ask": "0.53"}], "timestamp": "1769384096590", "event_type": "price_change"}}
{"_local_timestamp": "2026-01-25T23:34:56.741110+00:00", "data": {"market": "0x41e676475f5443148f819112698fe64ab9b5c4398cdd01ae62be9644b039619c", "price_changes": [{"asset_id": "40295292119422825317656619334014562354277258517508345565206065520988244974994", "price": "0.09", "size": "0", "side": "BUY", "hash": "405d8836e571724addd739c5ad2583738d83d631", "best_bid": "0.47", "best_ask": "0.54"}, {"asset_id": "41374281767922630652293101318237675085529725714286293399622247633277038601569", "price": "0.91", "size": "0", "side": "SELL", "hash": "36c52ad22a853457b75c41546e5bdf7d9271f3a6", "best_bid": "0.46", "best_ask": "0.53"}], "timestamp": "1769384096672", "event_type": "price_change"}}
{"_local_timestamp": "2026-01-25T23:34:56.913472+00:00", "data": {"market": "0x41e676475f5443148f819112698fe64ab9b5c4398cdd01ae62be9644b039619c", "price_changes": [{"asset_id": "40295292119422825317656619334014562354277258517508345565206065520988244974994", "price": "0.1", "size": "600", "side": "BUY", "hash": "f6ccc921761c6061c05e2a1f757d94728669b7f0", "best_bid": "0.47", "best_ask": "0.54"}, {"asset_id": "41374281767922630652293101318237675085529725714286293399622247633277038601569", "price": "0.9", "size": "600", "side": "SELL", "hash": "b4095aa999e97d2538001ac29c785fab0470aaa4", "best_bid": "0.46", "best_ask": "0.53"}], "timestamp": "1769384096845", "event_type": "price_change"}}
{"_local_timestamp": "2026-01-25T23:34:57.035975+00:00", "data": {"market": "0x41e676475f5443148f819112698fe64ab9b5c4398cdd01ae62be9644b039619c", "price_changes": [{"asset_id": "40295292119422825317656619334014562354277258517508345565206065520988244974994", "price": "0.11", "size": "2002.33", "side": "BUY", "hash": "9e59fccfcf4844c9fc57664515a65857b7908e51", "best_bid": "0.47", "best_ask": "0.54"}, {"asset_id": "41374281767922630652293101318237675085529725714286293399622247633277038601569", "price": "0.89", "size": "2002.33", "side": "SELL", "hash": "6b3a322b3747b1f041672d3f1873bde479a5664e", "best_bid": "0.46", "best_ask": "0.53"}], "timestamp": "1769384096916", "event_type": "price_change"}}
{"_local_timestamp": "2026-01-25T23:34:57.216350+00:00", "data": {"market": "0x41e676475f5443148f819112698fe64ab9b5c4398cdd01ae62be9644b039619c", "price_changes": [{"asset_id": "40295292119422825317656619334014562354277258517508345565206065520988244974994", "price": "0.11", "size": "3272.43", "side": "BUY", "hash": "e4b7901a66d52bb0888705f99b5bdd115090e007", "best_bid": "0.47", "best_ask": "0.54"}, {"asset_id": "41374281767922630652293101318237675085529725714286293399622247633277038601569", "price": "0.89", "size": "3272.43", "side": "SELL", "hash": "fb416f3c3a724404964890d597f4d7c02b760e4a", "best_bid": "0.46", "best_ask": "0.53"}], "timestamp": "1769384097151", "event_type": "price_change"}}
{"_local_timestamp": "2026-01-25T23:34:57.217794+00:00", "data": {"market": "0x41e676475f5443148f819112698fe64ab9b5c4398cdd01ae62be9644b039619c", "price_changes": [{"asset_id": "40295292119422825317656619334014562354277258517508345565206065520988244974994", "price": "0.11", "size": "4162.54", "side": "BUY", "hash": "8a5e10510c23a8da4fa5002e51e1555c54d0f32d", "best_bid": "0.47", "best_ask": "0.54"}, {"asset_id": "41374281767922630652293101318237675085529725714286293399622247633277038601569", "price": "0.89", "size": "4162.54", "side": "SELL", "hash": "ac27460b548683e44f297fbd076cc25bbf9b54c3", "best_bid": "0.46", "best_ask": "0.53"}], "timestamp": "1769384097152", "event_type": "price_change"}}
{"_local_timestamp": "2026-01-25T23:35:01.811182+00:00", "data": {"market": "0x41e676475f5443148f819112698fe64ab9b5c4398cdd01ae62be9644b039619c", "price_changes": [{"asset_id": "40295292119422825317656619334014562354277258517508345565206065520988244974994", "price": "0.08", "size": "4157.32", "side": "BUY", "hash": "0fca1e218cedf0cc922c41953395203dd31ae1c6", "best_bid": "0.47", "best_ask": "0.54"}, {"asset_id": "41374281767922630652293101318237675085529725714286293399622247633277038601569", "price": "0.92", "size": "4157.32", "side": "SELL", "hash": "3c3cff78ec79b37f7e337e9053c5d83bccd83032", "best_bid": "0.46", "best_ask": "0.53"}], "timestamp": "1769384101738", "event_type": "price_change"}}
{"_local_timestamp": "2026-01-25T23:35:01.994060+00:00", "data": {"market": "0x41e676475f5443148f819112698fe64ab9b5c4398cdd01ae62be9644b039619c", "price_changes": [{"asset_id": "40295292119422825317656619334014562354277258517508345565206065520988244974994", "price": "0.08", "size": "0", "side": "BUY", "hash": "b13d19aed3c9cff829697fec086de24e77a15e3f", "best_bid": "0.47", "best_ask": "0.54"}, {"asset_id": "41374281767922630652293101318237675085529725714286293399622247633277038601569", "price": "0.92", "size": "0", "side": "SELL", "hash": "54933e2392ef4c666b8abe2b90db3d8036f2c47e", "best_bid": "0.46", "best_ask": "0.53"}], "timestamp": "1769384101917", "event_type": "price_change"}}
{"_local_timestamp": "2026-01-25T23:35:02.124327+00:00", "data": {"market": "0x41e676475f5443148f819112698fe64ab9b5c4398cdd01ae62be9644b039619c", "price_changes": [{"asset_id": "40295292119422825317656619334014562354277258517508345565206065520988244974994", "price": "0.1", "size": "700", "side": "BUY", "hash": "ccf159a1136346f59cf2a1dc2df399a03d5d60c5", "best_bid": "0.47", "best_ask": "0.54"}, {"asset_id": "41374281767922630652293101318237675085529725714286293399622247633277038601569", "price": "0.9", "size": "700", "side": "SELL", "hash": "df4bbe5fbc4739190b3cdb1fc636ef6c3079cfd9", "best_bid": "0.46", "best_ask": "0.53"}], "timestamp": "1769384102011", "event_type": "price_change"}}
{"_local_timestamp": "2026-01-25T23:35:06.834156+00:00", "data": {"market": "0x41e676475f5443148f819112698fe64ab9b5c4398cdd01ae62be9644b039619c", "price_changes": [{"asset_id": "40295292119422825317656619334014562354277258517508345565206065520988244974994", "price": "0.15", "size": "0", "side": "BUY", "hash": "a41b4a2360121d8f332cabe55c13a661a62e5473", "best_bid": "0.47", "best_ask": "0.54"}, {"asset_id": "41374281767922630652293101318237675085529725714286293399622247633277038601569", "price": "0.85", "size": "0", "side": "SELL", "hash": "8aa18886db63fdde0b0785b389aa922205aa3eed", "best_bid": "0.46", "best_ask": "0.53"}], "timestamp": "1769384106760", "event_type": "price_change"}}
{"_local_timestamp": "2026-01-25T23:35:07.044845+00:00", "data": {"market": "0x41e676475f5443148f819112698fe64ab9b5c4398cdd01ae62be9644b039619c", "price_changes": [{"asset_id": "40295292119422825317656619334014562354277258517508345565206065520988244974994", "price": "0.14", "size": "300", "side": "BUY", "hash": "60e0dd976066ab408b19aae4064d6e3bbb44a4a0", "best_bid": "0.47", "best_ask": "0.54"}, {"asset_id": "41374281767922630652293101318237675085529725714286293399622247633277038601569", "price": "0.86", "size": "300", "side": "SELL", "hash": "096d53ea675b7dc6c3536c22fc97f90a71856823", "best_bid": "0.46", "best_ask": "0.53"}], "timestamp": "1769384106974", "event_type": "price_change"}}
{"_local_timestamp": "2026-01-25T23:35:12.486336+00:00", "data": {"market": "0x41e676475f5443148f819112698fe64ab9b5c4398cdd01ae62be9644b039619c", "price_changes": [{"asset_id": "41374281767922630652293101318237675085529725714286293399622247633277038601569", "price": "0.08", "size": "300", "side": "BUY", "hash": "6ddb8946f6baed0ea52748284e652c8b0629b927", "best_bid": "0.46", "best_ask": "0.53"}, {"asset_id": "40295292119422825317656619334014562354277258517508345565206065520988244974994", "price": "0.92", "size": "300", "side": "SELL", "hash": "29b24d881451098d40d86b253fcca1ac8b3691f8", "best_bid": "0.47", "best_ask": "0.54"}], "timestamp": "1769384112422", "event_type": "price_change"}}
{"_local_timestamp": "2026-01-25T23:35:12.502004+00:00", "data": {"market": "0x41e676475f5443148f819112698fe64ab9b5c4398cdd01ae62be9644b039619c", "price_changes": [{"asset_id": "40295292119422825317656619334014562354277258517508345565206065520988244974994", "price": "0.1", "size": "300", "side": "BUY", "hash": "33a2f60e0f59da10de55fd336625fded36a7414e", "best_bid": "0.47", "best_ask": "0.54"}, {"asset_id": "41374281767922630652293101318237675085529725714286293399622247633277038601569", "price": "0.9", "size": "300", "side": "SELL", "hash": "897f98dadfd97aa5df5c10274433b66b5c3f1dba", "best_bid": "0.46", "best_ask": "0.53"}], "timestamp": "1769384112422", "event_type": "price_change"}}
{"_local_timestamp": "2026-01-25T23:35:12.502656+00:00", "data": {"market": "0x41e676475f5443148f819112698fe64ab9b5c4398cdd01ae62be9644b039619c", "price_changes": [{"asset_id": "40295292119422825317656619334014562354277258517508345565206065520988244974994", "price": "0.14", "size": "100", "side": "BUY", "hash": "33a2f60e0f59da10de55fd336625fded36a7414e", "best_bid": "0.47", "best_ask": "0.54"}, {"asset_id": "41374281767922630652293101318237675085529725714286293399622247633277038601569", "price": "0.86", "size": "100", "side": "SELL", "hash": "897f98dadfd97aa5df5c10274433b66b5c3f1dba", "best_bid": "0.46", "best_ask": "0.53"}], "timestamp": "1769384112422", "event_type": "price_change"}}
{"_local_timestamp": "2026-01-25T23:35:12.567848+00:00", "data": {"market": "0x41e676475f5443148f819112698fe64ab9b5c4398cdd01ae62be9644b039619c", "price_changes": [{"asset_id": "40295292119422825317656619334014562354277258517508345565206065520988244974994", "price": "0.08", "size": "1997.11", "side": "BUY", "hash": "b690215a867ea4a7174f426a8fd04e87199a5cf6", "best_bid": "0.47", "best_ask": "0.54"}, {"asset_id": "41374281767922630652293101318237675085529725714286293399622247633277038601569", "price": "0.92", "size": "1997.11", "side": "SELL", "hash": "b9195cc848c7dc18553d2c84f64ac1084cb440e9", "best_bid": "0.46", "best_ask": "0.53"}], "timestamp": "1769384112497", "event_type": "price_change"}}
{"_local_timestamp": "2026-01-25T23:35:12.615969+00:00", "data": {"market": "0x41e676475f5443148f819112698fe64ab9b5c4398cdd01ae62be9644b039619c", "price_changes": [{"asset_id": "41374281767922630652293101318237675085529725714286293399622247633277038601569", "price": "0.08", "size": "1190.11", "side": "BUY", "hash": "7e8322c6c1a3fb64d5d451aabd7a217f52c9748b", "best_bid": "0.46", "best_ask": "0.53"}, {"asset_id": "40295292119422825317656619334014562354277258517508345565206065520988244974994", "price": "0.92", "size": "1190.11", "side": "SELL", "hash": "6ad3c68894fd5d338c2cfd45e3037d8d03fb42f9", "best_bid": "0.47", "best_ask": "0.54"}], "timestamp": "1769384112546", "event_type": "price_change"}}
{"_local_timestamp": "2026-01-25T23:35:12.616599+00:00", "data": {"market": "0x41e676475f5443148f819112698fe64ab9b5c4398cdd01ae62be9644b039619c", "price_changes": [{"asset_id": "41374281767922630652293101318237675085529725714286293399622247633277038601569", "price": "0.08", "size": "2460.21", "side": "BUY", "hash": "0ba857cfb1031a5f21d22d205860d0b50945e613", "best_bid": "0.46", "best_ask": "0.53"}, {"asset_id": "40295292119422825317656619334014562354277258517508345565206065520988244974994", "price": "0.92", "size": "2460.21", "side": "SELL", "hash": "16d8c706ef9ad60f29f86c379f228bd3a4ca5a10", "best_bid": "0.47", "best_ask": "0.54"}], "timestamp": "1769384112547", "event_type": "price_change"}}
{"_local_timestamp": "2026-01-25T23:35:12.617132+00:00", "data": {"market": "0x41e676475f5443148f819112698fe64ab9b5c4398cdd01ae62be9644b039619c", "price_changes": [{"asset_id": "40295292119422825317656619334014562354277258517508345565206065520988244974994", "price": "0.08", "size": "3267.21", "side": "BUY", "hash": "8b09425bf50f5eb81681ed2c7fdbc2136a27b9d1", "best_bid": "0.47", "best_ask": "0.54"}, {"asset_id": "41374281767922630652293101318237675085529725714286293399622247633277038601569", "price": "0.92", "size": "3267.21", "side": "SELL", "hash": "804aba8a5363e9de9f337695208d0b7206934fb6", "best_bid": "0.46", "best_ask": "0.53"}], "timestamp": "1769384112547", "event_type": "price_change"}}
{"_local_timestamp": "2026-01-25T23:35:12.623093+00:00", "data": {"market": "0x41e676475f5443148f819112698fe64ab9b5c4398cdd01ae62be9644b039619c", "price_changes": [{"asset_id": "41374281767922630652293101318237675085529725714286293399622247633277038601569", "price": "0.08", "size": "4457.32", "side": "BUY", "hash": "226e39df5adb3886f56782142be9fff6a4683905", "best_bid": "0.46", "best_ask": "0.53"}, {"asset_id": "40295292119422825317656619334014562354277258517508345565206065520988244974994", "price": "0.92", "size": "4457.32", "side": "SELL", "hash": "d039097bc42b75696f5f559235e66c7d9ee4da2d", "best_bid": "0.47", "best_ask": "0.54"}], "timestamp": "1769384112548", "event_type": "price_change"}}
{"_local_timestamp": "2026-01-25T23:35:12.679974+00:00", "data": {"market": "0x41e676475f5443148f819112698fe64ab9b5c4398cdd01ae62be9644b039619c", "price_changes": [{"asset_id": "40295292119422825317656619334014562354277258517508345565206065520988244974994", "price": "0.08", "size": "4157.32", "side": "BUY", "hash": "eb7e41c50698fb96862a594e040407229a0e99a4", "best_bid": "0.47", "best_ask": "0.54"}, {"asset_id": "41374281767922630652293101318237675085529725714286293399622247633277038601569", "price": "0.92", "size": "4157.32", "side": "SELL", "hash": "45aebb0df7b7e2325b1c1db477cf415b9a504c94", "best_bid": "0.46", "best_ask": "0.53"}], "timestamp": "1769384112606", "event_type": "price_change"}}
{"_local_timestamp": "2026-01-25T23:35:12.795222+00:00", "data": {"market": "0x41e676475f5443148f819112698fe64ab9b5c4398cdd01ae62be9644b039619c", "price_changes": [{"asset_id": "40295292119422825317656619334014562354277258517508345565206065520988244974994", "price": "0.11", "size": "4562.54", "side": "BUY", "hash": "34c80a126c200b8a86d55ccc930decea4ee3c388", "best_bid": "0.47", "best_ask": "0.54"}, {"asset_id": "41374281767922630652293101318237675085529725714286293399622247633277038601569", "price": "0.89", "size": "4562.54", "side": "SELL", "hash": "f41e23f03d1a73b13a41cbbdd2c7de783d1bef41", "best_bid": "0.46", "best_ask": "0.53"}], "timestamp": "1769384112713", "event_type": "price_change"}}
{"_local_timestamp": "2026-01-25T23:35:12.796065+00:00", "data": {"market": "0x41e676475f5443148f819112698fe64ab9b5c4398cdd01ae62be9644b039619c", "price_changes": [{"asset_id": "41374281767922630652293101318237675085529725714286293399622247633277038601569", "price": "0.09", "size": "4557.32", "side": "BUY", "hash": "6d594717079d6dce3d4069c86aa856485d9a6ae0", "best_bid": "0.46", "best_ask": "0.53"}, {"asset_id": "40295292119422825317656619334014562354277258517508345565206065520988244974994", "price": "0.91", "size": "4557.32", "side": "SELL", "hash": "29cd9b24daaeac80f23cda2fa471bbf8c3dddb67", "best_bid": "0.47", "best_ask": "0.54"}], "timestamp": "1769384112713", "event_type": "price_change"}}
{"_local_timestamp": "2026-01-25T23:35:12.796715+00:00", "data": {"market": "0x41e676475f5443148f819112698fe64ab9b5c4398cdd01ae62be9644b039619c", "price_changes": [{"asset_id": "40295292119422825317656619334014562354277258517508345565206065520988244974994", "price": "0.15", "size": "200", "side": "BUY", "hash": "8a0f1600b74d452414d31268810f5e02c6dff08a", "best_bid": "0.47", "best_ask": "0.54"}, {"asset_id": "41374281767922630652293101318237675085529725714286293399622247633277038601569", "price": "0.85", "size": "200", "side": "SELL", "hash": "9a179a27feff8f71cd744ae068b7b74821153594", "best_bid": "0.46", "best_ask": "0.53"}], "timestamp": "1769384112714", "event_type": "price_change"}}
{"_local_timestamp": "2026-01-25T23:35:18.083268+00:00", "data": {"market": "0x41e676475f5443148f819112698fe64ab9b5c4398cdd01ae62be9644b039619c", "price_changes": [{"asset_id": "40295292119422825317656619334014562354277258517508345565206065520988244974994", "price": "0.14", "size": "0", "side": "BUY", "hash": "1122cb9154032cf5f2a2d4f93855b9f1aa4329c9", "best_bid": "0.47", "best_ask": "0.54"}, {"asset_id": "41374281767922630652293101318237675085529725714286293399622247633277038601569", "price": "0.86", "size": "0", "side": "SELL", "hash": "469be9f9631ef576d5b10ad4709b93003283d88a", "best_bid": "0.46", "best_ask": "0.53"}], "timestamp": "1769384118009", "event_type": "price_change"}}
{"_local_timestamp": "2026-01-25T23:35:18.134621+00:00", "data": {"market": "0x41e676475f5443148f819112698fe64ab9b5c4398cdd01ae62be9644b039619c", "price_changes": [{"asset_id": "40295292119422825317656619334014562354277258517508345565206065520988244974994", "price": "0.11", "size": "2402.33", "side": "BUY", "hash": "f3585e60cc61880392bbe04367ec57dc9b508cb1", "best_bid": "0.47", "best_ask": "0.54"}, {"asset_id": "41374281767922630652293101318237675085529725714286293399622247633277038601569", "price": "0.89", "size": "2402.33", "side": "SELL", "hash": "82483e3c759b92e2dc48ee939224156e2f0168cd", "best_bid": "0.46", "best_ask": "0.53"}], "timestamp": "1769384118056", "event_type": "price_change"}}
