{"_local_timestamp": "2026-01-25T23:33:56.182073+00:00", "data": [{"market": "0x24c14ec9db68a55368e62cab025afe5a3d31478d791ed0dd04980cabef6e8b8f", "asset_id": "96521257537838472540554754164905370681999785393644142201157554652865749102550", "timestamp": "1769384035530", "hash": "8aa5c77672cffbaa57a6bf448097d524d2a8c3e4", "bids": [], "asks": [{"price": "0.999", "size": "100625"}, {"price": "0.998", "size": "55000"}, {"price": "0.992", "size": "155"}, {"price": "0.99", "size": "27010"}, {"price": "0.989", "size": "55710"}, {"price": "0.92", "size": "155"}, {"price": "0.903", "size": "100"}, {"price": "0.901", "size": "100"}, {"price": "0.9", "size": "3500"}, {"price": "0.899", "size": "10000"}, {"price": "0.53", "size": "100"}, {"price": "0.51", "size": "100"}, {"price": "0.503", "size": "200"}, {"price": "0.501", "size": "100"}, {"price": "0.5", "size": "176"}, {"price": "0.25", "size": "60"}, {"price": "0.233", "size": "60"}, {"price": "0.232", "size": "777"}, {"price": "0.231", "size": "60"}, {"price": "0.23", "size": "60"}, {"price": "0.229", "size": "53"}, {"price": "0.228", "size": "5.51"}, {"price": "0.009", "size": "500"}, {"price": "0.001", "size": "109303"}], "event_type": "book", "last_trade_price": ""}, {"market": "0x24c14ec9db68a55368e62cab025afe5a3d31478d791ed0dd04980cabef6e8b8f", "asset_id": "26523267999357506072105479744089779902889355390554625059173037175194726913847", "timestamp": "1769384035530", "hash": "6dc342c426b819dc8d960e45e5b4ed5157553c5b", "bids": [{"price": "0.001", "size": "100625"}, {"price": "0.002", "size": "55000"}, {"price": "0.008", "size": "155"}, {"price": "0.01", "size": "27010"}, {"price": "0.011", "size": "55710"}, {"price": "0.08", "size": "155"}, {"price": "0.097", "size": "100"}, {"price": "0.099", "size": "100"}, {"price": "0.1", "size": "3500"}, {"price": "0.101", "size": "10000"}, {"price": "0.47", "size": "100"}, {"price": "0.49", "size": "100"}, {"price": "0.497", "size": "200"}, {"price": "0.499", "size": "100"}, {"price": "0.5", "size": "176"}, {"price": "0.75", "size": "60"}, {"price": "0.767", "size": "60"}, {"price": "0.768", "size": "777"}, {"price": "0.769", "size": "60"}, {"price": "0.77", "size": "60"}, {"price": "0.771", "size": "53"}, {"price": "0.772", "size": "5.51"}, {"price": "0.991", "size": "500"}, {"price": "0.999", "size": "109303"}], "asks": [], "event_type": "book", "last_trade_price": ""}]}
{"_local_timestamp": "2026-01-25T23:34:07.972214+00:00", "data": {"market": "0x24c14ec9db68a55368e62cab025afe5a3d31478d791ed0dd04980cabef6e8b8f", "price_changes": [{"asset_id": "26523267999357506072105479744089779902889355390554625059173037175194726913847", "price": "0.999", "size": "104993", "side": "BUY", "hash": "12d11a5bae63d95662227ca93067d635bc2d2a68", "best_bid": "0.999", "best_ask": "1"}, {"asset_id": "96521257537838472540554754164905370681999785393644142201157554652865749102550", "price": "0.001", "size": "104993", "side": "SELL", "hash": "5402e1415bd3aa5c665d38608aaf6a39b6a59698", "best_bid": "0", "best_ask": "0.001"}], "timestamp": "1769384047888", "event_type": "price_change"}}
{"_local_timestamp": "2026-01-25T23:34:08.659324+00:00", "data": {"market": "0x24c14ec9db68a55368e62cab025afe5a3d31478d791ed0dd04980cabef6e8b8f", "price_changes": [{"asset_id": "26523267999357506072105479744089779902889355390554625059173037175194726913847", "price": "0.999", "size": "100000", "side": "BUY", "hash": "15641256bb99d5ed9dc8fe4a7e7b70bb79d10163", "best_bid": "0.999", "best_ask": "1"}, {"asset_id": "96521257537838472540554754164905370681999785393644142201157554652865749102550", "price": "0.001", "size": "100000", "side": "SELL", "hash": "df7eade2377e016d9a6b4b6f5c532ec1d89c1db7", "best_bid": "0", "best_ask": "0.001"}], "timestamp": "1769384048563", "event_type": "price_change"}}
{"_local_timestamp": "2026-01-25T23:34:09.287479+00:00", "data": {"market": "0x24c14ec9db68a55368e62cab025afe5a3d31478d791ed0dd04980cabef6e8b8f", "price_changes": [{"asset_id": "26523267999357506072105479744089779902889355390554625059173037175194726913847", "price": "0.999", "size": "90000", "side": "BUY", "hash": "67e6fc34f910548ade7ad9212c2cf78fe2d98e8d", "best_bid": "0.999", "best_ask": "1"}, {"asset_id": "96521257537838472540554754164905370681999785393644142201157554652865749102550", "price": "0.001", "size": "90000", "side": "SELL", "hash": "95eb865f4c5878bb5cf6e31bd410187a361bafe9", "best_bid": "0", "best_ask": "0.001"}], "timestamp": "1769384049209", "event_type": "price_change"}}
{"_local_timestamp": "2026-01-25T23:34:11.209826+00:00", "data": {"market": "0x24c14ec9db68a55368e62cab025afe5a3d31478d791ed0dd04980cabef6e8b8f", "price_changes": [{"asset_id": "26523267999357506072105479744089779902889355390554625059173037175194726913847", "price": "0.999", "size": "92500", "side": "BUY", "hash": "ddd383c349dccbee42e931a9029e6b27325f25ce", "best_bid": "0.999", "best_ask": "1"}, {"asset_id": "96521257537838472540554754164905370681999785393644142201157554652865749102550", "price": "0.001", "size": "92500", "side": "SELL", "hash": "b5ca2c4ad3255d979ab9236d80d73a3c88a546c8", "best_bid": "0", "best_ask": "0.001"}], "timestamp": "1769384051121", "event_type": "price_change"}}
{"_local_timestamp": "2026-01-25T23:34:12.450555+00:00", "data": {"market": "0x24c14ec9db68a55368e62cab025afe5a3d31478d791ed0dd04980cabef6e8b8f", "price_changes": [{"asset_id": "26523267999357506072105479744089779902889355390554625059173037175194726913847", "price": "0.999", "size": "93124", "side": "BUY", "hash": "99290794ccfd2fd78df88fbdfdea888a7009de74", "best_bid": "0.999", "best_ask": "1"}, {"asset_id": "96521257537838472540554754164905370681999785393644142201157554652865749102550", "price": "0.001", "size": "93124", "side": "SELL", "hash": "07b16cf0269130f73a2b0e4a1d0c6fc2ef6d7070", "best_bid": "0", "best_ask": "0.001"}], "timestamp": "1769384052362", "event_type": "price_change"}}
{"_local_timestamp": "2026-01-25T23:34:13.594297+00:00", "data": {"market": "0x24c14ec9db68a55368e62cab025afe5a3d31478d791ed0dd04980cabef6e8b8f", "price_changes": [{"asset_id": "26523267999357506072105479744089779902889355390554625059173037175194726913847", "price": "0.999", "size": "93279", "side": "BUY", "hash": "2f441668b2dd0c12ff8b21f767cb625dc923fb37", "best_bid": "0.999", "best_ask": "1"}, {"asset_id": "96521257537838472540554754164905370681999785393644142201157554652865749102550", "price": "0.001", "size": "93279", "side": "SELL", "hash": "3682eb85b7de726a76b3222b78f0098fcd6598db", "best_bid": "0", "best_ask": "0.001"}], "timestamp": "1769384053418", "event_type": "price_change"}}
{"_local_timestamp": "2026-01-25T23:34:25.438427+00:00", "data": {"market": "0x24c14ec9db68a55368e62cab025afe5a3d31478d791ed0dd04980cabef6e8b8f", "price_changes": [{"asset_id": "26523267999357506072105479744089779902889355390554625059173037175194726913847", "price": "0.999", "size": "80000", "side": "BUY", "hash": "6afcea71b6ae1d5bdfd40e30f99255a5c856dd6d", "best_bid": "0.999", "best_ask": "1"}, {"asset_id": "96521257537838472540554754164905370681999785393644142201157554652865749102550", "price": "0.001", "size": "80000", "side": "SELL", "hash": "4e17ea3fffd4c65b9558411d24844fc0f1a28a75", "best_bid": "0", "best_ask": "0.001"}], "timestamp": "1769384065336", "event_type": "price_change"}}
{"_local_timestamp": "2026-01-25T23:34:26.285012+00:00", "data": {"market": "0x24c14ec9db68a55368e62cab025afe5a3d31478d791ed0dd04980cabef6e8b8f", "price_changes": [{"asset_id": "26523267999357506072105479744089779902889355390554625059173037175194726913847", "price": "0.999", "size": "80625", "side": "BUY", "hash": "2a40b53ae14a024815323a04d5a12cb3cc102c9f", "best_bid": "0.999", "best_ask": "1"}, {"asset_id": "96521257537838472540554754164905370681999785393644142201157554652865749102550", "price": "0.001", "size": "80625", "side": "SELL", "hash": "9266831f50aeccdaa33d6dcec1ba5ec4db1246be", "best_bid": "0", "best_ask": "0.001"}], "timestamp": "1769384066204", "event_type": "price_change"}}
{"_local_timestamp": "2026-01-25T23:34:26.693206+00:00", "data": {"market": "0x24c14ec9db68a55368e62cab025afe5a3d31478d791ed0dd04980cabef6e8b8f", "price_changes": [{"asset_id": "26523267999357506072105479744089779902889355390554625059173037175194726913847", "price": "0.999", "size": "81249", "side": "BUY", "hash": "81b66aa526121d4b150ddb96327209c11d9bc616", "best_bid": "0.999", "best_ask": "1"}, {"asset_id": "96521257537838472540554754164905370681999785393644142201157554652865749102550", "price": "0.001", "size": "81249", "side": "SELL", "hash": "5b0d6f38edb585f454f271360f0ed37721776fb9", "best_bid": "0", "best_ask": "0.001"}], "timestamp": "1769384066589", "event_type": "price_change"}}
{"_local_timestamp": "2026-01-25T23:34:27.914764+00:00", "data": {"market": "0x24c14ec9db68a55368e62cab025afe5a3d31478d791ed0dd04980cabef6e8b8f", "price_changes": [{"asset_id": "26523267999357506072105479744089779902889355390554625059173037175194726913847", "price": "0.999", "size": "81404", "side": "BUY", "hash": "1d1438201cae06a83716228d88954f2b5c161cb8", "best_bid": "0.999", "best_ask": "1"}, {"asset_id": "96521257537838472540554754164905370681999785393644142201157554652865749102550", "price": "0.001", "size": "81404", "side": "SELL", "hash": "f6068f6d353d4de630d586e59a47cdcdf3f7cc10", "best_bid": "0", "best_ask": "0.001"}], "timestamp": "1769384067736", "event_type": "price_change"}}
{"_local_timestamp": "2026-01-25T23:34:28.288137+00:00", "data": {"market": "0x24c14ec9db68a55368e62cab025afe5a3d31478d791ed0dd04980cabef6e8b8f", "price_changes": [{"asset_id": "26523267999357506072105479744089779902889355390554625059173037175194726913847", "price": "0.999", "size": "81558", "side": "BUY", "hash": "a211eb6a8c516f3f791d75d44e845a64ce00f006", "best_bid": "0.999", "best_ask": "1"}, {"asset_id": "96521257537838472540554754164905370681999785393644142201157554652865749102550", "price": "0.001", "size": "81558", "side": "SELL", "hash": "a684188cf4699509ad68db03aea779bdbc65cbb7", "best_bid": "0", "best_ask": "0.001"}], "timestamp": "1769384068178", "event_type": "price_change"}}
{"_local_timestamp": "2026-01-25T23:34:29.363091+00:00", "data": {"market": "0x24c14ec9db68a55368e62cab025afe5a3d31478d791ed0dd04980cabef6e8b8f", "price_changes": [{"asset_id": "26523267999357506072105479744089779902889355390554625059173037175194726913847", "price": "0.999", "size": "81711", "side": "BUY", "hash": "afc4a83d09cfc52286988e90f134d73a31381f36", "best_bid": "0.999", "best_ask": "1"}, {"asset_id": "96521257537838472540554754164905370681999785393644142201157554652865749102550", "price": "0.001", "size": "81711", "side": "SELL", "hash": "b3134ce74362cdbf5f1b47adc88e451363efaa23", "best_bid": "0", "best_ask": "0.001"}], "timestamp": "1769384069298", "event_type": "price_change"}}
{"_local_timestamp": "2026-01-25T23:34:29.763615+00:00", "data": {"market": "0x24c14ec9db68a55368e62cab025afe5a3d31478d791ed0dd04980cabef6e8b8f", "price_changes": [{"asset_id": "26523267999357506072105479744089779902889355390554625059173037175194726913847", "price": "0.999", "size": "81863", "side": "BUY", "hash": "b645678678c2258dd89420a886567dea47f0a123", "best_bid": "0.999", "best_ask": "1"}, {"asset_id": "96521257537838472540554754164905370681999785393644142201157554652865749102550", "price": "0.001", "size": "81863", "side": "SELL", "hash": "459af92096992631a60ec8df8fb1b8b6f9208441", "best_bid": "0", "best_ask": "0.001"}], "timestamp": "1769384069639", "event_type": "price_change"}}
{"_local_timestamp": "2026-01-25T23:34:30.375870+00:00", "data": {"market": "0x24c14ec9db68a55368e62cab025afe5a3d31478d791ed0dd04980cabef6e8b8f", "price_changes": [{"asset_id": "26523267999357506072105479744089779902889355390554625059173037175194726913847", "price": "0.999", "size": "82014", "side": "BUY", "hash": "24fdf7b923658676e2f3c726c0e4fefe04bea34b", "best_bid": "0.999", "best_ask": "1"}, {"asset_id": "96521257537838472540554754164905370681999785393644142201157554652865749102550", "price": "0.001", "size": "82014", "side": "SELL", "hash": "093577f4aee937170a41c2ade6b151bba1d3f6b7", "best_bid": "0", "best_ask": "0.001"}], "timestamp": "1769384070204", "event_type": "price_change"}}
{"_local_timestamp": "2026-01-25T23:34:30.694369+00:00", "data": {"market": "0x24c14ec9db68a55368e62cab025afe5a3d31478d791ed0dd04980cabef6e8b8f", "price_changes": [{"asset_id": "26523267999357506072105479744089779902889355390554625059173037175194726913847", "price": "0.999", "size": "82051", "side": "BUY", "hash": "d8294bbbdcfef5cfc70d831dfe335124b779a9db", "best_bid": "0.999", "best_ask": "1"}, {"asset_id": "96521257537838472540554754164905370681999785393644142201157554652865749102550", "price": "0.001", "size": "82051", "side": "SELL", "hash": "e435cd054ed7b96ff10af2add8ed7b8dd5c5be26", "best_bid": "0", "best_ask": "0.001"}], "timestamp": "1769384070572", "event_type": "price_change"}}
{"_local_timestamp": "2026-01-25T23:34:30.997001+00:00", "data": {"market": "0x24c14ec9db68a55368e62cab025afe5a3d31478d791ed0dd04980cabef6e8b8f", "price_changes": [{"asset_id": "26523267999357506072105479744089779902889355390554625059173037175194726913847", "price": "0.999", "size": "82087", "side": "BUY", "hash": "1874771348a6597ff47059b3b63617c646f816e6", "best_bid": "0.999", "best_ask": "1"}, {"asset_id": "96521257537838472540554754164905370681999785393644142201157554652865749102550", "price": "0.001", "size": "82087", "side": "SELL", "hash": "77f867143488cee3f791c5b14d9e445597e40f2a", "best_bid": "0", "best_ask": "0.001"}], "timestamp": "1769384070919", "event_type": "price_change"}}
{"_local_timestamp": "2026-01-25T23:34:32.356788+00:00", "data": {"market": "0x24c14ec9db68a55368e62cab025afe5a3d31478d791ed0dd04980cabef6e8b8f", "price_changes": [{"asset_id": "26523267999357506072105479744089779902889355390554625059173037175194726913847", "price": "0.999", "size": "82122", "side": "BUY", "hash": "e3274e5ea020e984aef9c1de01598f90a302779b", "best_bid": "0.999", "best_ask": "1"}, {"asset_id": "96521257537838472540554754164905370681999785393644142201157554652865749102550", "price": "0.001", "size": "82122", "side": "SELL", "hash": "3b13db27b3fb29a0ef9185ed7eb395239cefceec", "best_bid": "0", "best_ask": "0.001"}], "timestamp": "1769384072223", "event_type": "price_change"}}
{"_local_timestamp": "2026-01-25T23:34:32.664587+00:00", "data": {"market": "0x24c14ec9db68a55368e62cab025afe5a3d31478d791ed0dd04980cabef6e8b8f", "price_changes": [{"asset_id": "26523267999357506072105479744089779902889355390554625059173037175194726913847", "price": "0.999", "size": "82156", "side": "BUY", "hash": "ad9d4233664dcf2129e688a0d207a64864f0f230", "best_bid": "0.999", "best_ask": "1"}, {"asset_id": "96521257537838472540554754164905370681999785393644142201157554652865749102550", "price": "0.001", "size": "82156", "side": "SELL", "hash": "a87a72146646bfdef2538e3596cf7b9edc931ca1", "best_bid": "0", "best_ask": "0.001"}], "timestamp": "1769384072578", "event_type": "price_change"}}
{"_local_timestamp": "2026-01-25T23:34:33.473749+00:00", "data": {"market": "0x24c14ec9db68a55368e62cab025afe5a3d31478d791ed0dd04980cabef6e8b8f", "price_changes": [{"asset_id": "26523267999357506072105479744089779902889355390554625059173037175194726913847", "price": "0.999", "size": "82189", "side": "BUY", "hash": "6c48ec545b0bf248620dd1930b0db7ec526f996f", "best_bid": "0.999", "best_ask": "1"}, {"asset_id": "96521257537838472540554754164905370681999785393644142201157554652865749102550", "price": "0.001", "size": "82189", "side": "SELL", "hash": "5c8646c56b133608c5bc4147e06e78c21c053fa6", "best_bid": "0", "best_ask": "0.001"}], "timestamp": "1769384073348", "event_type": "price_change"}}
{"_local_timestamp": "2026-01-25T23:34:36.168256+00:00", "data": {"market": "0x24c14ec9db68a55368e62cab025afe5a3d31478d791ed0dd04980cabef6e8b8f", "price_changes": [{"asset_id": "26523267999357506072105479744089779902889355390554625059173037175194726913847", "price": "0.999", "size": "84689", "side": "BUY", "hash": "a4eca018daa7fcf1c034310a9b8115a691005033", "best_bid": "0.999", "best_ask": "1"}, {"asset_id": "96521257537838472540554754164905370681999785393644142201157554652865749102550", "price": "0.001", "size": "84689", "side": "SELL", "hash": "25f577e7a8a6196a8d9435c7971144b1a389af07", "best_bid": "0", "best_ask": "0.001"}], "timestamp": "1769384076064", "event_type": "price_change"}}
{"_local_timestamp": "2026-01-25T23:34:38.537959+00:00", "data": {"market": "0x24c14ec9db68a55368e62cab025afe5a3d31478d791ed0dd04980cabef6e8b8f", "price_changes": [{"asset_id": "26523267999357506072105479744089779902889355390554625059173037175194726913847", "price": "0.999", "size": "84844", "side": "BUY", "hash": "cbb9e2df544953b7f87417563c494d251c6bb42b", "best_bid": "0.999", "best_ask": "1"}, {"asset_id": "96521257537838472540554754164905370681999785393644142201157554652865749102550", "price": "0.001", "size": "84844", "side": "SELL", "hash": "6733675b46c21ce43590ed23120bd8f612277cc0", "best_bid": "0", "best_ask": "0.001"}], "timestamp": "1769384078453", "event_type": "price_change"}}
{"_local_timestamp": "2026-01-25T23:34:38.895516+00:00", "data": {"market": "0x24c14ec9db68a55368e62cab025afe5a3d31478d791ed0dd04980cabef6e8b8f", "price_changes": [{"asset_id": "26523267999357506072105479744089779902889355390554625059173037175194726913847", "price": "0.999", "size": "84998", "side": "BUY", "hash": "3b5814c4b6b58979404d6c80afe03d9776268565", "best_bid": "0.999", "best_ask": "1"}, {"asset_id": "96521257537838472540554754164905370681999785393644142201157554652865749102550", "price": "0.001", "size": "84998", "side": "SELL", "hash": "ffeba074826bdc7015708a8337d55b6cfba67d64", "best_bid": "0", "best_ask": "0.001"}], "timestamp": "1769384078818", "event_type": "price_change"}}
{"_local_timestamp": "2026-01-25T23:34:40.225933+00:00", "data": {"market": "0x24c14ec9db68a55368e62cab025afe5a3d31478d791ed0dd04980cabef6e8b8f", "price_changes": [{"asset_id": "26523267999357506072105479744089779902889355390554625059173037175194726913847", "price": "0.999", "size": "85151", "side": "BUY", "hash": "e63d9dd0a8bc87942a3645412f4390c1b122fa8c", "best_bid": "0.999", "best_ask": "1"}, {"asset_id": "96521257537838472540554754164905370681999785393644142201157554652865749102550", "price": "0.001", "size": "85151", "side": "SELL", "hash": "e346b9500d2f8f9a7d543d09af9016ef0ce08003", "best_bid": "0", "best_ask": "0.001"}], "timestamp": "1769384080035", "event_type": "price_change"}}
{"_local_timestamp": "2026-01-25T23:34:40.647198+00:00", "data": {"market": "0x24c14ec9db68a55368e62cab025afe5a3d31478d791ed0dd04980cabef6e8b8f", "price_changes": [{"asset_id": "26523267999357506072105479744089779902889355390554625059173037175194726913847", "price": "0.999", "size": "85303", "side": "BUY", "hash": "340c04005ec2eff09e10670d652f8ff9aa9bc55e", "best_bid": "0.999", "best_ask": "1"}, {"asset_id": "96521257537838472540554754164905370681999785393644142201157554652865749102550", "price": "0.001", "size": "85303", "side": "SELL", "hash": "8d7f7e9df74546e6860c480a7a47eb8eaa02dc8e", "best_bid": "0", "best_ask": "0.001"}], "timestamp": "1769384080483", "event_type": "price_change"}}
{"_local_timestamp": "2026-01-25T23:35:07.504951+00:00", "data": {"market": "0x24c14ec9db68a55368e62cab025afe5a3d31478d791ed0dd04980cabef6e8b8f", "price_changes": [{"asset_id": "26523267999357506072105479744089779902889355390554625059173037175194726913847", "price": "0.999", "size": "80000", "side": "BUY", "hash": "fa53f53ab46eed1f8a5b71441593a3d94d5b3ef3", "best_bid": "0.999", "best_ask": "1"}, {"asset_id": "96521257537838472540554754164905370681999785393644142201157554652865749102550", "price": "0.001", "size": "80000", "side": "SELL", "hash": "7661559f61aabbed95aa2f3621e329da1fc5f8ad", "best_bid": "0", "best_ask": "0.001"}], "timestamp": "1769384107391", "event_type": "price_change"}}
{"_local_timestamp": "2026-01-25T23:35:07.710896+00:00", "data": {"market": "0x24c14ec9db68a55368e62cab025afe5a3d31478d791ed0dd04980cabef6e8b8f", "price_changes": [{"asset_id": "26523267999357506072105479744089779902889355390554625059173037175194726913847", "price": "0.999", "size": "80039", "side": "BUY", "hash": "b7baff12b863406f23c278ff377c31e391c1acd7", "best_bid": "0.999", "best_ask": "1"}, {"asset_id": "96521257537838472540554754164905370681999785393644142201157554652865749102550", "price": "0.001", "size": "80039", "side": "SELL", "hash": "fa9a958cd2f5d7e5f1745cf0b676566527fe8714", "best_bid": "0", "best_ask": "0.001"}], "timestamp": "1769384107607", "event_type": "price_change"}}
{"_local_timestamp": "2026-01-25T23:35:08.010227+00:00", "data": {"market": "0x24c14ec9db68a55368e62cab025afe5a3d31478d791ed0dd04980cabef6e8b8f", "price_changes": [{"asset_id": "26523267999357506072105479744089779902889355390554625059173037175194726913847", "price": "0.999", "size": "80077", "side": "BUY", "hash": "0a8b1cfb8dcaaea4ac07659f705ca9d823584c1d", "best_bid": "0.999", "best_ask": "1"}, {"asset_id": "96521257537838472540554754164905370681999785393644142201157554652865749102550", "price": "0.001", "size": "80077", "side": "SELL", "hash": "c5337d30f2b7fffdd40aefce7d953c42b4198bb2", "best_bid": "0", "best_ask": "0.001"}], "timestamp": "1769384107940", "event_type": "price_change"}}
{"_local_timestamp": "2026-01-25T23:35:08.446398+00:00", "data": {"market": "0x24c14ec9db68a55368e62cab025afe5a3d31478d791ed0dd04980cabef6e8b8f", "price_changes": [{"asset_id": "26523267999357506072105479744089779902889355390554625059173037175194726913847", "price": "0.999", "size": "80114", "side": "BUY", "hash": "e442440f6dc5eabcc2de728ede9d3bd385ff46e2", "best_bid": "0.999", "best_ask": "1"}, {"asset_id": "96521257537838472540554754164905370681999785393644142201157554652865749102550", "price": "0.001", "size": "80114", "side": "SELL", "hash": "887ad3ca5a901a1db57879de72705b95de83ae65", "best_bid": "0", "best_ask": "0.001"}], "timestamp": "1769384108362", "event_type": "price_change"}}
{"_local_timestamp": "2026-01-25T23:35:08.878415+00:00", "data": {"market": "0x24c14ec9db68a55368e62cab025afe5a3d31478d791ed0dd04980cabef6e8b8f", "price_changes": [{"asset_id": "26523267999357506072105479744089779902889355390554625059173037175194726913847", "price": "0.999", "size": "80150", "side": "BUY", "hash": "dd338b0b959df3e97a15eca01a0c60d3b0d749d2", "best_bid": "0.999", "best_ask": "1"}, {"asset_id": "96521257537838472540554754164905370681999785393644142201157554652865749102550", "price": "0.001", "size": "80150", "side": "SELL", "hash": "cac8e55600a633805923c6f0926ee307542dd94b", "best_bid": "0", "best_ask": "0.001"}], "timestamp": "1769384108810", "event_type": "price_change"}}
{"_local_timestamp": "2026-01-25T23:35:09.275034+00:00", "data": {"market": "0x24c14ec9db68a55368e62cab025afe5a3d31478d791ed0dd04980cabef6e8b8f", "price_changes": [{"asset_id": "26523267999357506072105479744089779902889355390554625059173037175194726913847", "price": "0.999", "size": "80185", "side": "BUY", "hash": "ade7a7e76eb1be5f5d18435fe57c55df36a37175", "best_bid": "0.999", "best_ask": "1"}, {"asset_id": "96521257537838472540554754164905370681999785393644142201157554652865749102550", "price": "0.001", "size": "80185", "side": "SELL", "hash": "fcc25eb6673a0a84180a8626be8ad30ff16e25d8", "best_bid": "0", "best_ask": "0.001"}], "timestamp": "1769384109178", "event_type": "price_change"}}
{"_local_timestamp": "2026-01-25T23:35:12.136212+00:00", "data": {"market": "0x24c14ec9db68a55368e62cab025afe5a3d31478d791ed0dd04980cabef6e8b8f", "price_changes": [{"asset_id": "26523267999357506072105479744089779902889355390554625059173037175194726913847", "price": "0.999", "size": "80809", "side": "BUY", "hash": "2100eabdbec0a108ce9096c409c64a1b1bf5a982", "best_bid": "0.999", "best_ask": "1"}, {"asset_id": "96521257537838472540554754164905370681999785393644142201157554652865749102550", "price": "0.001", "size": "80809", "side": "SELL", "hash": "3b018c5cd9ea8a0f1ff793a32e4e90ef30edf51f", "best_bid": "0", "best_ask": "0.001"}], "timestamp": "1769384112041", "event_type": "price_change"}}
{"_local_timestamp": "2026-01-25T23:35:14.129648+00:00", "data": {"market": "0x24c14ec9db68a55368e62cab025afe5a3d31478d791ed0dd04980cabef6e8b8f", "price_changes": [{"asset_id": "26523267999357506072105479744089779902889355390554625059173037175194726913847", "price": "0.999", "size": "80964", "side": "BUY", "hash": "7175a3c735041d2631169d3b9f8f15d51bc17c25", "best_bid": "0.999", "best_ask": "1"}, {"asset_id": "96521257537838472540554754164905370681999785393644142201157554652865749102550", "price": "0.001", "size": "80964", "side": "SELL", "hash": "cb53297e02e0e73338a13c35d6799412bec335d6", "best_bid": "0", "best_ask": "0.001"}], "timestamp": "1769384114053", "event_type": "price_change"}}
{"_local_timestamp": "2026-01-25T23:35:14.554839+00:00", "data": {"market": "0x24c14ec9db68a55368e62cab025afe5a3d31478d791ed0dd04980cabef6e8b8f", "price_changes": [{"asset_id": "26523267999357506072105479744089779902889355390554625059173037175194726913847", "price": "0.999", "size": "81118", "side": "BUY", "hash": "a64fda96ee3b24549b5b9724432007bc5e0eaf60", "best_bid": "0.999", "best_ask": "1"}, {"asset_id": "96521257537838472540554754164905370681999785393644142201157554652865749102550", "price": "0.001", "size": "81118", "side": "SELL", "hash": "2e5d573a058b1f1077c5dc557f3250c6c09debe4", "best_bid": "0", "best_ask": "0.001"}], "timestamp": "1769384114480", "event_type": "price_change"}}
{"_local_timestamp": "2026-01-25T23:35:15.185467+00:00", "data": {"market": "0x24c14ec9db68a55368e62cab025afe5a3d31478d791ed0dd04980cabef6e8b8f", "price_changes": [{"asset_id": "26523267999357506072105479744089779902889355390554625059173037175194726913847", "price": "0.999", "size": "81271", "side": "BUY", "hash": "32fe6ed245a252ce16a7388b302548a30808ed7b", "best_bid": "0.999", "best_ask": "1"}, {"asset_id": "96521257537838472540554754164905370681999785393644142201157554652865749102550", "price": "0.001", "size": "81271", "side": "SELL", "hash": "cd2198f776383988ddad266aaadd849306ce4fac", "best_bid": "0", "best_ask": "0.001"}], "timestamp": "1769384115109", "event_type": "price_change"}}
{"_local_timestamp": "2026-01-25T23:35:17.917880+00:00", "data": {"market": "0x24c14ec9db68a55368e62cab025afe5a3d31478d791ed0dd04980cabef6e8b8f", "price_changes": [{"asset_id": "26523267999357506072105479744089779902889355390554625059173037175194726913847", "price": "0.999", "size": "81305", "side": "BUY", "hash": "bea984b602ee8f34188c01725ea76c0a98b03e1b", "best_bid": "0.999", "best_ask": "1"}, {"asset_id": "96521257537838472540554754164905370681999785393644142201157554652865749102550", "price": "0.001", "size": "81305", "side": "SELL", "hash": "939cdc7c56a38604444741be16ecb3635cc9d0b5", "best_bid": "0", "best_ask": "0.001"}], "timestamp": "1769384117843", "event_type": "price_change"}}
