{"_local_timestamp": "2026-01-25T23:41:27.416321+00:00", "data": [{"market": "0x91d79958939f3e88531fce9bc7eaeec8d7b4769153fa4e53c4503459a0f16c3f", "asset_id": "90269627864460583420982290650021535785505976210587921281195719192141026655307", "timestamp": "1769382376790", "hash": "392a4e3eda123a0db2e3520780dee23c4842d84a", "bids": [{"price": "0.01", "size": "102.04"}, {"price": "0.02", "size": "28.72"}, {"price": "0.03", "size": "39.99"}], "asks": [{"price": "0.99", "size": "99.99"}, {"price": "0.98", "size": "40"}, {"price": "0.95", "size": "15.47"}], "event_type": "book", "last_trade_price": ""}, {"market": "0x1baca8338e2b25ca1cf132612516ac229a3bb0854b9f912edf2094321a1e7682", "asset_id": "96939983979358494409124696452963316471791524314176669493728080115998612165684", "timestamp": "1769384195528", "hash": "445b4303f4ddff576aa243edc7befb0d10c1ca0c", "bids": [{"price": "0.01", "size": "11247.18"}, {"price": "0.02", "size": "899.93"}, {"price": "0.03", "size": "19.9"}, {"price": "0.04", "size": "42.49"}], "asks": [{"price": "0.99", "size": "11244.53"}, {"price": "0.98", "size": "41"}, {"price": "0.95", "size": "15.47"}], "event_type": "book", "last_trade_price": ""}, {"market": "0xef5c5969a92073bb331d390a8fd253247e55db495dd0d282bebcd213fc9e98f9", "asset_id": "111408097440170058305299086416986717861661628547278416005231349202740096264137", "timestamp": "1769383978804", "hash": "66df13d67b959ef7ddd48bdf0d59f1a7ba430d9a", "bids": [{"price": "0.01", "size": "11196.85"}, {"price": "0.02", "size": "40.59"}, {"price": "0.05", "size": "15.47"}], "asks": [{"price": "0.99", "size": "11196.85"}, {"price": "0.98", "size": "30.33"}, {"price": "0.97", "size": "56.65"}], "event_type": "book", "last_trade_price": ""}, {"market": "0x1baca8338e2b25ca1cf132612516ac229a3bb0854b9f912edf2094321a1e7682", "asset_id": "44624636737386069107481745579901218895720830797355610884133049251532864861970", "timestamp": "1769384195528", "hash": "d65ad1b41a9e7efb6e9b92fd341643a89136e203", "bids": [{"price": "0.01", "size": "11244.53"}, {"price": "0.02", "size": "41"}, {"price": "0.05", "size": "15.47"}], "asks": [{"price": "0.99", "size": "11247.18"}, {"price": "0.98", "size": "899.93"}, {"price": "0.97", "size": "19.9"}, {"price": "0.96", "size": "42.49"}], "event_type": "book", "last_trade_price": ""}, {"market": "0xef5c5969a92073bb331d390a8fd253247e55db495dd0d282bebcd213fc9e98f9", "asset_id": "24785562735989416010826268425089148929312550693817152898319391113116435314213", "timestamp": "1769383978804", "hash": "467da2737c78cc3039b0c0cef492b6defa1948be", "bids": [{"price": "0.01", "size": "11196.85"}, {"price": "0.02", "size": "30.33"}, {"price": "0.03", "size": "56.65"}], "asks": [{"price": "0.99", "size": "11196.85"}, {"price": "0.98", "size": "40.59"}, {"price": "0.95", "size": "15.47"}], "event_type": "book", "last_trade_price": ""}, {"market": "0xf21468031abfc62aab279451b55909f1ff3b7d9fa467cc03f7772db7901dc0de", "asset_id": "76630576861944765413506128741840827685262842411745127460503614840988645423562", "timestamp": "1769384193511", "hash": "2b2335977117529d500d9cada9c5b530d9254a76", "bids": [{"price": "0.01", "size": "11245.35"}, {"price": "0.02", "size": "899.05"}, {"price": "0.03", "size": "21.1"}, {"price": "0.05", "size": "15.47"}], "asks": [{"price": "0.99", "size": "11253.63"}, {"price": "0.98", "size": "905.17"}, {"price": "0.97", "size": "14.26"}, {"price": "0.96", "size": "42.49"}], "event_type": "book", "last_trade_price": ""}, {"market": "0xf3eccc339323db0676738e78d7f47442feb23a5d379d8023f74b5d25895e1a26", "asset_id": "17530713902603044125757289872480212103623079013818634835807864395004963048346", "timestamp": "1769384386492", "hash": "86204c9014271cc095ccf41e8ef42c775d6d23da", "bids": [{"price": "0.01", "size": "11231.68"}, {"price": "0.02", "size": "47.42"}, {"price": "0.52", "size": "50"}, {"price": "0.58", "size": "77"}], "asks": [{"price": "0.99", "size": "9274.4"}, {"price": "0.98", "size": "6047.43"}, {"price": "0.97", "size": "5079.03"}, {"price": "0.96", "size": "5999.11"}, {"price": "0.88", "size": "50"}, {"price": "0.78", "size": "10"}, {"price": "0.69", "size": "100"}], "event_type": "book", "last_trade_price": "0.580"}, {"market": "0xf21468031abfc62aab279451b55909f1ff3b7d9fa467cc03f7772db7901dc0de", "asset_id": "58415962039260763296864127629175407898456935938373964769648785657031071549288", "timestamp": "1769384193511", "hash": "d5af49596cdc862a2e7e4a7287fa911b18406ad1", "bids": [{"price": "0.01", "size": "11253.63"}, {"price": "0.02", "size": "905.17"}, {"price": "0.03", "size": "14.26"}, {"price": "0.04", "size": "42.49"}], "asks": [{"price": "0.99", "size": "11245.35"}, {"price": "0.98", "size": "899.05"}, {"price": "0.97", "size": "21.1"}, {"price": "0.95", "size": "15.47"}], "event_type": "book", "last_trade_price": ""}, {"market": "0xf3eccc339323db0676738e78d7f47442feb23a5d379d8023f74b5d25895e1a26", "asset_id": "110235819947154328499387875920481176956297513114069970695287516686707153024869", "timestamp": "1769384386492", "hash": "08cc1afa7b62eef62b5d3e3a62532d32a75b1d8b", "bids": [{"price": "0.01", "size": "9274.4"}, {"price": "0.02", "size": "6047.43"}, {"price": "0.03", "size": "5079.03"}, {"price": "0.04", "size": "5999.11"}, {"price": "0.12", "size": "50"}, {"price": "0.22", "size": "10"}, {"price": "0.31", "size": "100"}], "asks": [{"price": "0.99", "size": "11231.68"}, {"price": "0.98", "size": "47.42"}, {"price": "0.48", "size": "50"}, {"price": "0.42", "size": "77"}], "event_type": "book", "last_trade_price": "0.580"}, {"market": "0x91d79958939f3e88531fce9bc7eaeec8d7b4769153fa4e53c4503459a0f16c3f", "asset_id": "61576362852686876078966954404957716365618073599087383348509717163432723963567", "timestamp": "1769382376790", "hash": "de1dfd2a66973a7c966a19a44cdb4aee06e3a146", "bids": [{"price": "0.01", "size": "99.99"}, {"price": "0.02", "size": "40"}, {"price": "0.05", "size": "15.47"}], "asks": [{"price": "0.99", "size": "102.04"}, {"price": "0.98", "size": "28.72"}, {"price": "0.97", "size": "39.99"}], "event_type": "book", "last_trade_price": ""}]}
