{"_local_timestamp": "2026-01-25T23:41:28.600462+00:00", "data": [{"market": "0xbda9b959875d3856fc64fa49cefbe1bb950ba4971f535a0a6169ed12b403cbfe", "asset_id": "32171635952525851582756538711941828037259667514606175948880614186937812264543", "timestamp": "1769381971169", "hash": "edc60743fbbb0b286095f768d46a376f714bd117", "bids": [{"price": "0.01", "size": "151.81"}, {"price": "0.02", "size": "40.59"}, {"price": "0.05", "size": "10"}], "asks": [{"price": "0.99", "size": "147.79"}, {"price": "0.98", "size": "42.6"}, {"price": "0.95", "size": "15.47"}], "event_type": "book", "last_trade_price": ""}, {"market": "0x8277383914ee30faad9e3696d4005ebade3d1b53454a9b9c1949b1c6b4df2371", "asset_id": "105939992987023449431521241944110881247169078727563196484038061400954862602692", "timestamp": "1769382157559", "hash": "5f6cb2db9edc7871f49420b26bda5d9e74374b50", "bids": [{"price": "0.01", "size": "194.79"}, {"price": "0.02", "size": "42.6"}, {"price": "0.05", "size": "15.47"}], "asks": [{"price": "0.99", "size": "198.81"}, {"price": "0.98", "size": "40.59"}, {"price": "0.95", "size": "10"}], "event_type": "book", "last_trade_price": ""}, {"market": "0xb60a1bb8190eaa995ae010ccc11af01c7ade2c18b8017d2975d611f9fa6c94bc", "asset_id": "64806774869273441767903700164755092927409196785644014865190731052272261651038", "timestamp": "1769381971169", "hash": "33defbc3b562e8e5dc4ad14c5cd72ecd506d97b2", "bids": [{"price": "0.01", "size": "198.81"}, {"price": "0.02", "size": "40.59"}, {"price": "0.05", "size": "10"}], "asks": [{"price": "0.99", "size": "194.79"}, {"price": "0.98", "size": "42.6"}, {"price": "0.95", "size": "15.47"}], "event_type": "book", "last_trade_price": ""}, {"market": "0xbda9b959875d3856fc64fa49cefbe1bb950ba4971f535a0a6169ed12b403cbfe", "asset_id": "98667560835035945638510517807402314428080610131858259759164663238825003312887", "timestamp": "1769381971169", "hash": "963898a77cb932b5e3cbf636359f3ef6e4de485f", "bids": [{"price": "0.01", "size": "147.79"}, {"price": "0.02", "size": "42.6"}, {"price": "0.05", "size": "15.47"}], "asks": [{"price": "0.99", "size": "151.81"}, {"price": "0.98", "size": "40.59"}, {"price": "0.95", "size": "10"}], "event_type": "book", "last_trade_price": ""}, {"market": "0x798344daeb424df2e5f8b2b6e80951831aeab205833ebb59f8adeb506d89f082", "asset_id": "48898823555568262569946029553241589241071432494447499281988584447102110977179", "timestamp": "1769379449179", "hash": "15a550375ffb4c88ebfc58220ec77a76209b2bbc", "bids": [{"price": "0.01", "size": "185.36"}, {"price": "0.02", "size": "47.31"}, {"price": "0.46", "size": "50"}, {"price": "0.47", "size": "10"}], "asks": [{"price": "0.99", "size": "185.59"}, {"price": "0.98", "size": "47.2"}, {"price": "0.76", "size": "50"}, {"price": "0.6", "size": "10"}], "event_type": "book", "last_trade_price": ""}, {"market": "0xb60a1bb8190eaa995ae010ccc11af01c7ade2c18b8017d2975d611f9fa6c94bc", "asset_id": "21180843369967965648957830801770317339226642674105156869598677874612817637277", "timestamp": "1769381971169", "hash": "b57d7112553fad417032e57fe2e5427693ce8262", "bids": [{"price": "0.01", "size": "194.79"}, {"price": "0.02", "size": "42.6"}, {"price": "0.05", "size": "15.47"}], "asks": [{"price": "0.99", "size": "198.81"}, {"price": "0.98", "size": "40.59"}, {"price": "0.95", "size": "10"}], "event_type": "book", "last_trade_price": ""}, {"market": "0x8277383914ee30faad9e3696d4005ebade3d1b53454a9b9c1949b1c6b4df2371", "asset_id": "54300636129506287565930067283569666343669590630602325217047472409240863661856", "timestamp": "1769382157559", "hash": "e94279cc29601b5443b1070e12b22ed914e0549c", "bids": [{"price": "0.01", "size": "198.81"}, {"price": "0.02", "size": "40.59"}, {"price": "0.05", "size": "10"}], "asks": [{"price": "0.99", "size": "194.79"}, {"price": "0.98", "size": "42.6"}, {"price": "0.95", "size": "15.47"}], "event_type": "book", "last_trade_price": ""}, {"market": "0x798344daeb424df2e5f8b2b6e80951831aeab205833ebb59f8adeb506d89f082", "asset_id": "100765904781434936955471284493521376876070385953930354309646900300769226471546", "timestamp": "1769379449179", "hash": "202193ff262ea5ffe39c7d3e6c9b55488d56bde3", "bids": [{"price": "0.01", "size": "185.59"}, {"price": "0.02", "size": "47.2"}, {"price": "0.24", "size": "50"}, {"price": "0.4", "size": "10"}], "asks": [{"price": "0.99", "size": "185.36"}, {"price": "0.98", "size": "47.31"}, {"price": "0.54", "size": "50"}, {"price": "0.53", "size": "10"}], "event_type": "book", "last_trade_price": ""}]}
