{"_local_timestamp": "2026-01-25T23:41:27.714933+00:00", "data": [{"market": "0x15beb6ee455f9837b69cd7dcd110770b2f489d88651e4ffb21cd54f617a23e04", "asset_id": "44868850067599122384522819337153865676781090849621105309651139851616912647528", "timestamp": "1769384425876", "hash": "dadf11661f1e33d188ac8ab6f92d8dea7642bf94", "bids": [{"price": "0.01", "size": "1138.33"}, {"price": "0.02", "size": "47.33"}, {"price": "0.48", "size": "500"}], "asks": [{"price": "0.99", "size": "1138.52"}, {"price": "0.98", "size": "47.23"}, {"price": "0.58", "size": "500"}], "event_type": "book", "last_trade_price": ""}, {"market": "0xecbb7178261e45c45a2d40f3ba28f7b90da88f208a43e3c8f0bd9f7d69900ddc", "asset_id": "75087175062739028357071911202249876424512123621414420427750062298373802728902", "timestamp": "1769384465499", "hash": "4bee8f4b4a2225fac86ae193365d3385decc20e0", "bids": [{"price": "0.01", "size": "8789.01"}, {"price": "0.02", "size": "2100"}, {"price": "0.03", "size": "8.13"}, {"price": "0.07", "size": "1700"}, {"price": "0.08", "size": "4857.32"}, {"price": "0.09", "size": "4157.32"}, {"price": "0.1", "size": "6.57"}, {"price": "0.14", "size": "300"}, {"price": "0.2", "size": "50"}, {"price": "0.27", "size": "50"}, {"price": "0.5", "size": "10"}, {"price": "0.6", "size": "1890.11"}, {"price": "0.61", "size": "890.11"}, {"price": "0.63", "size": "100"}, {"price": "0.64", "size": "50"}], "asks": [{"price": "0.99", "size": "8779.11"}, {"price": "0.98", "size": "4463.36"}, {"price": "0.96", "size": "21.97"}, {"price": "0.8", "size": "10"}, {"price": "0.73", "size": "91.94"}, {"price": "0.72", "size": "1000"}, {"price": "0.7", "size": "2140.11"}, {"price": "0.69", "size": "890.11"}], "event_type": "book", "last_trade_price": "0.270"}, {"market": "0xc2db3c0906ac69232c4998f436e34e5df7e64b6dd2d9cb9ddd6305f2aef23c0d", "asset_id": "26283804933183319314833342421447518362320608677704153347603079425527445471777", "timestamp": "1769384425877", "hash": "6ba13f5d5ad74db9152532d141545a6bc892ec81", "bids": [{"price": "0.01", "size": "7184.21"}, {"price": "0.02", "size": "4157.32"}, {"price": "0.03", "size": "921.74"}, {"price": "0.04", "size": "5047.43"}, {"price": "0.2", "size": "50"}, {"price": "0.56", "size": "1390.11"}, {"price": "0.57", "size": "890.11"}], "asks": [{"price": "0.99", "size": "7184.22"}, {"price": "0.98", "size": "4157.32"}, {"price": "0.97", "size": "31.63"}, {"price": "0.96", "size": "6889.22"}, {"price": "0.95", "size": "5047.43"}, {"price": "0.67", "size": "1390.11"}, {"price": "0.66", "size": "890.11"}], "event_type": "book", "last_trade_price": ""}, {"market": "0xecbb7178261e45c45a2d40f3ba28f7b90da88f208a43e3c8f0bd9f7d69900ddc", "asset_id": "51057777902653789433362935484116310785534127104787453577540080102342088856991", "timestamp": "1769384465499", "hash": "30c406b86aca6c7875a0dc735dad6e295d94006a", "bids": [{"price": "0.01", "size": "8779.11"}, {"price": "0.02", "size": "4463.36"}, {"price": "0.04", "size": "21.97"}, {"price": "0.2", "size": "10"}, {"price": "0.27", "size": "91.94"}, {"price": "0.28", "size": "1000"}, {"price": "0.3", "size": "2140.11"}, {"price": "0.31", "size": "890.11"}], "asks": [{"price": "0.99", "size": "8789.01"}, {"price": "0.98", "size": "2100"}, {"price": "0.97", "size": "8.13"}, {"price": "0.93", "size": "1700"}, {"price": "0.92", "size": "4857.32"}, {"price": "0.91", "size": "4157.32"}, {"price": "0.9", "size": "6.57"}, {"price": "0.86", "size": "300"}, {"price": "0.8", "size": "50"}, {"price": "0.73", "size": "50"}, {"price": "0.5", "size": "10"}, {"price": "0.4", "size": "1890.11"}, {"price": "0.39", "size": "890.11"}, {"price": "0.37", "size": "100"}, {"price": "0.36", "size": "50"}], "event_type": "book", "last_trade_price": "0.270"}, {"market": "0x15beb6ee455f9837b69cd7dcd110770b2f489d88651e4ffb21cd54f617a23e04", "asset_id": "14205737424716982918858761268248742215558565679165887656230879609115111732505", "timestamp": "1769384425876", "hash": "c64632da10d376c6b0a2b40eef095283969055d9", "bids": [{"price": "0.01", "size": "1138.52"}, {"price": "0.02", "size": "47.23"}, {"price": "0.42", "size": "500"}], "asks": [{"price": "0.99", "size": "1138.33"}, {"price": "0.98", "size": "47.33"}, {"price": "0.52", "size": "500"}], "event_type": "book", "last_trade_price": ""}, {"market": "0x171b0625db2b7f2ac2848455143776eec779ee85f6359364c1b423b23b32fc68", "asset_id": "17118621258018130257689540837975706602158094977984538267313954503349864657420", "timestamp": "1769384425884", "hash": "3dbf3b74bb3161149694abe747214205f145a80e", "bids": [{"price": "0.01", "size": "7184.28"}, {"price": "0.02", "size": "4157.32"}, {"price": "0.03", "size": "31.61"}, {"price": "0.04", "size": "890.11"}, {"price": "0.05", "size": "5047.43"}, {"price": "0.34", "size": "1390.11"}, {"price": "0.35", "size": "890.11"}], "asks": [{"price": "0.99", "size": "7189.21"}, {"price": "0.98", "size": "4157.32"}, {"price": "0.97", "size": "920.07"}, {"price": "0.96", "size": "11046.54"}, {"price": "0.8", "size": "50"}, {"price": "0.45", "size": "1390.11"}, {"price": "0.44", "size": "890.11"}], "event_type": "book", "last_trade_price": ""}, {"market": "0x8ccb39356d65ce6cd50d98b896351aaeff3a2d884158f6453fdec83a0f3f2361", "asset_id": "54115704767093899489859926330384345560631205111379974241224327571709257756515", "timestamp": "1769384438040", "hash": "5a7b5a0eb455e6aa92b4a78f13d0f54531b88bbe", "bids": [{"price": "0.01", "size": "106.9"}, {"price": "0.02", "size": "36.54"}, {"price": "0.03", "size": "5.47"}], "asks": [{"price": "0.99", "size": "100"}, {"price": "0.98", "size": "39.99"}, {"price": "0.96", "size": "29.99"}], "event_type": "book", "last_trade_price": ""}, {"market": "0xc2db3c0906ac69232c4998f436e34e5df7e64b6dd2d9cb9ddd6305f2aef23c0d", "asset_id": "68765318567686557797285708330422826706843409708557814702138983780254126785177", "timestamp": "1769384425877", "hash": "7a367983d9d0d1ac79b7a044ed6c232d76c0cbc3", "bids": [{"price": "0.01", "size": "7184.22"}, {"price": "0.02", "size": "4157.32"}, {"price": "0.03", "size": "31.63"}, {"price": "0.04", "size": "6889.22"}, {"price": "0.05", "size": "5047.43"}, {"price": "0.33", "size": "1390.11"}, {"price": "0.34", "size": "890.11"}], "asks": [{"price": "0.99", "size": "7184.21"}, {"price": "0.98", "size": "4157.32"}, {"price": "0.97", "size": "921.74"}, {"price": "0.96", "size": "5047.43"}, {"price": "0.8", "size": "50"}, {"price": "0.44", "size": "1390.11"}, {"price": "0.43", "size": "890.11"}], "event_type": "book", "last_trade_price": ""}, {"market": "0x8ccb39356d65ce6cd50d98b896351aaeff3a2d884158f6453fdec83a0f3f2361", "asset_id": "85979090154771566247057457488185735048733636408042266931260086497748605442725", "timestamp": "1769384438040", "hash": "fc81b4d461b05bdf5afff3685aa046c030e591a5", "bids": [{"price": "0.01", "size": "100"}, {"price": "0.02", "size": "39.99"}, {"price": "0.04", "size": "29.99"}], "asks": [{"price": "0.99", "size": "106.9"}, {"price": "0.98", "size": "36.54"}, {"price": "0.97", "size": "5.47"}], "event_type": "book", "last_trade_price": ""}, {"market": "0x171b0625db2b7f2ac2848455143776eec779ee85f6359364c1b423b23b32fc68", "asset_id": "110208037745521376477218629625161726044793864281199315926557875582085019919669", "timestamp": "1769384425884", "hash": "fcef8857416e526ba26f6923dc35766df4260dc3", "bids": [{"price": "0.01", "size": "7189.21"}, {"price": "0.02", "size": "4157.32"}, {"price": "0.03", "size": "920.07"}, {"price": "0.04", "size": "11046.54"}, {"price": "0.2", "size": "50"}, {"price": "0.55", "size": "1390.11"}, {"price": "0.56", "size": "890.11"}], "asks": [{"price": "0.99", "size": "7184.28"}, {"price": "0.98", "size": "4157.32"}, {"price": "0.97", "size": "31.61"}, {"price": "0.96", "size": "890.11"}, {"price": "0.95", "size": "5047.43"}, {"price": "0.66", "size": "1390.11"}, {"price": "0.65", "size": "890.11"}], "event_type": "book", "last_trade_price": ""}]}
{"_local_timestamp": "2026-01-25T23:41:27.948686+00:00", "data": {"market": "0xecbb7178261e45c45a2d40f3ba28f7b90da88f208a43e3c8f0bd9f7d69900ddc", "price_changes": [{"asset_id": "75087175062739028357071911202249876424512123621414420427750062298373802728902", "price": "0.08", "size": "4457.32", "side": "BUY", "hash": "b56cd39e5a2f81e584df0ef0079b9c4b5f2e1e07", "best_bid": "0.64", "best_ask": "0.69"}, {"asset_id": "51057777902653789433362935484116310785534127104787453577540080102342088856991", "price": "0.92", "size": "4457.32", "side": "SELL", "hash": "1a6a2739464330009ad8e9fd02a563608b2c6653", "best_bid": "0.31", "best_ask": "0.36"}], "timestamp": "1769384487844", "event_type": "price_change"}}
{"_local_timestamp": "2026-01-25T23:41:28.220949+00:00", "data": {"market": "0xecbb7178261e45c45a2d40f3ba28f7b90da88f208a43e3c8f0bd9f7d69900ddc", "price_changes": [{"asset_id": "75087175062739028357071911202249876424512123621414420427750062298373802728902", "price": "0.09", "size": "4557.32", "side": "BUY", "hash": "4568911a3b47ee0c759507159cbc0cc8cab6cff7", "best_bid": "0.64", "best_ask": "0.69"}, {"asset_id": "51057777902653789433362935484116310785534127104787453577540080102342088856991", "price": "0.91", "size": "4557.32", "side": "SELL", "hash": "1cc3bb0a15bb329d130fb87b6b7f99e147591ece", "best_bid": "0.31", "best_ask": "0.36"}], "timestamp": "1769384488124", "event_type": "price_change"}}
{"_local_timestamp": "2026-01-25T23:41:44.738935+00:00", "data": {"market": "0xc2db3c0906ac69232c4998f436e34e5df7e64b6dd2d9cb9ddd6305f2aef23c0d", "price_changes": [{"asset_id": "68765318567686557797285708330422826706843409708557814702138983780254126785177", "price": "0.03", "size": "0", "side": "BUY", "hash": "4b55408a630801dd32479dcbf48ba911aa370a67", "best_bid": "0.34", "best_ask": "0.43"}, {"asset_id": "26283804933183319314833342421447518362320608677704153347603079425527445471777", "price": "0.97", "size": "0", "side": "SELL", "hash": "11f51af6bf54337f2adccdaa0d8669d358e47bd3", "best_bid": "0.57", "best_ask": "0.66"}], "timestamp": "1769384504668", "event_type": "price_change"}}
{"_local_timestamp": "2026-01-25T23:41:44.786575+00:00", "data": {"market": "0xc2db3c0906ac69232c4998f436e34e5df7e64b6dd2d9cb9ddd6305f2aef23c0d", "price_changes": [{"asset_id": "68765318567686557797285708330422826706843409708557814702138983780254126785177", "price": "0.05", "size": "0", "side": "BUY", "hash": "bd1a9fdd76509be7e3d33cdcae74eb3fd0fd5f95", "best_bid": "0.34", "best_ask": "0.43"}, {"asset_id": "26283804933183319314833342421447518362320608677704153347603079425527445471777", "price": "0.95", "size": "0", "side": "SELL", "hash": "beecfb07562b29d1368ee9cd11e9c654194bc912", "best_bid": "0.57", "best_ask": "0.66"}], "timestamp": "1769384504709", "event_type": "price_change"}}
{"_local_timestamp": "2026-01-25T23:41:44.786963+00:00", "data": {"market": "0xc2db3c0906ac69232c4998f436e34e5df7e64b6dd2d9cb9ddd6305f2aef23c0d", "price_changes": [{"asset_id": "68765318567686557797285708330422826706843409708557814702138983780254126785177", "price": "0.04", "size": "0", "side": "BUY", "hash": "bd1a9fdd76509be7e3d33cdcae74eb3fd0fd5f95", "best_bid": "0.34", "best_ask": "0.43"}, {"asset_id": "26283804933183319314833342421447518362320608677704153347603079425527445471777", "price": "0.96", "size": "0", "side": "SELL", "hash": "beecfb07562b29d1368ee9cd11e9c654194bc912", "best_bid": "0.57", "best_ask": "0.66"}], "timestamp": "1769384504709", "event_type": "price_change"}}
{"_local_timestamp": "2026-01-25T23:41:44.792639+00:00", "data": {"market": "0xc2db3c0906ac69232c4998f436e34e5df7e64b6dd2d9cb9ddd6305f2aef23c0d", "price_changes": [{"asset_id": "26283804933183319314833342421447518362320608677704153347603079425527445471777", "price": "0.04", "size": "0", "side": "BUY", "hash": "c50656404342b1cf7d456185fff9410d6f53eedf", "best_bid": "0.57", "best_ask": "0.66"}, {"asset_id": "68765318567686557797285708330422826706843409708557814702138983780254126785177", "price": "0.96", "size": "0", "side": "SELL", "hash": "b208b79c10b769d553c465f7795a6d6c49bdaed7", "best_bid": "0.34", "best_ask": "0.43"}], "timestamp": "1769384504709", "event_type": "price_change"}}
{"_local_timestamp": "2026-01-25T23:41:44.792951+00:00", "data": {"market": "0xc2db3c0906ac69232c4998f436e34e5df7e64b6dd2d9cb9ddd6305f2aef23c0d", "price_changes": [{"asset_id": "26283804933183319314833342421447518362320608677704153347603079425527445471777", "price": "0.03", "size": "31.63", "side": "BUY", "hash": "c50656404342b1cf7d456185fff9410d6f53eedf", "best_bid": "0.57", "best_ask": "0.66"}, {"asset_id": "68765318567686557797285708330422826706843409708557814702138983780254126785177", "price": "0.97", "size": "31.63", "side": "SELL", "hash": "b208b79c10b769d553c465f7795a6d6c49bdaed7", "best_bid": "0.34", "best_ask": "0.43"}], "timestamp": "1769384504709", "event_type": "price_change"}}
{"_local_timestamp": "2026-01-25T23:41:44.814521+00:00", "data": {"market": "0xc2db3c0906ac69232c4998f436e34e5df7e64b6dd2d9cb9ddd6305f2aef23c0d", "price_changes": [{"asset_id": "26283804933183319314833342421447518362320608677704153347603079425527445471777", "price": "0.05", "size": "5999.11", "side": "BUY", "hash": "e5128c464962eb1a7a612aa43dd00a18e318b5ca", "best_bid": "0.57", "best_ask": "0.66"}, {"asset_id": "68765318567686557797285708330422826706843409708557814702138983780254126785177", "price": "0.95", "size": "5999.11", "side": "SELL", "hash": "506fa4da8045315e4e5033457e0a01827be038f8", "best_bid": "0.34", "best_ask": "0.43"}], "timestamp": "1769384504743", "event_type": "price_change"}}
{"_local_timestamp": "2026-01-25T23:41:45.043971+00:00", "data": {"market": "0xc2db3c0906ac69232c4998f436e34e5df7e64b6dd2d9cb9ddd6305f2aef23c0d", "price_changes": [{"asset_id": "26283804933183319314833342421447518362320608677704153347603079425527445471777", "price": "0.05", "size": "6889.22", "side": "BUY", "hash": "4dea521df27c702b0b871462dfc56df6b2ae6c2c", "best_bid": "0.57", "best_ask": "0.66"}, {"asset_id": "68765318567686557797285708330422826706843409708557814702138983780254126785177", "price": "0.95", "size": "6889.22", "side": "SELL", "hash": "24a3a62b54c041657737b042f18e9ac3b473b81d", "best_bid": "0.34", "best_ask": "0.43"}], "timestamp": "1769384504976", "event_type": "price_change"}}
{"_local_timestamp": "2026-01-25T23:41:45.044375+00:00", "data": {"market": "0xc2db3c0906ac69232c4998f436e34e5df7e64b6dd2d9cb9ddd6305f2aef23c0d", "price_changes": [{"asset_id": "26283804933183319314833342421447518362320608677704153347603079425527445471777", "price": "0.04", "size": "1997.11", "side": "BUY", "hash": "76fd373f5a19c552c43b65c493b8e758b70d9ad3", "best_bid": "0.57", "best_ask": "0.66"}, {"asset_id": "68765318567686557797285708330422826706843409708557814702138983780254126785177", "price": "0.96", "size": "1997.11", "side": "SELL", "hash": "6033202717b5c3b25c3a8b38e246160d53beee97", "best_bid": "0.34", "best_ask": "0.43"}], "timestamp": "1769384504977", "event_type": "price_change"}}
{"_local_timestamp": "2026-01-25T23:41:45.044703+00:00", "data": {"market": "0xc2db3c0906ac69232c4998f436e34e5df7e64b6dd2d9cb9ddd6305f2aef23c0d", "price_changes": [{"asset_id": "26283804933183319314833342421447518362320608677704153347603079425527445471777", "price": "0.05", "size": "8159.32", "side": "BUY", "hash": "1db42c9a5eb73ecd79c2b2c49770552a7ea3a998", "best_bid": "0.57", "best_ask": "0.66"}, {"asset_id": "68765318567686557797285708330422826706843409708557814702138983780254126785177", "price": "0.95", "size": "8159.32", "side": "SELL", "hash": "3cfbcec061509ecc401008854f5615cd20b10728", "best_bid": "0.34", "best_ask": "0.43"}], "timestamp": "1769384504978", "event_type": "price_change"}}
{"_local_timestamp": "2026-01-25T23:41:45.377122+00:00", "data": {"market": "0xc2db3c0906ac69232c4998f436e34e5df7e64b6dd2d9cb9ddd6305f2aef23c0d", "price_changes": [{"asset_id": "68765318567686557797285708330422826706843409708557814702138983780254126785177", "price": "0.03", "size": "31.63", "side": "BUY", "hash": "a128bae3af08ffa49a546ce83c49599f6a8d7f20", "best_bid": "0.34", "best_ask": "0.43"}, {"asset_id": "26283804933183319314833342421447518362320608677704153347603079425527445471777", "price": "0.97", "size": "31.63", "side": "SELL", "hash": "71a892d4810a22e7d0674768d6194feb55c09921", "best_bid": "0.57", "best_ask": "0.66"}], "timestamp": "1769384505311", "event_type": "price_change"}}
{"_local_timestamp": "2026-01-25T23:41:45.762641+00:00", "data": {"market": "0xc2db3c0906ac69232c4998f436e34e5df7e64b6dd2d9cb9ddd6305f2aef23c0d", "price_changes": [{"asset_id": "26283804933183319314833342421447518362320608677704153347603079425527445471777", "price": "0.03", "size": "0", "side": "BUY", "hash": "4aa0aeac4c1011003ecba19e6c1e25dc1753d894", "best_bid": "0.57", "best_ask": "0.66"}, {"asset_id": "68765318567686557797285708330422826706843409708557814702138983780254126785177", "price": "0.97", "size": "0", "side": "SELL", "hash": "3f8c66a37df0cd69dd165184f30fc253bbf972fc", "best_bid": "0.34", "best_ask": "0.43"}], "timestamp": "1769384505698", "event_type": "price_change"}}
{"_local_timestamp": "2026-01-25T23:41:45.763085+00:00", "data": {"market": "0x171b0625db2b7f2ac2848455143776eec779ee85f6359364c1b423b23b32fc68", "price_changes": [{"asset_id": "17118621258018130257689540837975706602158094977984538267313954503349864657420", "price": "0.03", "size": "0", "side": "BUY", "hash": "fed10d9f9739271a7b0da3ae051bd6696694a54b", "best_bid": "0.35", "best_ask": "0.44"}, {"asset_id": "110208037745521376477218629625161726044793864281199315926557875582085019919669", "price": "0.97", "size": "0", "side": "SELL", "hash": "8a1113c3eb6f6b3d8b4e49aff7912612b914e80a", "best_bid": "0.56", "best_ask": "0.65"}], "timestamp": "1769384505698", "event_type": "price_change"}}
{"_local_timestamp": "2026-01-25T23:41:45.825173+00:00", "data": {"market": "0x171b0625db2b7f2ac2848455143776eec779ee85f6359364c1b423b23b32fc68", "price_changes": [{"asset_id": "17118621258018130257689540837975706602158094977984538267313954503349864657420", "price": "0.05", "size": "0", "side": "BUY", "hash": "167c501fb75c1325ce21189e0e05675d0638effd", "best_bid": "0.35", "best_ask": "0.44"}, {"asset_id": "110208037745521376477218629625161726044793864281199315926557875582085019919669", "price": "0.95", "size": "0", "side": "SELL", "hash": "52e89e3e17bf4ce25708b2cdc733dbab753cdbfd", "best_bid": "0.56", "best_ask": "0.65"}], "timestamp": "1769384505743", "event_type": "price_change"}}
{"_local_timestamp": "2026-01-25T23:41:45.825637+00:00", "data": {"market": "0x171b0625db2b7f2ac2848455143776eec779ee85f6359364c1b423b23b32fc68", "price_changes": [{"asset_id": "17118621258018130257689540837975706602158094977984538267313954503349864657420", "price": "0.04", "size": "0", "side": "BUY", "hash": "167c501fb75c1325ce21189e0e05675d0638effd", "best_bid": "0.35", "best_ask": "0.44"}, {"asset_id": "110208037745521376477218629625161726044793864281199315926557875582085019919669", "price": "0.96", "size": "0", "side": "SELL", "hash": "52e89e3e17bf4ce25708b2cdc733dbab753cdbfd", "best_bid": "0.56", "best_ask": "0.65"}], "timestamp": "1769384505743", "event_type": "price_change"}}
{"_local_timestamp": "2026-01-25T23:41:45.825995+00:00", "data": {"market": "0x171b0625db2b7f2ac2848455143776eec779ee85f6359364c1b423b23b32fc68", "price_changes": [{"asset_id": "110208037745521376477218629625161726044793864281199315926557875582085019919669", "price": "0.04", "size": "0", "side": "BUY", "hash": "88687885aaca0b114de15e4e2cd4c2118db753ef", "best_bid": "0.56", "best_ask": "0.65"}, {"asset_id": "17118621258018130257689540837975706602158094977984538267313954503349864657420", "price": "0.96", "size": "0", "side": "SELL", "hash": "d62d4ee3bf7cb64b8e2981f8adbf3e8c1063f8c3", "best_bid": "0.35", "best_ask": "0.44"}], "timestamp": "1769384505744", "event_type": "price_change"}}
{"_local_timestamp": "2026-01-25T23:41:45.826354+00:00", "data": {"market": "0x171b0625db2b7f2ac2848455143776eec779ee85f6359364c1b423b23b32fc68", "price_changes": [{"asset_id": "110208037745521376477218629625161726044793864281199315926557875582085019919669", "price": "0.03", "size": "29.96", "side": "BUY", "hash": "88687885aaca0b114de15e4e2cd4c2118db753ef", "best_bid": "0.56", "best_ask": "0.65"}, {"asset_id": "17118621258018130257689540837975706602158094977984538267313954503349864657420", "price": "0.97", "size": "29.96", "side": "SELL", "hash": "d62d4ee3bf7cb64b8e2981f8adbf3e8c1063f8c3", "best_bid": "0.35", "best_ask": "0.44"}], "timestamp": "1769384505744", "event_type": "price_change"}}
{"_local_timestamp": "2026-01-25T23:41:45.930631+00:00", "data": {"market": "0x171b0625db2b7f2ac2848455143776eec779ee85f6359364c1b423b23b32fc68", "price_changes": [{"asset_id": "110208037745521376477218629625161726044793864281199315926557875582085019919669", "price": "0.05", "size": "890.11", "side": "BUY", "hash": "d1e53525bc4a3a349ab5340dd9f85fcd3642b9c5", "best_bid": "0.56", "best_ask": "0.65"}, {"asset_id": "17118621258018130257689540837975706602158094977984538267313954503349864657420", "price": "0.95", "size": "890.11", "side": "SELL", "hash": "a26a1b53eae831c416dc1673520d4c4d24e85c10", "best_bid": "0.35", "best_ask": "0.44"}], "timestamp": "1769384505866", "event_type": "price_change"}}
{"_local_timestamp": "2026-01-25T23:41:45.931406+00:00", "data": {"market": "0x171b0625db2b7f2ac2848455143776eec779ee85f6359364c1b423b23b32fc68", "price_changes": [{"asset_id": "110208037745521376477218629625161726044793864281199315926557875582085019919669", "price": "0.05", "size": "2887.22", "side": "BUY", "hash": "9ac6e29f6fe022ad4e106f72cc113f84088ab987", "best_bid": "0.56", "best_ask": "0.65"}, {"asset_id": "17118621258018130257689540837975706602158094977984538267313954503349864657420", "price": "0.95", "size": "2887.22", "side": "SELL", "hash": "51d91790e66a0c83218384c5155af8f38f6aa400", "best_bid": "0.35", "best_ask": "0.44"}], "timestamp": "1769384505867", "event_type": "price_change"}}
{"_local_timestamp": "2026-01-25T23:41:45.931791+00:00", "data": {"market": "0x171b0625db2b7f2ac2848455143776eec779ee85f6359364c1b423b23b32fc68", "price_changes": [{"asset_id": "110208037745521376477218629625161726044793864281199315926557875582085019919669", "price": "0.05", "size": "4157.32", "side": "BUY", "hash": "d2b1ed5b5d731fd6a866fef0a37ec5d9851dcfec", "best_bid": "0.56", "best_ask": "0.65"}, {"asset_id": "17118621258018130257689540837975706602158094977984538267313954503349864657420", "price": "0.95", "size": "4157.32", "side": "SELL", "hash": "d95069666d0b96de4b151cbecded497719b85d8b", "best_bid": "0.35", "best_ask": "0.44"}], "timestamp": "1769384505867", "event_type": "price_change"}}
{"_local_timestamp": "2026-01-25T23:41:46.133429+00:00", "data": {"market": "0xc2db3c0906ac69232c4998f436e34e5df7e64b6dd2d9cb9ddd6305f2aef23c0d", "price_changes": [{"asset_id": "26283804933183319314833342421447518362320608677704153347603079425527445471777", "price": "0.06", "size": "12.77", "side": "BUY", "hash": "46bdada339afb1f15cb68a5ea67bedb6ea881a18", "best_bid": "0.57", "best_ask": "0.66"}, {"asset_id": "68765318567686557797285708330422826706843409708557814702138983780254126785177", "price": "0.94", "size": "12.77", "side": "SELL", "hash": "680a33fe5d0ef42cf9997c231b77cb6297ed4c3a", "best_bid": "0.34", "best_ask": "0.43"}], "timestamp": "1769384506065", "event_type": "price_change"}}
{"_local_timestamp": "2026-01-25T23:41:46.133918+00:00", "data": {"market": "0x171b0625db2b7f2ac2848455143776eec779ee85f6359364c1b423b23b32fc68", "price_changes": [{"asset_id": "17118621258018130257689540837975706602158094977984538267313954503349864657420", "price": "0.03", "size": "31.61", "side": "BUY", "hash": "471de86b5f42894bece7b53f0a92784265ac06b3", "best_bid": "0.35", "best_ask": "0.44"}, {"asset_id": "110208037745521376477218629625161726044793864281199315926557875582085019919669", "price": "0.97", "size": "31.61", "side": "SELL", "hash": "93832727e3e4ca6b05e208df53278e25b702149a", "best_bid": "0.56", "best_ask": "0.65"}], "timestamp": "1769384506065", "event_type": "price_change"}}
{"_local_timestamp": "2026-01-25T23:41:46.134298+00:00", "data": {"market": "0xc2db3c0906ac69232c4998f436e34e5df7e64b6dd2d9cb9ddd6305f2aef23c0d", "price_changes": [{"asset_id": "26283804933183319314833342421447518362320608677704153347603079425527445471777", "price": "0.02", "size": "4166.44", "side": "BUY", "hash": "e82a3124b945b02ca0a5a63da5f2f50be64abc4e", "best_bid": "0.57", "best_ask": "0.66"}, {"asset_id": "68765318567686557797285708330422826706843409708557814702138983780254126785177", "price": "0.98", "size": "4166.44", "side": "SELL", "hash": "41c23cd8c9ea39fcb2fee5c271ea6d31b424f1a2", "best_bid": "0.34", "best_ask": "0.43"}], "timestamp": "1769384506066", "event_type": "price_change"}}
{"_local_timestamp": "2026-01-25T23:41:46.510637+00:00", "data": {"market": "0x171b0625db2b7f2ac2848455143776eec779ee85f6359364c1b423b23b32fc68", "price_changes": [{"asset_id": "110208037745521376477218629625161726044793864281199315926557875582085019919669", "price": "0.01", "size": "7184.11", "side": "BUY", "hash": "26b8904340166d558bc1a2d44c246ff700bf641c", "best_bid": "0.56", "best_ask": "0.65"}, {"asset_id": "17118621258018130257689540837975706602158094977984538267313954503349864657420", "price": "0.99", "size": "7184.11", "side": "SELL", "hash": "14f8985b6d2b620ea9e9f6febb1b1296732e18c9", "best_bid": "0.35", "best_ask": "0.44"}], "timestamp": "1769384506443", "event_type": "price_change"}}
{"_local_timestamp": "2026-01-25T23:41:46.511082+00:00", "data": {"market": "0x171b0625db2b7f2ac2848455143776eec779ee85f6359364c1b423b23b32fc68", "price_changes": [{"asset_id": "110208037745521376477218629625161726044793864281199315926557875582085019919669", "price": "0.03", "size": "0", "side": "BUY", "hash": "26b8904340166d558bc1a2d44c246ff700bf641c", "best_bid": "0.56", "best_ask": "0.65"}, {"asset_id": "17118621258018130257689540837975706602158094977984538267313954503349864657420", "price": "0.97", "size": "0", "side": "SELL", "hash": "14f8985b6d2b620ea9e9f6febb1b1296732e18c9", "best_bid": "0.35", "best_ask": "0.44"}], "timestamp": "1769384506443", "event_type": "price_change"}}
{"_local_timestamp": "2026-01-25T23:41:47.271164+00:00", "data": {"market": "0x171b0625db2b7f2ac2848455143776eec779ee85f6359364c1b423b23b32fc68", "price_changes": [{"asset_id": "110208037745521376477218629625161726044793864281199315926557875582085019919669", "price": "0.02", "size": "4166.48", "side": "BUY", "hash": "2803d0dc4cb3a006b179fd5ef911672d5c35c8d2", "best_bid": "0.56", "best_ask": "0.65"}, {"asset_id": "17118621258018130257689540837975706602158094977984538267313954503349864657420", "price": "0.98", "size": "4166.48", "side": "SELL", "hash": "d23a766483328e47e0893b98f41a9cc154cb6b52", "best_bid": "0.35", "best_ask": "0.44"}], "timestamp": "1769384507202", "event_type": "price_change"}}
{"_local_timestamp": "2026-01-25T23:41:47.271614+00:00", "data": {"market": "0x171b0625db2b7f2ac2848455143776eec779ee85f6359364c1b423b23b32fc68", "price_changes": [{"asset_id": "110208037745521376477218629625161726044793864281199315926557875582085019919669", "price": "0.06", "size": "12.77", "side": "BUY", "hash": "713d9b325081db7f50c1a42f5267b3f335ba2e57", "best_bid": "0.56", "best_ask": "0.65"}, {"asset_id": "17118621258018130257689540837975706602158094977984538267313954503349864657420", "price": "0.94", "size": "12.77", "side": "SELL", "hash": "6a0d21f142ce2e9d99a1e16b6ddc7d9b25e5dba1", "best_bid": "0.35", "best_ask": "0.44"}], "timestamp": "1769384507203", "event_type": "price_change"}}
{"_local_timestamp": "2026-01-25T23:41:59.956483+00:00", "data": {"market": "0xecbb7178261e45c45a2d40f3ba28f7b90da88f208a43e3c8f0bd9f7d69900ddc", "price_changes": [{"asset_id": "75087175062739028357071911202249876424512123621414420427750062298373802728902", "price": "0.08", "size": "4357.32", "side": "BUY", "hash": "f5f602774cdabfb5e695d634cb31ee1837bd3dbd", "best_bid": "0.64", "best_ask": "0.69"}, {"asset_id": "51057777902653789433362935484116310785534127104787453577540080102342088856991", "price": "0.92", "size": "4357.32", "side": "SELL", "hash": "db7f29c7462dea5b79c922f94807757992af42d0", "best_bid": "0.31", "best_ask": "0.36"}], "timestamp": "1769384519879", "event_type": "price_change"}}
{"_local_timestamp": "2026-01-25T23:42:00.135438+00:00", "data": {"market": "0xecbb7178261e45c45a2d40f3ba28f7b90da88f208a43e3c8f0bd9f7d69900ddc", "price_changes": [{"asset_id": "75087175062739028357071911202249876424512123621414420427750062298373802728902", "price": "0.09", "size": "400", "side": "BUY", "hash": "04e1fca3b2dc6f49f6fab2af8a0e429be508fb7f", "best_bid": "0.64", "best_ask": "0.69"}, {"asset_id": "51057777902653789433362935484116310785534127104787453577540080102342088856991", "price": "0.91", "size": "400", "side": "SELL", "hash": "1d64af126f935db8ec9491db5073ac3a59043074", "best_bid": "0.31", "best_ask": "0.36"}], "timestamp": "1769384520020", "event_type": "price_change"}}
{"_local_timestamp": "2026-01-25T23:42:00.228440+00:00", "data": {"market": "0xecbb7178261e45c45a2d40f3ba28f7b90da88f208a43e3c8f0bd9f7d69900ddc", "price_changes": [{"asset_id": "75087175062739028357071911202249876424512123621414420427750062298373802728902", "price": "0.09", "size": "500", "side": "BUY", "hash": "72f1eca9114894697ea38666b85e79d3d3ad6530", "best_bid": "0.64", "best_ask": "0.69"}, {"asset_id": "51057777902653789433362935484116310785534127104787453577540080102342088856991", "price": "0.91", "size": "500", "side": "SELL", "hash": "f48b85752635dacc46e20ceb44bb2b8ae05a0463", "best_bid": "0.31", "best_ask": "0.36"}], "timestamp": "1769384520156", "event_type": "price_change"}}
{"_local_timestamp": "2026-01-25T23:42:10.137977+00:00", "data": {"market": "0xecbb7178261e45c45a2d40f3ba28f7b90da88f208a43e3c8f0bd9f7d69900ddc", "price_changes": [{"asset_id": "75087175062739028357071911202249876424512123621414420427750062298373802728902", "price": "0.08", "size": "4257.32", "side": "BUY", "hash": "1d5fd77d943261ed1623fb0c23c1363174f35ee4", "best_bid": "0.64", "best_ask": "0.69"}, {"asset_id": "51057777902653789433362935484116310785534127104787453577540080102342088856991", "price": "0.92", "size": "4257.32", "side": "SELL", "hash": "5ca5856e1ec809631d0bd476886e0371dc0a50d0", "best_bid": "0.31", "best_ask": "0.36"}], "timestamp": "1769384530031", "event_type": "price_change"}}
{"_local_timestamp": "2026-01-25T23:42:10.408411+00:00", "data": {"market": "0xecbb7178261e45c45a2d40f3ba28f7b90da88f208a43e3c8f0bd9f7d69900ddc", "price_changes": [{"asset_id": "75087175062739028357071911202249876424512123621414420427750062298373802728902", "price": "0.09", "size": "600", "side": "BUY", "hash": "c1105f1ef25e1b13791b2a9df4760fbe2f55e081", "best_bid": "0.64", "best_ask": "0.69"}, {"asset_id": "51057777902653789433362935484116310785534127104787453577540080102342088856991", "price": "0.91", "size": "600", "side": "SELL", "hash": "0c76cbb296cf6c0f84ed02cd6616565e67bfe033", "best_bid": "0.31", "best_ask": "0.36"}], "timestamp": "1769384530334", "event_type": "price_change"}}
{"_local_timestamp": "2026-01-25T23:42:10.483841+00:00", "data": {"market": "0xecbb7178261e45c45a2d40f3ba28f7b90da88f208a43e3c8f0bd9f7d69900ddc", "price_changes": [{"asset_id": "75087175062739028357071911202249876424512123621414420427750062298373802728902", "price": "0.1", "size": "896.68", "side": "BUY", "hash": "69a4048e42b829f792a38c2e856027caa39cc3ca", "best_bid": "0.64", "best_ask": "0.69"}, {"asset_id": "51057777902653789433362935484116310785534127104787453577540080102342088856991", "price": "0.9", "size": "896.68", "side": "SELL", "hash": "df948f134738b0a7280a4e61068f7203ab79d73a", "best_bid": "0.31", "best_ask": "0.36"}], "timestamp": "1769384530416", "event_type": "price_change"}}
{"_local_timestamp": "2026-01-25T23:42:10.486328+00:00", "data": {"market": "0xecbb7178261e45c45a2d40f3ba28f7b90da88f208a43e3c8f0bd9f7d69900ddc", "price_changes": [{"asset_id": "75087175062739028357071911202249876424512123621414420427750062298373802728902", "price": "0.1", "size": "2893.79", "side": "BUY", "hash": "0bc8e67ce9f4fd78359a00a6d4b5887ab6c8f82a", "best_bid": "0.64", "best_ask": "0.69"}, {"asset_id": "51057777902653789433362935484116310785534127104787453577540080102342088856991", "price": "0.9", "size": "2893.79", "side": "SELL", "hash": "249a61016e7576f0e9c56ba22e43ed71394102af", "best_bid": "0.31", "best_ask": "0.36"}], "timestamp": "1769384530417", "event_type": "price_change"}}
{"_local_timestamp": "2026-01-25T23:42:10.653097+00:00", "data": {"market": "0xecbb7178261e45c45a2d40f3ba28f7b90da88f208a43e3c8f0bd9f7d69900ddc", "price_changes": [{"asset_id": "75087175062739028357071911202249876424512123621414420427750062298373802728902", "price": "0.1", "size": "4163.89", "side": "BUY", "hash": "c790a0ff255ca2903bd92e0f2600c13d5eb48d19", "best_bid": "0.64", "best_ask": "0.69"}, {"asset_id": "51057777902653789433362935484116310785534127104787453577540080102342088856991", "price": "0.9", "size": "4163.89", "side": "SELL", "hash": "7644a04e207466ce332466ad38d5a18d1f88252b", "best_bid": "0.31", "best_ask": "0.36"}], "timestamp": "1769384530576", "event_type": "price_change"}}
{"_local_timestamp": "2026-01-25T23:42:13.586989+00:00", "data": {"market": "0xecbb7178261e45c45a2d40f3ba28f7b90da88f208a43e3c8f0bd9f7d69900ddc", "price_changes": [{"asset_id": "75087175062739028357071911202249876424512123621414420427750062298373802728902", "price": "0.08", "size": "4157.32", "side": "BUY", "hash": "fa7252ece9a7f2529fc00b351623e404db854695", "best_bid": "0.64", "best_ask": "0.69"}, {"asset_id": "51057777902653789433362935484116310785534127104787453577540080102342088856991", "price": "0.92", "size": "4157.32", "side": "SELL", "hash": "281f39f85360cb693f456b2aa972512459b9e62c", "best_bid": "0.31", "best_ask": "0.36"}], "timestamp": "1769384533511", "event_type": "price_change"}}
{"_local_timestamp": "2026-01-25T23:42:13.644536+00:00", "data": {"market": "0xecbb7178261e45c45a2d40f3ba28f7b90da88f208a43e3c8f0bd9f7d69900ddc", "price_changes": [{"asset_id": "75087175062739028357071911202249876424512123621414420427750062298373802728902", "price": "0.08", "size": "0", "side": "BUY", "hash": "c35ed6e90ca1d867311ee360e3213b9908c46137", "best_bid": "0.64", "best_ask": "0.69"}, {"asset_id": "51057777902653789433362935484116310785534127104787453577540080102342088856991", "price": "0.92", "size": "0", "side": "SELL", "hash": "ecb77c5b513bee61e57540676c6dd9907d2a704a", "best_bid": "0.31", "best_ask": "0.36"}], "timestamp": "1769384533574", "event_type": "price_change"}}
{"_local_timestamp": "2026-01-25T23:42:13.856937+00:00", "data": {"market": "0xecbb7178261e45c45a2d40f3ba28f7b90da88f208a43e3c8f0bd9f7d69900ddc", "price_changes": [{"asset_id": "75087175062739028357071911202249876424512123621414420427750062298373802728902", "price": "0.09", "size": "700", "side": "BUY", "hash": "1d6ba3dc96018877b7f8831177c0186e183971eb", "best_bid": "0.64", "best_ask": "0.69"}, {"asset_id": "51057777902653789433362935484116310785534127104787453577540080102342088856991", "price": "0.91", "size": "700", "side": "SELL", "hash": "ca719f5eea2b36e4d180d476ff3a31ce72af2654", "best_bid": "0.31", "best_ask": "0.36"}], "timestamp": "1769384533788", "event_type": "price_change"}}
{"_local_timestamp": "2026-01-25T23:42:23.908367+00:00", "data": {"market": "0xecbb7178261e45c45a2d40f3ba28f7b90da88f208a43e3c8f0bd9f7d69900ddc", "price_changes": [{"asset_id": "75087175062739028357071911202249876424512123621414420427750062298373802728902", "price": "0.09", "size": "600", "side": "BUY", "hash": "69c767784d864f2a6490973080fbfda9a96c6b4e", "best_bid": "0.64", "best_ask": "0.69"}, {"asset_id": "51057777902653789433362935484116310785534127104787453577540080102342088856991", "price": "0.91", "size": "600", "side": "SELL", "hash": "57788ddd2269067e2a1f83b0f3f4248fc0a4867d", "best_bid": "0.31", "best_ask": "0.36"}], "timestamp": "1769384543840", "event_type": "price_change"}}
{"_local_timestamp": "2026-01-25T23:42:24.170628+00:00", "data": {"market": "0xecbb7178261e45c45a2d40f3ba28f7b90da88f208a43e3c8f0bd9f7d69900ddc", "price_changes": [{"asset_id": "75087175062739028357071911202249876424512123621414420427750062298373802728902", "price": "0.08", "size": "100", "side": "BUY", "hash": "2f4ab69c3a20cd6fdac433287efa676c19e2d2e0", "best_bid": "0.64", "best_ask": "0.69"}, {"asset_id": "51057777902653789433362935484116310785534127104787453577540080102342088856991", "price": "0.92", "size": "100", "side": "SELL", "hash": "f359fbdd5c96bf7543bf7cd71ef44d13198a5eb4", "best_bid": "0.31", "best_ask": "0.36"}], "timestamp": "1769384544105", "event_type": "price_change"}}
{"_local_timestamp": "2026-01-25T23:42:26.142513+00:00", "data": {"market": "0xecbb7178261e45c45a2d40f3ba28f7b90da88f208a43e3c8f0bd9f7d69900ddc", "price_changes": [{"asset_id": "51057777902653789433362935484116310785534127104787453577540080102342088856991", "price": "0.28", "size": "0", "side": "BUY", "hash": "ac518d245265650293b9a9d626bc2221a21aca6d", "best_bid": "0.31", "best_ask": "0.36"}, {"asset_id": "75087175062739028357071911202249876424512123621414420427750062298373802728902", "price": "0.72", "size": "0", "side": "SELL", "hash": "982b27cd71471d636796df692d269aeec4b45e6e", "best_bid": "0.64", "best_ask": "0.69"}], "timestamp": "1769384546031", "event_type": "price_change"}}
{"_local_timestamp": "2026-01-25T23:42:26.161766+00:00", "data": {"market": "0xc2db3c0906ac69232c4998f436e34e5df7e64b6dd2d9cb9ddd6305f2aef23c0d", "price_changes": [{"asset_id": "26283804933183319314833342421447518362320608677704153347603079425527445471777", "price": "0.56", "size": "890.11", "side": "BUY", "hash": "ce69d3a562d162549b88d531ace18dddea593ed4", "best_bid": "0.57", "best_ask": "0.66"}, {"asset_id": "68765318567686557797285708330422826706843409708557814702138983780254126785177", "price": "0.44", "size": "890.11", "side": "SELL", "hash": "65a34d40dcc80d55bf5172bda9d724eaf6e2cf5b", "best_bid": "0.34", "best_ask": "0.43"}], "timestamp": "1769384546038", "event_type": "price_change"}}
{"_local_timestamp": "2026-01-25T23:42:26.176618+00:00", "data": {"market": "0xecbb7178261e45c45a2d40f3ba28f7b90da88f208a43e3c8f0bd9f7d69900ddc", "price_changes": [{"asset_id": "75087175062739028357071911202249876424512123621414420427750062298373802728902", "price": "0.6", "size": "890.11", "side": "BUY", "hash": "7a81bafdc8ba75ed1d53d90a041686e67be9d2ed", "best_bid": "0.64", "best_ask": "0.69"}, {"asset_id": "51057777902653789433362935484116310785534127104787453577540080102342088856991", "price": "0.4", "size": "890.11", "side": "SELL", "hash": "c2f59a91b99ad2c12de32df046266f7ec8c868ef", "best_bid": "0.31", "best_ask": "0.36"}], "timestamp": "1769384546037", "event_type": "price_change"}}
{"_local_timestamp": "2026-01-25T23:42:26.185386+00:00", "data": {"market": "0x171b0625db2b7f2ac2848455143776eec779ee85f6359364c1b423b23b32fc68", "price_changes": [{"asset_id": "110208037745521376477218629625161726044793864281199315926557875582085019919669", "price": "0.55", "size": "890.11", "side": "BUY", "hash": "673ce1cbead9877d530a975820784eb25bc9d1f3", "best_bid": "0.56", "best_ask": "0.65"}, {"asset_id": "17118621258018130257689540837975706602158094977984538267313954503349864657420", "price": "0.45", "size": "890.11", "side": "SELL", "hash": "0dd45f3916465b2b67f5a0309bad8c8288378d07", "best_bid": "0.35", "best_ask": "0.44"}], "timestamp": "1769384546044", "event_type": "price_change"}}
{"_local_timestamp": "2026-01-25T23:42:26.192715+00:00", "data": {"market": "0x15beb6ee455f9837b69cd7dcd110770b2f489d88651e4ffb21cd54f617a23e04", "price_changes": [{"asset_id": "14205737424716982918858761268248742215558565679165887656230879609115111732505", "price": "0.42", "size": "0", "side": "BUY", "hash": "13bf94d20a490fe91def6fb7805579ff922cc512", "best_bid": "0.02", "best_ask": "0.52"}, {"asset_id": "44868850067599122384522819337153865676781090849621105309651139851616912647528", "price": "0.58", "size": "0", "side": "SELL", "hash": "fd321ecf7b990b424f20648addd1efde77960998", "best_bid": "0.48", "best_ask": "0.98"}], "timestamp": "1769384546041", "event_type": "price_change"}}
{"_local_timestamp": "2026-01-25T23:42:26.193143+00:00", "data": {"market": "0x171b0625db2b7f2ac2848455143776eec779ee85f6359364c1b423b23b32fc68", "price_changes": [{"asset_id": "17118621258018130257689540837975706602158094977984538267313954503349864657420", "price": "0.34", "size": "890.11", "side": "BUY", "hash": "2dd6d7f8697f28db969ccb938cbc5674ff066ab7", "best_bid": "0.35", "best_ask": "0.44"}, {"asset_id": "110208037745521376477218629625161726044793864281199315926557875582085019919669", "price": "0.66", "size": "890.11", "side": "SELL", "hash": "2f191f2048dc6b9b0cd16ffa4bac089bc9ab17c5", "best_bid": "0.56", "best_ask": "0.65"}], "timestamp": "1769384546045", "event_type": "price_change"}}
{"_local_timestamp": "2026-01-25T23:42:26.193509+00:00", "data": {"market": "0x15beb6ee455f9837b69cd7dcd110770b2f489d88651e4ffb21cd54f617a23e04", "price_changes": [{"asset_id": "44868850067599122384522819337153865676781090849621105309651139851616912647528", "price": "0.48", "size": "0", "side": "BUY", "hash": "a7b78612fa61d2cc520c80a1f70a97cb01ffe687", "best_bid": "0.02", "best_ask": "0.98"}, {"asset_id": "14205737424716982918858761268248742215558565679165887656230879609115111732505", "price": "0.52", "size": "0", "side": "SELL", "hash": "79c7a83e4784258ace6ecbfed12cd433e4a78c2c", "best_bid": "0.02", "best_ask": "0.98"}], "timestamp": "1769384546045", "event_type": "price_change"}}
{"_local_timestamp": "2026-01-25T23:42:26.198782+00:00", "data": {"market": "0xc2db3c0906ac69232c4998f436e34e5df7e64b6dd2d9cb9ddd6305f2aef23c0d", "price_changes": [{"asset_id": "68765318567686557797285708330422826706843409708557814702138983780254126785177", "price": "0.33", "size": "890.11", "side": "BUY", "hash": "142b02f7d59c8c5d34c8cd75df46fd0a97da24a5", "best_bid": "0.34", "best_ask": "0.43"}, {"asset_id": "26283804933183319314833342421447518362320608677704153347603079425527445471777", "price": "0.67", "size": "890.11", "side": "SELL", "hash": "e6500f03c0ba63ed38bd582b505d992612de229b", "best_bid": "0.57", "best_ask": "0.66"}], "timestamp": "1769384546050", "event_type": "price_change"}}
{"_local_timestamp": "2026-01-25T23:42:26.278189+00:00", "data": {"market": "0xc2db3c0906ac69232c4998f436e34e5df7e64b6dd2d9cb9ddd6305f2aef23c0d", "price_changes": [{"asset_id": "26283804933183319314833342421447518362320608677704153347603079425527445471777", "price": "0.01", "size": "8074.32", "side": "BUY", "hash": "bb86531ca47e2d707e6de46ea7640fe83c4031f5", "best_bid": "0.57", "best_ask": "0.66"}, {"asset_id": "68765318567686557797285708330422826706843409708557814702138983780254126785177", "price": "0.99", "size": "8074.32", "side": "SELL", "hash": "1177af482a466a1bfda14fe4010a77525f84600a", "best_bid": "0.34", "best_ask": "0.43"}], "timestamp": "1769384546203", "event_type": "price_change"}}
{"_local_timestamp": "2026-01-25T23:42:26.315323+00:00", "data": {"market": "0xc2db3c0906ac69232c4998f436e34e5df7e64b6dd2d9cb9ddd6305f2aef23c0d", "price_changes": [{"asset_id": "26283804933183319314833342421447518362320608677704153347603079425527445471777", "price": "0.05", "size": "0", "side": "BUY", "hash": "677d7cc9cf93a0f672d8867a8a59581c5c934cc2", "best_bid": "0.57", "best_ask": "0.66"}, {"asset_id": "68765318567686557797285708330422826706843409708557814702138983780254126785177", "price": "0.95", "size": "0", "side": "SELL", "hash": "bdb287857224cf26754cf86520259f063f7dc1c6", "best_bid": "0.34", "best_ask": "0.43"}], "timestamp": "1769384546246", "event_type": "price_change"}}
{"_local_timestamp": "2026-01-25T23:42:26.316341+00:00", "data": {"market": "0xc2db3c0906ac69232c4998f436e34e5df7e64b6dd2d9cb9ddd6305f2aef23c0d", "price_changes": [{"asset_id": "26283804933183319314833342421447518362320608677704153347603079425527445471777", "price": "0.04", "size": "0", "side": "BUY", "hash": "677d7cc9cf93a0f672d8867a8a59581c5c934cc2", "best_bid": "0.57", "best_ask": "0.66"}, {"asset_id": "68765318567686557797285708330422826706843409708557814702138983780254126785177", "price": "0.96", "size": "0", "side": "SELL", "hash": "bdb287857224cf26754cf86520259f063f7dc1c6", "best_bid": "0.34", "best_ask": "0.43"}], "timestamp": "1769384546246", "event_type": "price_change"}}
{"_local_timestamp": "2026-01-25T23:42:26.316766+00:00", "data": {"market": "0x171b0625db2b7f2ac2848455143776eec779ee85f6359364c1b423b23b32fc68", "price_changes": [{"asset_id": "110208037745521376477218629625161726044793864281199315926557875582085019919669", "price": "0.05", "size": "0", "side": "BUY", "hash": "db6ea15294acf8c36914edf23b393125f193cb41", "best_bid": "0.56", "best_ask": "0.65"}, {"asset_id": "17118621258018130257689540837975706602158094977984538267313954503349864657420", "price": "0.95", "size": "0", "side": "SELL", "hash": "d500642cc61277fb4e3925c09eeed2048a386659", "best_bid": "0.35", "best_ask": "0.44"}], "timestamp": "1769384546246", "event_type": "price_change"}}
{"_local_timestamp": "2026-01-25T23:42:26.375021+00:00", "data": {"market": "0xc2db3c0906ac69232c4998f436e34e5df7e64b6dd2d9cb9ddd6305f2aef23c0d", "price_changes": [{"asset_id": "26283804933183319314833342421447518362320608677704153347603079425527445471777", "price": "0.02", "size": "5056.55", "side": "BUY", "hash": "8afd1ff12e0a0f45c6ead195e73d7df18f4b86f4", "best_bid": "0.57", "best_ask": "0.66"}, {"asset_id": "68765318567686557797285708330422826706843409708557814702138983780254126785177", "price": "0.98", "size": "5056.55", "side": "SELL", "hash": "2bf748eff20fea0d20d7686eb955c58fd24268b7", "best_bid": "0.34", "best_ask": "0.43"}], "timestamp": "1769384546268", "event_type": "price_change"}}
{"_local_timestamp": "2026-01-25T23:42:26.375589+00:00", "data": {"market": "0xecbb7178261e45c45a2d40f3ba28f7b90da88f208a43e3c8f0bd9f7d69900ddc", "price_changes": [{"asset_id": "75087175062739028357071911202249876424512123621414420427750062298373802728902", "price": "0.14", "size": "1190.11", "side": "BUY", "hash": "45cbc07acc1754f79f4017e1628604ab1065b7cf", "best_bid": "0.64", "best_ask": "0.69"}, {"asset_id": "51057777902653789433362935484116310785534127104787453577540080102342088856991", "price": "0.86", "size": "1190.11", "side": "SELL", "hash": "f6f2b214eb5cbc8b73b1284d5e945fad65c47b23", "best_bid": "0.31", "best_ask": "0.36"}], "timestamp": "1769384546268", "event_type": "price_change"}}
{"_local_timestamp": "2026-01-25T23:42:26.376043+00:00", "data": {"market": "0xecbb7178261e45c45a2d40f3ba28f7b90da88f208a43e3c8f0bd9f7d69900ddc", "price_changes": [{"asset_id": "75087175062739028357071911202249876424512123621414420427750062298373802728902", "price": "0.15", "size": "890.11", "side": "BUY", "hash": "644a9614a0e08a1ba4f8777e8abd1f48928e4b34", "best_bid": "0.64", "best_ask": "0.69"}, {"asset_id": "51057777902653789433362935484116310785534127104787453577540080102342088856991", "price": "0.85", "size": "890.11", "side": "SELL", "hash": "69e505ae9d550ceee02bd8879331702099e0a485", "best_bid": "0.31", "best_ask": "0.36"}], "timestamp": "1769384546272", "event_type": "price_change"}}
{"_local_timestamp": "2026-01-25T23:42:26.443326+00:00", "data": {"market": "0x171b0625db2b7f2ac2848455143776eec779ee85f6359364c1b423b23b32fc68", "price_changes": [{"asset_id": "17118621258018130257689540837975706602158094977984538267313954503349864657420", "price": "0.02", "size": "5047.43", "side": "BUY", "hash": "c9269610be1d6a470ede2797c8ca18334c3857a2", "best_bid": "0.35", "best_ask": "0.44"}, {"asset_id": "110208037745521376477218629625161726044793864281199315926557875582085019919669", "price": "0.98", "size": "5047.43", "side": "SELL", "hash": "7d54bbd9cf935029594dc788b88753a01d6ab049", "best_bid": "0.56", "best_ask": "0.65"}], "timestamp": "1769384546377", "event_type": "price_change"}}
{"_local_timestamp": "2026-01-25T23:42:26.504809+00:00", "data": {"market": "0xecbb7178261e45c45a2d40f3ba28f7b90da88f208a43e3c8f0bd9f7d69900ddc", "price_changes": [{"asset_id": "51057777902653789433362935484116310785534127104787453577540080102342088856991", "price": "0.28", "size": "1000", "side": "BUY", "hash": "4948f4c8d327b9e1173408e687642d2bd04e4d6d", "best_bid": "0.31", "best_ask": "0.36"}, {"asset_id": "75087175062739028357071911202249876424512123621414420427750062298373802728902", "price": "0.72", "size": "1000", "side": "SELL", "hash": "9eec5953303a797cc75db562c02973523471079b", "best_bid": "0.64", "best_ask": "0.69"}], "timestamp": "1769384546422", "event_type": "price_change"}}
{"_local_timestamp": "2026-01-25T23:42:26.505259+00:00", "data": {"market": "0xecbb7178261e45c45a2d40f3ba28f7b90da88f208a43e3c8f0bd9f7d69900ddc", "price_changes": [{"asset_id": "75087175062739028357071911202249876424512123621414420427750062298373802728902", "price": "0.6", "size": "1890.11", "side": "BUY", "hash": "4df76fee49752735c90cf99d04c6e61d2a32847d", "best_bid": "0.64", "best_ask": "0.69"}, {"asset_id": "51057777902653789433362935484116310785534127104787453577540080102342088856991", "price": "0.4", "size": "1890.11", "side": "SELL", "hash": "c66bd96aa3754790211cbf68ff6b7680129dae83", "best_bid": "0.31", "best_ask": "0.36"}], "timestamp": "1769384546422", "event_type": "price_change"}}
{"_local_timestamp": "2026-01-25T23:42:26.505659+00:00", "data": {"market": "0xc2db3c0906ac69232c4998f436e34e5df7e64b6dd2d9cb9ddd6305f2aef23c0d", "price_changes": [{"asset_id": "68765318567686557797285708330422826706843409708557814702138983780254126785177", "price": "0.33", "size": "1390.11", "side": "BUY", "hash": "6a18a0e138144b829c93e45cc37dbb65e884dab0", "best_bid": "0.34", "best_ask": "0.43"}, {"asset_id": "26283804933183319314833342421447518362320608677704153347603079425527445471777", "price": "0.67", "size": "1390.11", "side": "SELL", "hash": "96015641714b647a7ff69cd59b1940c9b62a3e7f", "best_bid": "0.57", "best_ask": "0.66"}], "timestamp": "1769384546423", "event_type": "price_change"}}
{"_local_timestamp": "2026-01-25T23:42:26.506088+00:00", "data": {"market": "0x15beb6ee455f9837b69cd7dcd110770b2f489d88651e4ffb21cd54f617a23e04", "price_changes": [{"asset_id": "14205737424716982918858761268248742215558565679165887656230879609115111732505", "price": "0.42", "size": "500", "side": "BUY", "hash": "c2f049b3fb0b9998dde4399cf31543ccdb5c74d2", "best_bid": "0.42", "best_ask": "0.98"}, {"asset_id": "44868850067599122384522819337153865676781090849621105309651139851616912647528", "price": "0.58", "size": "500", "side": "SELL", "hash": "12007a0f28008f908221afcd65e50d2c6965a8dd", "best_bid": "0.02", "best_ask": "0.58"}], "timestamp": "1769384546424", "event_type": "price_change"}}
{"_local_timestamp": "2026-01-25T23:42:26.506470+00:00", "data": {"market": "0xc2db3c0906ac69232c4998f436e34e5df7e64b6dd2d9cb9ddd6305f2aef23c0d", "price_changes": [{"asset_id": "26283804933183319314833342421447518362320608677704153347603079425527445471777", "price": "0.56", "size": "1390.11", "side": "BUY", "hash": "5f5b4b4fa340342acea4d4fad72cde3e6de35c52", "best_bid": "0.57", "best_ask": "0.66"}, {"asset_id": "68765318567686557797285708330422826706843409708557814702138983780254126785177", "price": "0.44", "size": "1390.11", "side": "SELL", "hash": "0ae0b5fa03a6d57de01528335234e4027371451e", "best_bid": "0.34", "best_ask": "0.43"}], "timestamp": "1769384546424", "event_type": "price_change"}}
{"_local_timestamp": "2026-01-25T23:42:26.506887+00:00", "data": {"market": "0x171b0625db2b7f2ac2848455143776eec779ee85f6359364c1b423b23b32fc68", "price_changes": [{"asset_id": "110208037745521376477218629625161726044793864281199315926557875582085019919669", "price": "0.55", "size": "1390.11", "side": "BUY", "hash": "7eeaae3ac21c0072cf5def34ad70c2a0aba4ede5", "best_bid": "0.56", "best_ask": "0.65"}, {"asset_id": "17118621258018130257689540837975706602158094977984538267313954503349864657420", "price": "0.45", "size": "1390.11", "side": "SELL", "hash": "13729e00dd4c5211c71d27f88e55358eec07dc44", "best_bid": "0.35", "best_ask": "0.44"}], "timestamp": "1769384546425", "event_type": "price_change"}}
{"_local_timestamp": "2026-01-25T23:42:26.512876+00:00", "data": {"market": "0x171b0625db2b7f2ac2848455143776eec779ee85f6359364c1b423b23b32fc68", "price_changes": [{"asset_id": "17118621258018130257689540837975706602158094977984538267313954503349864657420", "price": "0.34", "size": "1390.11", "side": "BUY", "hash": "f64ca524ca7e83f3d6ef0115bd501d49372a9509", "best_bid": "0.35", "best_ask": "0.44"}, {"asset_id": "110208037745521376477218629625161726044793864281199315926557875582085019919669", "price": "0.66", "size": "1390.11", "side": "SELL", "hash": "47ca1e29bcaecc74832c461e63741dd7299f33b9", "best_bid": "0.56", "best_ask": "0.65"}], "timestamp": "1769384546427", "event_type": "price_change"}}
{"_local_timestamp": "2026-01-25T23:42:26.513435+00:00", "data": {"market": "0x15beb6ee455f9837b69cd7dcd110770b2f489d88651e4ffb21cd54f617a23e04", "price_changes": [{"asset_id": "44868850067599122384522819337153865676781090849621105309651139851616912647528", "price": "0.48", "size": "500", "side": "BUY", "hash": "2649cd36a7aec43bf24d9f342848872f6a1921c5", "best_bid": "0.48", "best_ask": "0.58"}, {"asset_id": "14205737424716982918858761268248742215558565679165887656230879609115111732505", "price": "0.52", "size": "500", "side": "SELL", "hash": "6f1788d18c1542c6cf4d39d3b44df1f116a44a32", "best_bid": "0.42", "best_ask": "0.52"}], "timestamp": "1769384546430", "event_type": "price_change"}}
{"_local_timestamp": "2026-01-25T23:42:26.684127+00:00", "data": {"market": "0x171b0625db2b7f2ac2848455143776eec779ee85f6359364c1b423b23b32fc68", "price_changes": [{"asset_id": "110208037745521376477218629625161726044793864281199315926557875582085019919669", "price": "0.02", "size": "5056.59", "side": "BUY", "hash": "d573a68dac2af6e1877ba2eddba07fb9a849cce8", "best_bid": "0.56", "best_ask": "0.65"}, {"asset_id": "17118621258018130257689540837975706602158094977984538267313954503349864657420", "price": "0.98", "size": "5056.59", "side": "SELL", "hash": "a3c8c8f931e3a17468bc96cec767171d39043d90", "best_bid": "0.35", "best_ask": "0.44"}], "timestamp": "1769384546613", "event_type": "price_change"}}
{"_local_timestamp": "2026-01-25T23:42:26.684631+00:00", "data": {"market": "0x171b0625db2b7f2ac2848455143776eec779ee85f6359364c1b423b23b32fc68", "price_changes": [{"asset_id": "110208037745521376477218629625161726044793864281199315926557875582085019919669", "price": "0.01", "size": "8074.22", "side": "BUY", "hash": "a40a3c0ac595ba504962392488c393147d9a5363", "best_bid": "0.56", "best_ask": "0.65"}, {"asset_id": "17118621258018130257689540837975706602158094977984538267313954503349864657420", "price": "0.99", "size": "8074.22", "side": "SELL", "hash": "4e3343f22728ff3624750eb613ca4a6d1135a58a", "best_bid": "0.35", "best_ask": "0.44"}], "timestamp": "1769384546615", "event_type": "price_change"}}
{"_local_timestamp": "2026-01-25T23:42:26.685078+00:00", "data": {"market": "0x171b0625db2b7f2ac2848455143776eec779ee85f6359364c1b423b23b32fc68", "price_changes": [{"asset_id": "17118621258018130257689540837975706602158094977984538267313954503349864657420", "price": "0.01", "size": "8074.39", "side": "BUY", "hash": "6adeba79a78c812c368a15ba9e60f461e415cdc6", "best_bid": "0.35", "best_ask": "0.44"}, {"asset_id": "110208037745521376477218629625161726044793864281199315926557875582085019919669", "price": "0.99", "size": "8074.39", "side": "SELL", "hash": "3309fa85f1f37b649cf0519f1f75629663ab0524", "best_bid": "0.56", "best_ask": "0.65"}], "timestamp": "1769384546616", "event_type": "price_change"}}
{"_local_timestamp": "2026-01-25T23:42:26.812796+00:00", "data": {"market": "0xc2db3c0906ac69232c4998f436e34e5df7e64b6dd2d9cb9ddd6305f2aef23c0d", "price_changes": [{"asset_id": "26283804933183319314833342421447518362320608677704153347603079425527445471777", "price": "0.06", "size": "902.88", "side": "BUY", "hash": "7a718bfbe7a86b9dda680c60e2bacfdf3012e08c", "best_bid": "0.57", "best_ask": "0.66"}, {"asset_id": "68765318567686557797285708330422826706843409708557814702138983780254126785177", "price": "0.94", "size": "902.88", "side": "SELL", "hash": "d98f90134316797ff2556e0f972392c7b16f4519", "best_bid": "0.34", "best_ask": "0.43"}], "timestamp": "1769384546745", "event_type": "price_change"}}
{"_local_timestamp": "2026-01-25T23:42:26.814827+00:00", "data": {"market": "0xc2db3c0906ac69232c4998f436e34e5df7e64b6dd2d9cb9ddd6305f2aef23c0d", "price_changes": [{"asset_id": "26283804933183319314833342421447518362320608677704153347603079425527445471777", "price": "0.06", "size": "6901.99", "side": "BUY", "hash": "b842dd47c7ea712a08aa65505f000dc5c91bdc34", "best_bid": "0.57", "best_ask": "0.66"}, {"asset_id": "68765318567686557797285708330422826706843409708557814702138983780254126785177", "price": "0.94", "size": "6901.99", "side": "SELL", "hash": "d324ada46df800639dcb1f5624193c0f265be22a", "best_bid": "0.34", "best_ask": "0.43"}], "timestamp": "1769384546748", "event_type": "price_change"}}
{"_local_timestamp": "2026-01-25T23:42:26.815310+00:00", "data": {"market": "0xc2db3c0906ac69232c4998f436e34e5df7e64b6dd2d9cb9ddd6305f2aef23c0d", "price_changes": [{"asset_id": "26283804933183319314833342421447518362320608677704153347603079425527445471777", "price": "0.06", "size": "8899.1", "side": "BUY", "hash": "079ef675d835a9c29df3ca2fc941bef7eaad5248", "best_bid": "0.57", "best_ask": "0.66"}, {"asset_id": "68765318567686557797285708330422826706843409708557814702138983780254126785177", "price": "0.94", "size": "8899.1", "side": "SELL", "hash": "96897ac4a00cd34656cbd21fab35c3a106159637", "best_bid": "0.34", "best_ask": "0.43"}], "timestamp": "1769384546750", "event_type": "price_change"}}
{"_local_timestamp": "2026-01-25T23:42:27.141551+00:00", "data": {"market": "0xc2db3c0906ac69232c4998f436e34e5df7e64b6dd2d9cb9ddd6305f2aef23c0d", "price_changes": [{"asset_id": "26283804933183319314833342421447518362320608677704153347603079425527445471777", "price": "0.06", "size": "10169.2", "side": "BUY", "hash": "479e5b5bd3274716b4c4a7212e0a85d2c6bea522", "best_bid": "0.57", "best_ask": "0.66"}, {"asset_id": "68765318567686557797285708330422826706843409708557814702138983780254126785177", "price": "0.94", "size": "10169.2", "side": "SELL", "hash": "95bb5f66e8db0ccabfee9d057eec5ab35d607ccf", "best_bid": "0.34", "best_ask": "0.43"}], "timestamp": "1769384547026", "event_type": "price_change"}}
{"_local_timestamp": "2026-01-25T23:42:27.166728+00:00", "data": {"market": "0x171b0625db2b7f2ac2848455143776eec779ee85f6359364c1b423b23b32fc68", "price_changes": [{"asset_id": "17118621258018130257689540837975706602158094977984538267313954503349864657420", "price": "0.01", "size": "9344.49", "side": "BUY", "hash": "07e2aaf1788e4f541c18f350697f58b1db8609a0", "best_bid": "0.35", "best_ask": "0.44"}, {"asset_id": "110208037745521376477218629625161726044793864281199315926557875582085019919669", "price": "0.99", "size": "9344.49", "side": "SELL", "hash": "25ac012f0c0e5e57464fd1b8be9a14df3df9ecb9", "best_bid": "0.56", "best_ask": "0.65"}], "timestamp": "1769384547064", "event_type": "price_change"}}
{"_local_timestamp": "2026-01-25T23:42:27.167276+00:00", "data": {"market": "0x171b0625db2b7f2ac2848455143776eec779ee85f6359364c1b423b23b32fc68", "price_changes": [{"asset_id": "110208037745521376477218629625161726044793864281199315926557875582085019919669", "price": "0.01", "size": "10071.33", "side": "BUY", "hash": "a3e4ab52cd2fb3a490dae80c84fe5b5ad9f4900f", "best_bid": "0.56", "best_ask": "0.65"}, {"asset_id": "17118621258018130257689540837975706602158094977984538267313954503349864657420", "price": "0.99", "size": "10071.33", "side": "SELL", "hash": "53b6619d2a121f24ef5ecf1f4feadfeb364d1c62", "best_bid": "0.35", "best_ask": "0.44"}], "timestamp": "1769384547067", "event_type": "price_change"}}
{"_local_timestamp": "2026-01-25T23:42:27.167751+00:00", "data": {"market": "0x171b0625db2b7f2ac2848455143776eec779ee85f6359364c1b423b23b32fc68", "price_changes": [{"asset_id": "17118621258018130257689540837975706602158094977984538267313954503349864657420", "price": "0.01", "size": "11341.6", "side": "BUY", "hash": "7eb75ad044e71f146471f9180038fca05528e6f8", "best_bid": "0.35", "best_ask": "0.44"}, {"asset_id": "110208037745521376477218629625161726044793864281199315926557875582085019919669", "price": "0.99", "size": "11341.6", "side": "SELL", "hash": "5d37a3f944e1606fd7389a140fa703c18b6c9eac", "best_bid": "0.56", "best_ask": "0.65"}], "timestamp": "1769384547070", "event_type": "price_change"}}
{"_local_timestamp": "2026-01-25T23:42:27.168242+00:00", "data": {"market": "0x171b0625db2b7f2ac2848455143776eec779ee85f6359364c1b423b23b32fc68", "price_changes": [{"asset_id": "110208037745521376477218629625161726044793864281199315926557875582085019919669", "price": "0.01", "size": "10961.44", "side": "BUY", "hash": "1dbe3fc8dde3f4ac47a7005e8a9c12232fa2ce65", "best_bid": "0.56", "best_ask": "0.65"}, {"asset_id": "17118621258018130257689540837975706602158094977984538267313954503349864657420", "price": "0.99", "size": "10961.44", "side": "SELL", "hash": "bb7145116176f7c8126b9cb64dc1315ade2e5188", "best_bid": "0.35", "best_ask": "0.44"}], "timestamp": "1769384547072", "event_type": "price_change"}}
{"_local_timestamp": "2026-01-25T23:42:27.174586+00:00", "data": {"market": "0x171b0625db2b7f2ac2848455143776eec779ee85f6359364c1b423b23b32fc68", "price_changes": [{"asset_id": "17118621258018130257689540837975706602158094977984538267313954503349864657420", "price": "0.01", "size": "12231.71", "side": "BUY", "hash": "d78d1ae59db561d49113f12255058a4153f7ec64", "best_bid": "0.35", "best_ask": "0.44"}, {"asset_id": "110208037745521376477218629625161726044793864281199315926557875582085019919669", "price": "0.99", "size": "12231.71", "side": "SELL", "hash": "99b08518b1e9464e7a8e0e15acea332733245e0a", "best_bid": "0.56", "best_ask": "0.65"}], "timestamp": "1769384547074", "event_type": "price_change"}}
{"_local_timestamp": "2026-01-25T23:42:27.175213+00:00", "data": {"market": "0x171b0625db2b7f2ac2848455143776eec779ee85f6359364c1b423b23b32fc68", "price_changes": [{"asset_id": "110208037745521376477218629625161726044793864281199315926557875582085019919669", "price": "0.01", "size": "12231.54", "side": "BUY", "hash": "d4d9a273e400ad4c65b5f46b3c693c63ef62ea3a", "best_bid": "0.56", "best_ask": "0.65"}, {"asset_id": "17118621258018130257689540837975706602158094977984538267313954503349864657420", "price": "0.99", "size": "12231.54", "side": "SELL", "hash": "332d7e3494ff2194c3ce98450fed422cf453ad1a", "best_bid": "0.35", "best_ask": "0.44"}], "timestamp": "1769384547076", "event_type": "price_change"}}
{"_local_timestamp": "2026-01-25T23:42:34.009591+00:00", "data": {"market": "0xecbb7178261e45c45a2d40f3ba28f7b90da88f208a43e3c8f0bd9f7d69900ddc", "price_changes": [{"asset_id": "75087175062739028357071911202249876424512123621414420427750062298373802728902", "price": "0.09", "size": "200", "side": "BUY", "hash": "0e15beb84564fd67e64bd4fc4323a34d050d706d", "best_bid": "0.64", "best_ask": "0.69"}, {"asset_id": "51057777902653789433362935484116310785534127104787453577540080102342088856991", "price": "0.91", "size": "200", "side": "SELL", "hash": "645e5d678e5ee3f7cf5d1c6be1a49e9177e1bc9f", "best_bid": "0.31", "best_ask": "0.36"}], "timestamp": "1769384553933", "event_type": "price_change"}}
{"_local_timestamp": "2026-01-25T23:42:34.190641+00:00", "data": {"market": "0xecbb7178261e45c45a2d40f3ba28f7b90da88f208a43e3c8f0bd9f7d69900ddc", "price_changes": [{"asset_id": "75087175062739028357071911202249876424512123621414420427750062298373802728902", "price": "0.08", "size": "990.11", "side": "BUY", "hash": "ffeea7feb084edf30c7ed81d957569213038ed8f", "best_bid": "0.64", "best_ask": "0.69"}, {"asset_id": "51057777902653789433362935484116310785534127104787453577540080102342088856991", "price": "0.92", "size": "990.11", "side": "SELL", "hash": "705ae9233b4c369cff77f6d896c372c3dde1de2c", "best_bid": "0.31", "best_ask": "0.36"}], "timestamp": "1769384554125", "event_type": "price_change"}}
{"_local_timestamp": "2026-01-25T23:42:34.198509+00:00", "data": {"market": "0xecbb7178261e45c45a2d40f3ba28f7b90da88f208a43e3c8f0bd9f7d69900ddc", "price_changes": [{"asset_id": "75087175062739028357071911202249876424512123621414420427750062298373802728902", "price": "0.15", "size": "0", "side": "BUY", "hash": "b62926d50fe8fcc9eec7b6b8035d4efb6ad18314", "best_bid": "0.64", "best_ask": "0.69"}, {"asset_id": "51057777902653789433362935484116310785534127104787453577540080102342088856991", "price": "0.85", "size": "0", "side": "SELL", "hash": "aed529f5f0c42d24350e13c6ab65e1c5cf356ff4", "best_bid": "0.31", "best_ask": "0.36"}], "timestamp": "1769384554127", "event_type": "price_change"}}
{"_local_timestamp": "2026-01-25T23:42:34.199234+00:00", "data": {"market": "0xecbb7178261e45c45a2d40f3ba28f7b90da88f208a43e3c8f0bd9f7d69900ddc", "price_changes": [{"asset_id": "75087175062739028357071911202249876424512123621414420427750062298373802728902", "price": "0.14", "size": "300", "side": "BUY", "hash": "b62926d50fe8fcc9eec7b6b8035d4efb6ad18314", "best_bid": "0.64", "best_ask": "0.69"}, {"asset_id": "51057777902653789433362935484116310785534127104787453577540080102342088856991", "price": "0.86", "size": "300", "side": "SELL", "hash": "aed529f5f0c42d24350e13c6ab65e1c5cf356ff4", "best_bid": "0.31", "best_ask": "0.36"}], "timestamp": "1769384554127", "event_type": "price_change"}}
{"_local_timestamp": "2026-01-25T23:42:34.221480+00:00", "data": {"market": "0xecbb7178261e45c45a2d40f3ba28f7b90da88f208a43e3c8f0bd9f7d69900ddc", "price_changes": [{"asset_id": "75087175062739028357071911202249876424512123621414420427750062298373802728902", "price": "0.08", "size": "2260.21", "side": "BUY", "hash": "abf7453f86c2736e0809652195ccda345773b6a1", "best_bid": "0.64", "best_ask": "0.69"}, {"asset_id": "51057777902653789433362935484116310785534127104787453577540080102342088856991", "price": "0.92", "size": "2260.21", "side": "SELL", "hash": "f4b320d74d2591043ceb536f344cf638c39f796c", "best_bid": "0.31", "best_ask": "0.36"}], "timestamp": "1769384554154", "event_type": "price_change"}}
{"_local_timestamp": "2026-01-25T23:42:34.222168+00:00", "data": {"market": "0xecbb7178261e45c45a2d40f3ba28f7b90da88f208a43e3c8f0bd9f7d69900ddc", "price_changes": [{"asset_id": "75087175062739028357071911202249876424512123621414420427750062298373802728902", "price": "0.08", "size": "4257.32", "side": "BUY", "hash": "1c8ad15e230d0508d8e4fa67955a00a4e15185de", "best_bid": "0.64", "best_ask": "0.69"}, {"asset_id": "51057777902653789433362935484116310785534127104787453577540080102342088856991", "price": "0.92", "size": "4257.32", "side": "SELL", "hash": "4c3b8e7251fe169b5eb9d83a887ab8fcd802920a", "best_bid": "0.31", "best_ask": "0.36"}], "timestamp": "1769384554155", "event_type": "price_change"}}
{"_local_timestamp": "2026-01-25T23:42:34.273376+00:00", "data": {"market": "0xecbb7178261e45c45a2d40f3ba28f7b90da88f208a43e3c8f0bd9f7d69900ddc", "price_changes": [{"asset_id": "75087175062739028357071911202249876424512123621414420427750062298373802728902", "price": "0.1", "size": "4563.89", "side": "BUY", "hash": "4fad971e7b52a7089d3a85caff3330731f4be662", "best_bid": "0.64", "best_ask": "0.69"}, {"asset_id": "51057777902653789433362935484116310785534127104787453577540080102342088856991", "price": "0.9", "size": "4563.89", "side": "SELL", "hash": "706d9a5e895025f92bd680a2656f00ceb66a2cd7", "best_bid": "0.31", "best_ask": "0.36"}], "timestamp": "1769384554196", "event_type": "price_change"}}
{"_local_timestamp": "2026-01-25T23:42:34.870310+00:00", "data": {"market": "0xecbb7178261e45c45a2d40f3ba28f7b90da88f208a43e3c8f0bd9f7d69900ddc", "price_changes": [{"asset_id": "75087175062739028357071911202249876424512123621414420427750062298373802728902", "price": "0.14", "size": "200", "side": "BUY", "hash": "b05f0ff10a376f8df2387d87e1df13e1476197b3", "best_bid": "0.64", "best_ask": "0.69"}, {"asset_id": "51057777902653789433362935484116310785534127104787453577540080102342088856991", "price": "0.86", "size": "200", "side": "SELL", "hash": "b9fe100a78edaa12574d41860405c31b4d213ef1", "best_bid": "0.31", "best_ask": "0.36"}], "timestamp": "1769384554797", "event_type": "price_change"}}
{"_local_timestamp": "2026-01-25T23:42:35.117156+00:00", "data": {"market": "0xecbb7178261e45c45a2d40f3ba28f7b90da88f208a43e3c8f0bd9f7d69900ddc", "price_changes": [{"asset_id": "75087175062739028357071911202249876424512123621414420427750062298373802728902", "price": "0.15", "size": "100", "side": "BUY", "hash": "ea05bc2f83a9536f8cb77e551d51a36023d1a798", "best_bid": "0.64", "best_ask": "0.69"}, {"asset_id": "51057777902653789433362935484116310785534127104787453577540080102342088856991", "price": "0.85", "size": "100", "side": "SELL", "hash": "336d30ad4f90842459ad5e152cdb5ab6e543da18", "best_bid": "0.31", "best_ask": "0.36"}], "timestamp": "1769384555034", "event_type": "price_change"}}
