{"_local_timestamp": "2026-01-25T23:34:22.010160+00:00", "data": [{"market": "0xe2d8271817cea8285227f6a20a8a7c5b14135d7a9904c10506a5fd4112905321", "asset_id": "76014796292385315790037152410458149777024522539255175135706726000764081079707", "timestamp": "1769383979276", "hash": "33a81fc1079e165020e1b74e80f9958857d8df84", "bids": [{"price": "0.01", "size": "11348.58"}, {"price": "0.02", "size": "900.59"}, {"price": "0.03", "size": "18.99"}, {"price": "0.04", "size": "47.96"}], "asks": [{"price": "0.99", "size": "11348.58"}, {"price": "0.98", "size": "900.59"}, {"price": "0.97", "size": "18.99"}, {"price": "0.96", "size": "42.49"}], "event_type": "book", "last_trade_price": ""}, {"market": "0x217ab3e6044a56cf9457920394c5af9579d94ce927355af423e94871139feaff", "asset_id": "86835732496980619146316412297038784213559700414305719756455093316634930198882", "timestamp": "1769383982441", "hash": "68602f99e328ba59355e4109ddc871e1072ea90f", "bids": [{"price": "0.01", "size": "11299.74"}, {"price": "0.02", "size": "900.64"}, {"price": "0.03", "size": "19.07"}, {"price": "0.04", "size": "35.46"}], "asks": [{"price": "0.99", "size": "11299.42"}, {"price": "0.98", "size": "900.28"}, {"price": "0.97", "size": "19.42"}, {"price": "0.96", "size": "29.99"}], "event_type": "book", "last_trade_price": ""}, {"market": "0x712643e456fd0a20276f7647dfcedb18879b274cec3f39d96f3988d60d42c950", "asset_id": "111557544219356388422955953097782914945694753700987082316122569852614965133578", "timestamp": "1769383983259", "hash": "b510e6b57f987839f6612198992a74ad062d5955", "bids": [{"price": "0.01", "size": "11342.68"}, {"price": "0.02", "size": "897.2"}, {"price": "0.03", "size": "23.22"}, {"price": "0.06", "size": "15.47"}], "asks": [{"price": "0.99", "size": "11348.58"}, {"price": "0.98", "size": "900.59"}, {"price": "0.97", "size": "18.99"}, {"price": "0.96", "size": "42.49"}], "event_type": "book", "last_trade_price": ""}, {"market": "0x868e0cc20f19ee22bb927d5fd12979120ce5d1a0fc6bbff398d1983bc9201466", "asset_id": "100060469674113113118626782205603961683930096063457774693730789901753382815995", "timestamp": "1769383982441", "hash": "b6814ba344332987c1d1890441a29d4278ade4c3", "bids": [{"price": "0.01", "size": "11336.86"}, {"price": "0.02", "size": "890.11"}, {"price": "0.03", "size": "29.89"}, {"price": "0.5", "size": "10"}], "asks": [{"price": "0.99", "size": "11341.17"}, {"price": "0.98", "size": "890.11"}, {"price": "0.97", "size": "33.92"}, {"price": "0.83", "size": "10"}, {"price": "0.8", "size": "50"}], "event_type": "book", "last_trade_price": ""}, {"market": "0xc2f82ad8a23de9c6b1a6e96a366327c8ad5e232daefdaf7f0df80e85463d510d", "asset_id": "62411109001583922455298972447843130255598154307948739912364069789309252069685", "timestamp": "1769383979311", "hash": "6f7808757b5532f196d3ade5aad52f48fb406c93", "bids": [{"price": "0.01", "size": "200.64"}, {"price": "0.02", "size": "29.42"}, {"price": "0.04", "size": "29.99"}, {"price": "0.05", "size": "5.47"}], "asks": [{"price": "0.99", "size": "200.64"}, {"price": "0.98", "size": "39.67"}, {"price": "0.96", "size": "29.99"}], "event_type": "book", "last_trade_price": ""}, {"market": "0xe2d8271817cea8285227f6a20a8a7c5b14135d7a9904c10506a5fd4112905321", "asset_id": "69315016300803149655247576820691038505762483625795733055806093749076395092884", "timestamp": "1769383979276", "hash": "561f7680ec742579ed1791b29b7963c19d8c136b", "bids": [{"price": "0.01", "size": "11348.58"}, {"price": "0.02", "size": "900.59"}, {"price": "0.03", "size": "18.99"}, {"price": "0.04", "size": "42.49"}], "asks": [{"price": "0.99", "size": "11348.58"}, {"price": "0.98", "size": "900.59"}, {"price": "0.97", "size": "18.99"}, {"price": "0.96", "size": "47.96"}], "event_type": "book", "last_trade_price": ""}, {"market": "0xc2f82ad8a23de9c6b1a6e96a366327c8ad5e232daefdaf7f0df80e85463d510d", "asset_id": "48440611380139987852933521061849933535135378924528221775925871385856940146001", "timestamp": "1769383979311", "hash": "87a20277674cd3ef41e76121593fc25315c9da59", "bids": [{"price": "0.01", "size": "200.64"}, {"price": "0.02", "size": "39.67"}, {"price": "0.04", "size": "29.99"}], "asks": [{"price": "0.99", "size": "200.64"}, {"price": "0.98", "size": "29.42"}, {"price": "0.96", "size": "29.99"}, {"price": "0.95", "size": "5.47"}], "event_type": "book", "last_trade_price": ""}, {"market": "0x217ab3e6044a56cf9457920394c5af9579d94ce927355af423e94871139feaff", "asset_id": "2210708265993983762689147801479323073780948587572199581626886300743896557999", "timestamp": "1769383982441", "hash": "6ce55fcea9bafd0cf08ac69fbaddc4509ea086ee", "bids": [{"price": "0.01", "size": "11299.42"}, {"price": "0.02", "size": "900.28"}, {"price": "0.03", "size": "19.42"}, {"price": "0.04", "size": "29.99"}], "asks": [{"price": "0.99", "size": "11299.74"}, {"price": "0.98", "size": "900.64"}, {"price": "0.97", "size": "19.07"}, {"price": "0.96", "size": "35.46"}], "event_type": "book", "last_trade_price": ""}, {"market": "0x868e0cc20f19ee22bb927d5fd12979120ce5d1a0fc6bbff398d1983bc9201466", "asset_id": "63090612262751547155586820313025648123763342276390859353255773813691617161236", "timestamp": "1769383982441", "hash": "3665b28bf1c45477ef778f0589b19581b245d7a1", "bids": [{"price": "0.01", "size": "11341.17"}, {"price": "0.02", "size": "890.11"}, {"price": "0.03", "size": "33.92"}, {"price": "0.17", "size": "10"}, {"price": "0.2", "size": "50"}], "asks": [{"price": "0.99", "size": "11336.86"}, {"price": "0.98", "size": "890.11"}, {"price": "0.97", "size": "29.89"}, {"price": "0.5", "size": "10"}], "event_type": "book", "last_trade_price": ""}, {"market": "0x712643e456fd0a20276f7647dfcedb18879b274cec3f39d96f3988d60d42c950", "asset_id": "8168176665152461220622205752696894616859073920575758693461347963172079770124", "timestamp": "1769383983259", "hash": "0cda4c3880e5abfded1b63717eaa1f7b7f21223f", "bids": [{"price": "0.01", "size": "11348.58"}, {"price": "0.02", "size": "900.59"}, {"price": "0.03", "size": "18.99"}, {"price": "0.04", "size": "42.49"}], "asks": [{"price": "0.99", "size": "11342.68"}, {"price": "0.98", "size": "897.2"}, {"price": "0.97", "size": "23.22"}, {"price": "0.94", "size": "15.47"}], "event_type": "book", "last_trade_price": ""}]}
{"_local_timestamp": "2026-01-25T23:34:33.562453+00:00", "data": {"market": "0xc2f82ad8a23de9c6b1a6e96a366327c8ad5e232daefdaf7f0df80e85463d510d", "price_changes": [{"asset_id": "62411109001583922455298972447843130255598154307948739912364069789309252069685", "price": "0.04", "size": "0", "side": "BUY", "hash": "6b545fb36b0345c444311603133efed38281d32d", "best_bid": "0.05", "best_ask": "0.96"}, {"asset_id": "48440611380139987852933521061849933535135378924528221775925871385856940146001", "price": "0.96", "size": "0", "side": "SELL", "hash": "cac5d2972be649a6c7ce848493f76b51ffe38f83", "best_bid": "0.04", "best_ask": "0.95"}], "timestamp": "1769384073492", "event_type": "price_change"}}
{"_local_timestamp": "2026-01-25T23:34:35.145832+00:00", "data": {"market": "0xc2f82ad8a23de9c6b1a6e96a366327c8ad5e232daefdaf7f0df80e85463d510d", "price_changes": [{"asset_id": "62411109001583922455298972447843130255598154307948739912364069789309252069685", "price": "0.05", "size": "0", "side": "BUY", "hash": "2f92deb74629ec38d811e0db824f9e7bd2ddf1a8", "best_bid": "0.02", "best_ask": "0.96"}, {"asset_id": "48440611380139987852933521061849933535135378924528221775925871385856940146001", "price": "0.95", "size": "0", "side": "SELL", "hash": "cd3fe4ca9c64b9e7b1a110aedf59c5f727700ba6", "best_bid": "0.04", "best_ask": "0.98"}], "timestamp": "1769384075057", "event_type": "price_change"}}
{"_local_timestamp": "2026-01-25T23:34:35.274081+00:00", "data": {"market": "0xc2f82ad8a23de9c6b1a6e96a366327c8ad5e232daefdaf7f0df80e85463d510d", "price_changes": [{"asset_id": "62411109001583922455298972447843130255598154307948739912364069789309252069685", "price": "0.03", "size": "5.47", "side": "BUY", "hash": "ef8c7d47a54e3818137359f7183128ae2622a834", "best_bid": "0.03", "best_ask": "0.96"}, {"asset_id": "48440611380139987852933521061849933535135378924528221775925871385856940146001", "price": "0.97", "size": "5.47", "side": "SELL", "hash": "6eb30e00c24e6fd4ba2ad0ca91f0a27bb7a79558", "best_bid": "0.04", "best_ask": "0.97"}], "timestamp": "1769384075206", "event_type": "price_change"}}
{"_local_timestamp": "2026-01-25T23:36:05.447583+00:00", "data": {"market": "0xc2f82ad8a23de9c6b1a6e96a366327c8ad5e232daefdaf7f0df80e85463d510d", "price_changes": [{"asset_id": "62411109001583922455298972447843130255598154307948739912364069789309252069685", "price": "0.04", "size": "29.99", "side": "BUY", "hash": "a159d45c2efd855be293669af173fe1f75335bfb", "best_bid": "0.04", "best_ask": "0.96"}, {"asset_id": "48440611380139987852933521061849933535135378924528221775925871385856940146001", "price": "0.96", "size": "29.99", "side": "SELL", "hash": "8fa39177227c9d6f1e4c7700efac8b1f9e43b740", "best_bid": "0.04", "best_ask": "0.96"}], "timestamp": "1769384165373", "event_type": "price_change"}}
{"_local_timestamp": "2026-01-25T23:36:09.198553+00:00", "data": {"market": "0xc2f82ad8a23de9c6b1a6e96a366327c8ad5e232daefdaf7f0df80e85463d510d", "price_changes": [{"asset_id": "62411109001583922455298972447843130255598154307948739912364069789309252069685", "price": "0.03", "size": "0", "side": "BUY", "hash": "dd1d8884815c0e2d76d8de4a37d70c40f20aaaf9", "best_bid": "0.04", "best_ask": "0.96"}, {"asset_id": "48440611380139987852933521061849933535135378924528221775925871385856940146001", "price": "0.97", "size": "0", "side": "SELL", "hash": "d95a95960d8171153b11dacb4b6bf448c3c02b36", "best_bid": "0.04", "best_ask": "0.96"}], "timestamp": "1769384169123", "event_type": "price_change"}}
{"_local_timestamp": "2026-01-25T23:36:09.502523+00:00", "data": {"market": "0xc2f82ad8a23de9c6b1a6e96a366327c8ad5e232daefdaf7f0df80e85463d510d", "price_changes": [{"asset_id": "62411109001583922455298972447843130255598154307948739912364069789309252069685", "price": "0.05", "size": "5.47", "side": "BUY", "hash": "bcb4503e754da1537213306e42c6caf9c0073924", "best_bid": "0.05", "best_ask": "0.96"}, {"asset_id": "48440611380139987852933521061849933535135378924528221775925871385856940146001", "price": "0.95", "size": "5.47", "side": "SELL", "hash": "cfdb28293641da2c17e1b0a56b1c3cfc22f6e231", "best_bid": "0.04", "best_ask": "0.95"}], "timestamp": "1769384169426", "event_type": "price_change"}}
{"_local_timestamp": "2026-01-25T23:37:04.965884+00:00", "data": {"market": "0x217ab3e6044a56cf9457920394c5af9579d94ce927355af423e94871139feaff", "price_changes": [{"asset_id": "2210708265993983762689147801479323073780948587572199581626886300743896557999", "price": "0.5", "size": "701", "side": "BUY", "hash": "0ca77b2381df986701dc386bca5c16c694c0d51e", "best_bid": "0.5", "best_ask": "0.96"}, {"asset_id": "86835732496980619146316412297038784213559700414305719756455093316634930198882", "price": "0.5", "size": "701", "side": "SELL", "hash": "17dd3bb2061bb03a60c304a68bd7c492726ba3bb", "best_bid": "0.04", "best_ask": "0.5"}], "timestamp": "1769384224745", "event_type": "price_change"}}
{"_local_timestamp": "2026-01-25T23:37:05.261764+00:00", "data": {"market": "0x217ab3e6044a56cf9457920394c5af9579d94ce927355af423e94871139feaff", "price_changes": [{"asset_id": "2210708265993983762689147801479323073780948587572199581626886300743896557999", "price": "0.5", "size": "1591.11", "side": "BUY", "hash": "a100ec10905c5be64a0d6fc09db380dfe22e3bd1", "best_bid": "0.5", "best_ask": "0.96"}, {"asset_id": "86835732496980619146316412297038784213559700414305719756455093316634930198882", "price": "0.5", "size": "1591.11", "side": "SELL", "hash": "9899dda6e12cf1561605bda36fbd84c8e424af55", "best_bid": "0.04", "best_ask": "0.5"}], "timestamp": "1769384225006", "event_type": "price_change"}}
{"_local_timestamp": "2026-01-25T23:37:05.262197+00:00", "data": {"market": "0x217ab3e6044a56cf9457920394c5af9579d94ce927355af423e94871139feaff", "price_changes": [{"asset_id": "2210708265993983762689147801479323073780948587572199581626886300743896557999", "price": "0.51", "size": "890.11", "side": "BUY", "hash": "f1613d77637b8d788df3ac9edc2554b0a4b866a5", "best_bid": "0.51", "best_ask": "0.96"}, {"asset_id": "86835732496980619146316412297038784213559700414305719756455093316634930198882", "price": "0.49", "size": "890.11", "side": "SELL", "hash": "6ac1b645f7b65069f1aaeb73e2cc2246bf4ed163", "best_bid": "0.04", "best_ask": "0.49"}], "timestamp": "1769384225007", "event_type": "price_change"}}
{"_local_timestamp": "2026-01-25T23:37:11.917905+00:00", "data": {"market": "0x217ab3e6044a56cf9457920394c5af9579d94ce927355af423e94871139feaff", "price_changes": [{"asset_id": "2210708265993983762689147801479323073780948587572199581626886300743896557999", "price": "0.5", "size": "890.11", "side": "BUY", "hash": "3cd2ffa02f698cbb517fede41912463793a71382", "best_bid": "0.51", "best_ask": "0.96"}, {"asset_id": "86835732496980619146316412297038784213559700414305719756455093316634930198882", "price": "0.5", "size": "890.11", "side": "SELL", "hash": "5dc12dabb0417ae1031ca7eae1a28982052a37a1", "best_bid": "0.04", "best_ask": "0.49"}], "timestamp": "1769384231848", "event_type": "price_change"}}
{"_local_timestamp": "2026-01-25T23:37:43.183324+00:00", "data": {"market": "0xc2f82ad8a23de9c6b1a6e96a366327c8ad5e232daefdaf7f0df80e85463d510d", "price_changes": [{"asset_id": "62411109001583922455298972447843130255598154307948739912364069789309252069685", "price": "0.04", "size": "0", "side": "BUY", "hash": "864bc64dac36385ca70ce395b8331c8ccafd17c8", "best_bid": "0.05", "best_ask": "0.96"}, {"asset_id": "48440611380139987852933521061849933535135378924528221775925871385856940146001", "price": "0.96", "size": "0", "side": "SELL", "hash": "5dcb36fc57e25b8ad94661f5d4de5c0d589541ab", "best_bid": "0.04", "best_ask": "0.95"}], "timestamp": "1769384263063", "event_type": "price_change"}}
{"_local_timestamp": "2026-01-25T23:37:43.183748+00:00", "data": {"market": "0x217ab3e6044a56cf9457920394c5af9579d94ce927355af423e94871139feaff", "price_changes": [{"asset_id": "2210708265993983762689147801479323073780948587572199581626886300743896557999", "price": "0.04", "size": "0", "side": "BUY", "hash": "80c6d210a1b886ae1ed2b0f0744d8ec19c6c46d5", "best_bid": "0.51", "best_ask": "0.96"}, {"asset_id": "86835732496980619146316412297038784213559700414305719756455093316634930198882", "price": "0.96", "size": "0", "side": "SELL", "hash": "4e5673cd951543ddb06042401bfde0713276f204", "best_bid": "0.04", "best_ask": "0.49"}], "timestamp": "1769384263063", "event_type": "price_change"}}
{"_local_timestamp": "2026-01-25T23:37:43.219559+00:00", "data": {"market": "0x217ab3e6044a56cf9457920394c5af9579d94ce927355af423e94871139feaff", "price_changes": [{"asset_id": "2210708265993983762689147801479323073780948587572199581626886300743896557999", "price": "0.51", "size": "0", "side": "BUY", "hash": "b62cd8afd90506730b98c9fa0e52190f26d5e605", "best_bid": "0.03", "best_ask": "0.96"}, {"asset_id": "86835732496980619146316412297038784213559700414305719756455093316634930198882", "price": "0.49", "size": "0", "side": "SELL", "hash": "628f44841fe7be5c93d0b6264c917da621ef8298", "best_bid": "0.04", "best_ask": "0.97"}], "timestamp": "1769384263116", "event_type": "price_change"}}
{"_local_timestamp": "2026-01-25T23:37:43.219936+00:00", "data": {"market": "0x217ab3e6044a56cf9457920394c5af9579d94ce927355af423e94871139feaff", "price_changes": [{"asset_id": "2210708265993983762689147801479323073780948587572199581626886300743896557999", "price": "0.5", "size": "0", "side": "BUY", "hash": "b62cd8afd90506730b98c9fa0e52190f26d5e605", "best_bid": "0.03", "best_ask": "0.96"}, {"asset_id": "86835732496980619146316412297038784213559700414305719756455093316634930198882", "price": "0.5", "size": "0", "side": "SELL", "hash": "628f44841fe7be5c93d0b6264c917da621ef8298", "best_bid": "0.04", "best_ask": "0.97"}], "timestamp": "1769384263116", "event_type": "price_change"}}
{"_local_timestamp": "2026-01-25T23:37:46.293456+00:00", "data": {"market": "0xc2f82ad8a23de9c6b1a6e96a366327c8ad5e232daefdaf7f0df80e85463d510d", "price_changes": [{"asset_id": "62411109001583922455298972447843130255598154307948739912364069789309252069685", "price": "0.05", "size": "0", "side": "BUY", "hash": "8794ad82af4ab9781a24de95385d3b2e51a9dd04", "best_bid": "0.02", "best_ask": "0.96"}, {"asset_id": "48440611380139987852933521061849933535135378924528221775925871385856940146001", "price": "0.95", "size": "0", "side": "SELL", "hash": "7efccbe191de1edc0c5df182e857f7035613d61f", "best_bid": "0.04", "best_ask": "0.98"}], "timestamp": "1769384266141", "event_type": "price_change"}}
{"_local_timestamp": "2026-01-25T23:37:46.457379+00:00", "data": {"market": "0xc2f82ad8a23de9c6b1a6e96a366327c8ad5e232daefdaf7f0df80e85463d510d", "price_changes": [{"asset_id": "62411109001583922455298972447843130255598154307948739912364069789309252069685", "price": "0.03", "size": "5.47", "side": "BUY", "hash": "8b187f6add7a12b041aa7b8a6b7870dc6114645d", "best_bid": "0.03", "best_ask": "0.96"}, {"asset_id": "48440611380139987852933521061849933535135378924528221775925871385856940146001", "price": "0.97", "size": "5.47", "side": "SELL", "hash": "f033fa37aec6a621593b0054ae60160903788ab7", "best_bid": "0.04", "best_ask": "0.97"}], "timestamp": "1769384266291", "event_type": "price_change"}}
{"_local_timestamp": "2026-01-25T23:38:04.863536+00:00", "data": {"market": "0x217ab3e6044a56cf9457920394c5af9579d94ce927355af423e94871139feaff", "price_changes": [{"asset_id": "2210708265993983762689147801479323073780948587572199581626886300743896557999", "price": "0.5", "size": "701", "side": "BUY", "hash": "b707bd082a5e53787a9c7677f2024723cc83d065", "best_bid": "0.5", "best_ask": "0.96"}, {"asset_id": "86835732496980619146316412297038784213559700414305719756455093316634930198882", "price": "0.5", "size": "701", "side": "SELL", "hash": "dd8d7d2f8fe9800e435454d299241610feb41867", "best_bid": "0.04", "best_ask": "0.5"}], "timestamp": "1769384284710", "event_type": "price_change"}}
{"_local_timestamp": "2026-01-25T23:38:04.931020+00:00", "data": {"market": "0x217ab3e6044a56cf9457920394c5af9579d94ce927355af423e94871139feaff", "price_changes": [{"asset_id": "2210708265993983762689147801479323073780948587572199581626886300743896557999", "price": "0.5", "size": "1591.11", "side": "BUY", "hash": "c3e38be220fa6b05aaaae69b7e97220b0834381f", "best_bid": "0.5", "best_ask": "0.96"}, {"asset_id": "86835732496980619146316412297038784213559700414305719756455093316634930198882", "price": "0.5", "size": "1591.11", "side": "SELL", "hash": "46170c3008f69d7ab1c57f95d405df578febeefd", "best_bid": "0.04", "best_ask": "0.5"}], "timestamp": "1769384284782", "event_type": "price_change"}}
{"_local_timestamp": "2026-01-25T23:38:04.939427+00:00", "data": {"market": "0x217ab3e6044a56cf9457920394c5af9579d94ce927355af423e94871139feaff", "price_changes": [{"asset_id": "2210708265993983762689147801479323073780948587572199581626886300743896557999", "price": "0.51", "size": "890.11", "side": "BUY", "hash": "61ae06c68ed42313e387fbd49fd4e76fb96b2993", "best_bid": "0.51", "best_ask": "0.96"}, {"asset_id": "86835732496980619146316412297038784213559700414305719756455093316634930198882", "price": "0.49", "size": "890.11", "side": "SELL", "hash": "12a80d91975fa49e406f072834b71a3c28216fdc", "best_bid": "0.04", "best_ask": "0.49"}], "timestamp": "1769384284783", "event_type": "price_change"}}
{"_local_timestamp": "2026-01-25T23:38:12.464504+00:00", "data": {"market": "0x217ab3e6044a56cf9457920394c5af9579d94ce927355af423e94871139feaff", "price_changes": [{"asset_id": "2210708265993983762689147801479323073780948587572199581626886300743896557999", "price": "0.5", "size": "890.11", "side": "BUY", "hash": "eff4a7c02e4e2673d5f55249e5d1568efa29103e", "best_bid": "0.51", "best_ask": "0.96"}, {"asset_id": "86835732496980619146316412297038784213559700414305719756455093316634930198882", "price": "0.5", "size": "890.11", "side": "SELL", "hash": "765a174d8f5535b8361dd20ae775bc021bc8b6fa", "best_bid": "0.04", "best_ask": "0.49"}], "timestamp": "1769384292399", "event_type": "price_change"}}
{"_local_timestamp": "2026-01-25T23:38:12.509302+00:00", "data": {"market": "0x217ab3e6044a56cf9457920394c5af9579d94ce927355af423e94871139feaff", "price_changes": [{"asset_id": "2210708265993983762689147801479323073780948587572199581626886300743896557999", "price": "0.5", "size": "0", "side": "BUY", "hash": "b0997571d15e613111b98ff7c3d009f848f9627f", "best_bid": "0.51", "best_ask": "0.96"}, {"asset_id": "86835732496980619146316412297038784213559700414305719756455093316634930198882", "price": "0.5", "size": "0", "side": "SELL", "hash": "4e853d602defc6b4a99249fb49f1e0cab6e4660f", "best_bid": "0.04", "best_ask": "0.49"}], "timestamp": "1769384292435", "event_type": "price_change"}}
{"_local_timestamp": "2026-01-25T23:39:05.358037+00:00", "data": {"market": "0x217ab3e6044a56cf9457920394c5af9579d94ce927355af423e94871139feaff", "price_changes": [{"asset_id": "2210708265993983762689147801479323073780948587572199581626886300743896557999", "price": "0.5", "size": "701", "side": "BUY", "hash": "c2f7fe1c497a517679f8de31bbf371b5bcbd3e2f", "best_bid": "0.51", "best_ask": "0.96"}, {"asset_id": "86835732496980619146316412297038784213559700414305719756455093316634930198882", "price": "0.5", "size": "701", "side": "SELL", "hash": "68cd692ff084ebdb1edfe976f5d294a49c271ca5", "best_bid": "0.04", "best_ask": "0.49"}], "timestamp": "1769384345291", "event_type": "price_change"}}
{"_local_timestamp": "2026-01-25T23:39:05.581942+00:00", "data": {"market": "0x217ab3e6044a56cf9457920394c5af9579d94ce927355af423e94871139feaff", "price_changes": [{"asset_id": "2210708265993983762689147801479323073780948587572199581626886300743896557999", "price": "0.5", "size": "1591.11", "side": "BUY", "hash": "94a2f366824f1565ecca9daceecf626a26e3ca46", "best_bid": "0.51", "best_ask": "0.96"}, {"asset_id": "86835732496980619146316412297038784213559700414305719756455093316634930198882", "price": "0.5", "size": "1591.11", "side": "SELL", "hash": "4a3571f97dba846ffd37c9d1d6b3471c40156087", "best_bid": "0.04", "best_ask": "0.49"}], "timestamp": "1769384345509", "event_type": "price_change"}}
{"_local_timestamp": "2026-01-25T23:39:12.235447+00:00", "data": {"market": "0xc2f82ad8a23de9c6b1a6e96a366327c8ad5e232daefdaf7f0df80e85463d510d", "price_changes": [{"asset_id": "62411109001583922455298972447843130255598154307948739912364069789309252069685", "price": "0.04", "size": "29.99", "side": "BUY", "hash": "f337af8d6afd8a38e4ab97a86a5a6e189c7c77cf", "best_bid": "0.04", "best_ask": "0.96"}, {"asset_id": "48440611380139987852933521061849933535135378924528221775925871385856940146001", "price": "0.96", "size": "29.99", "side": "SELL", "hash": "49f61b294537386e03c85857ed171f8815ed8129", "best_bid": "0.04", "best_ask": "0.96"}], "timestamp": "1769384351906", "event_type": "price_change"}}
{"_local_timestamp": "2026-01-25T23:39:13.121195+00:00", "data": {"market": "0x217ab3e6044a56cf9457920394c5af9579d94ce927355af423e94871139feaff", "price_changes": [{"asset_id": "2210708265993983762689147801479323073780948587572199581626886300743896557999", "price": "0.5", "size": "890.11", "side": "BUY", "hash": "fd249793e2d914706f59ea0cdb400da245f775a9", "best_bid": "0.51", "best_ask": "0.96"}, {"asset_id": "86835732496980619146316412297038784213559700414305719756455093316634930198882", "price": "0.5", "size": "890.11", "side": "SELL", "hash": "0a3270a1eb9ad033e889d641bdad02fd2a60fb21", "best_bid": "0.04", "best_ask": "0.49"}], "timestamp": "1769384353018", "event_type": "price_change"}}
{"_local_timestamp": "2026-01-25T23:39:15.205844+00:00", "data": {"market": "0xc2f82ad8a23de9c6b1a6e96a366327c8ad5e232daefdaf7f0df80e85463d510d", "price_changes": [{"asset_id": "62411109001583922455298972447843130255598154307948739912364069789309252069685", "price": "0.03", "size": "0", "side": "BUY", "hash": "8955b5337a87c011c35a61275b2858eaee467b2a", "best_bid": "0.04", "best_ask": "0.96"}, {"asset_id": "48440611380139987852933521061849933535135378924528221775925871385856940146001", "price": "0.97", "size": "0", "side": "SELL", "hash": "8fc303e008a31d60fe1f2e59229865faebd90ab5", "best_bid": "0.04", "best_ask": "0.96"}], "timestamp": "1769384355090", "event_type": "price_change"}}
{"_local_timestamp": "2026-01-25T23:39:15.557251+00:00", "data": {"market": "0xc2f82ad8a23de9c6b1a6e96a366327c8ad5e232daefdaf7f0df80e85463d510d", "price_changes": [{"asset_id": "62411109001583922455298972447843130255598154307948739912364069789309252069685", "price": "0.05", "size": "5.47", "side": "BUY", "hash": "f36ba108682fdb8b4b0ed5c1f686131bbfc858dd", "best_bid": "0.05", "best_ask": "0.96"}, {"asset_id": "48440611380139987852933521061849933535135378924528221775925871385856940146001", "price": "0.95", "size": "5.47", "side": "SELL", "hash": "751161487ff9114f559809fce045264035b40810", "best_bid": "0.04", "best_ask": "0.95"}], "timestamp": "1769384355489", "event_type": "price_change"}}
{"_local_timestamp": "2026-01-25T23:39:51.324023+00:00", "data": {"market": "0x217ab3e6044a56cf9457920394c5af9579d94ce927355af423e94871139feaff", "price_changes": [{"asset_id": "2210708265993983762689147801479323073780948587572199581626886300743896557999", "price": "0.01", "size": "12299.42", "side": "BUY", "hash": "c0644a124cc58116b4e6d19d1fc0aadbb4fa550a", "best_bid": "0.51", "best_ask": "0.96"}, {"asset_id": "86835732496980619146316412297038784213559700414305719756455093316634930198882", "price": "0.99", "size": "12299.42", "side": "SELL", "hash": "97701c0c19467a576b458e94024d83fd78267227", "best_bid": "0.04", "best_ask": "0.49"}], "timestamp": "1769384391256", "event_type": "price_change"}}
{"_local_timestamp": "2026-01-25T23:39:51.379203+00:00", "data": {"market": "0x217ab3e6044a56cf9457920394c5af9579d94ce927355af423e94871139feaff", "price_changes": [{"asset_id": "2210708265993983762689147801479323073780948587572199581626886300743896557999", "price": "0.51", "size": "0", "side": "BUY", "hash": "f08ef56cf424f190eb2f478611b76f37c402c162", "best_bid": "0.03", "best_ask": "0.96"}, {"asset_id": "86835732496980619146316412297038784213559700414305719756455093316634930198882", "price": "0.49", "size": "0", "side": "SELL", "hash": "ce31fb31662b4f71bebd570356a65f7e362274ce", "best_bid": "0.04", "best_ask": "0.97"}], "timestamp": "1769384391297", "event_type": "price_change"}}
{"_local_timestamp": "2026-01-25T23:39:51.411186+00:00", "data": {"market": "0x217ab3e6044a56cf9457920394c5af9579d94ce927355af423e94871139feaff", "price_changes": [{"asset_id": "2210708265993983762689147801479323073780948587572199581626886300743896557999", "price": "0.5", "size": "0", "side": "BUY", "hash": "f08ef56cf424f190eb2f478611b76f37c402c162", "best_bid": "0.03", "best_ask": "0.96"}, {"asset_id": "86835732496980619146316412297038784213559700414305719756455093316634930198882", "price": "0.5", "size": "0", "side": "SELL", "hash": "ce31fb31662b4f71bebd570356a65f7e362274ce", "best_bid": "0.04", "best_ask": "0.97"}], "timestamp": "1769384391297", "event_type": "price_change"}}
{"_local_timestamp": "2026-01-25T23:39:51.518529+00:00", "data": {"market": "0x217ab3e6044a56cf9457920394c5af9579d94ce927355af423e94871139feaff", "price_changes": [{"asset_id": "2210708265993983762689147801479323073780948587572199581626886300743896557999", "price": "0.02", "size": "1790.39", "side": "BUY", "hash": "39ce91f72d2b71b18ebebb4002923c36062ac4df", "best_bid": "0.03", "best_ask": "0.96"}, {"asset_id": "86835732496980619146316412297038784213559700414305719756455093316634930198882", "price": "0.98", "size": "1790.39", "side": "SELL", "hash": "70221d681f9adbfd16ceac06ff896bbae5d824fb", "best_bid": "0.04", "best_ask": "0.97"}], "timestamp": "1769384391452", "event_type": "price_change"}}
{"_local_timestamp": "2026-01-25T23:39:51.519041+00:00", "data": {"market": "0x217ab3e6044a56cf9457920394c5af9579d94ce927355af423e94871139feaff", "price_changes": [{"asset_id": "2210708265993983762689147801479323073780948587572199581626886300743896557999", "price": "0.02", "size": "3060.49", "side": "BUY", "hash": "a6632f2af2b94b62eef930944b5c2356cb42bcc7", "best_bid": "0.03", "best_ask": "0.96"}, {"asset_id": "86835732496980619146316412297038784213559700414305719756455093316634930198882", "price": "0.98", "size": "3060.49", "side": "SELL", "hash": "f126ff111bbae4310e60e89b9c628bd7d0a3d8af", "best_bid": "0.04", "best_ask": "0.97"}], "timestamp": "1769384391453", "event_type": "price_change"}}
{"_local_timestamp": "2026-01-25T23:39:51.519807+00:00", "data": {"market": "0x217ab3e6044a56cf9457920394c5af9579d94ce927355af423e94871139feaff", "price_changes": [{"asset_id": "2210708265993983762689147801479323073780948587572199581626886300743896557999", "price": "0.02", "size": "5057.6", "side": "BUY", "hash": "3134bb6c13a6acb0035d3766c46b288411fdee21", "best_bid": "0.03", "best_ask": "0.96"}, {"asset_id": "86835732496980619146316412297038784213559700414305719756455093316634930198882", "price": "0.98", "size": "5057.6", "side": "SELL", "hash": "3f8d0c3013c1f2cae1cdf437feb385c8570c952c", "best_bid": "0.04", "best_ask": "0.97"}], "timestamp": "1769384391453", "event_type": "price_change"}}
